3368 5362
137 284 183 339 444
205 282 332 338 eneruis
342 285 372 336 4-4
386 278 494 338 librum
508 273 676 335 secundum
688 271 857 351 compendii

138 382 343 443 vore-vnum,
380 367 600 450 supplmenlum
633 366 671 428 de
704 368 859 429 curatione

138 466 310 525 menimis
331 465 347 521 a
370 462 515 522 4444444444
545 461 720 522 nutritionis
740 458 777 519 ad
798 474 860 518 cor.

139 558 243 617 l'oriet.
267 556 353 616 ttst.
373 555 461 617 4575.
488 553 576 615 loss.
597 553 684 614 4623.
703 553 752 614 461.
767 551 859 630 Lugd.

139 654 228 711 4444.
244 652 274 707 tt.
297 649 369 708 Vide
391 646 588 708 ueroktinum
612 662 676 723 pag.
700 643 768 704 646.

178 738 386 803 annuntium
415 739 542 822 planum
564 742 593 798 in
616 738 727 799 tabulis
757 754 862 798 44444-

137 836 233 897 drus.
256 837 417 894 coutinoos
446 834 580 911 qualibet
601 831 674 892 hora
695 837 787 908 atque
809 831 864 889 mi·

140 938 213 991 44444
234 932 431 1007 :ir-‹prutinnos
454 926 611 986 domorum
639 925 740 1000 Cocli,
773 923 864 999 signi·

140 1026 297 1085 licutioruu
313 1022 478 1097 imaginum
494 1066 500 1094 ,
516 1034 631 1079 moram
651 1019 713 1077 nati
733 1019 760 1075 in
779 1024 863 1076 utero

141 1120 267 1187 44444444,
290 1132 360 1175 44444
395 1117 529 1172 tractatu
559 1109 775 1183 Nativitatem,
809 1124 864 1168 444

141 1226 200 1269 nou
220 1212 309 1267 44444444
325 1206 499 1285 irioruualos
515 1222 567 1284 pro
585 1202 720 1283 quolibet
737 1201 864 1261 Climate

141 1302 254 1363 Munda
277 1302 372 1361 Vuurt
407 1299 547 1360 l502.l.

184 1396 309 1453 l··.lltuiit
331 1394 493 1471 plusquam
525 1389 765 1469 quadringentas
793 1389 867 1446 ima·

142 1502 229 1561 444444
252 1486 442 1547 diversarum
466 1502 587 1557 ror-um,
603 1485 713 1544 artium
728 1497 868 1561 operum·

142 1598 218 1661 urio,
243 1584 317 1638 44444444
339 1580 397 1639 uult
417 1578 577 1643 duodecim
596 1577 691 1655 siguis
708 1574 822 1635 Zodiaci
837 1578 869 1632 44

144 1678 276 1737 4444444444
298 1680 415 1753 scutum
438 1689 472 1733 uo
504 1671 664 1733 (4444444444
695 1668 868 1739 mensibus,

142 1784 239 1845 turpio
261 1784 360 1826 4444444444
379 1765 529 1847 pirrgcuda
547 1766 666 1825 curavit
685 1764 714 1822 iu
734 1762 797 1822 loro
813 1776 870 1819 4444

143 1862 210 1923 4444444
236 1864 365 1921 4444444444
393 1862 498 1929 trinis,
520 1856 655 1919 aedilicio
687 1855 799 1915 Patavii
821 1868 871 1912 ce·

145 1956 303 2017 lolmrriuru
324 1971 384 2031 qim
402 1952 475 2012 444444
493 1958 555 2009 tota
574 1949 658 2007 ltalia
678 1946 873 2025 magnificen-

147 2050 207 2109 tius
216 2054 337 2105 oraturo
347 2044 449 2103 scribit
459 2044 519 2102 Nic.
529 2042 753 2103 Comnonust.l
766 2038 869 2116 pata.

190 2140 322 2197 44444444·
345 2136 474 2195 traditur
495 2152 532 2193 444
555 2134 670 2193 Graeco
686 2148 724 2192 an
743 2148 781 2190 ex
798 2129 873 2190 Ara·

147 2230 212 2288 tino
236 2227 428 2305 Hippocratis
456 2227 593 2287 libellum
614 2224 652 2284 de
684 2223 872 2301 Astrologia,

151 2320 297 2381 (4444444444
319 2320 356 2380 do
374 2320 494 2379 cholera
516 2320 600 2396 nigra
621 2323 653 2377 et
673 2316 711 2376 de
729 2317 874 2393 regimine

148 2416 302 2475 seruitutis.
318 2410 487 2472 4444444444
496 2410 601 2472 ludaei
612 2406 876 2470 ornos-aminoen

149 2525 244 2569 surae
265 2507 414 2586 quondam
438 2504 597 2583 opuscula.

189 2606 303 2663 (lmitto
324 2600 392 2676 ojus
415 2595 677 2677 Plrysiopuomiom
694 2596 796 2656 italice
812 2595 877 2656 odr-

152 2702 212 2753 tom
245 2696 346 2753 Putav.
374 2690 462 2752 4474.
485 2691 513 2748 8.
534 2688 569 2725 *⁸
589 2689 665 2750 Cum
694 2691 739 2747 444.
770 2691 874 2748 Latino

152 2794 184 2844 ot
197 2785 320 2844 Gallice.
337 2787 423 2843 Petro
438 2782 513 2842 ialso
533 2782 622 2841 tribui
645 2781 788 2842 authores
810 2783 877 2843 Tri·

155 2878 299 2947 themius,
311 2875 475 2953 Symphor.
488 2874 665 2952 Camporius
678 2881 710 2934 44
723 2873 876 2936 Nauticus.

154 2969 347 3032 Mazzuchelli
366 2986 393 3045 p.
423 2969 470 3029 to.
492 2967 700 3044 (Lucchesini.)
722 2975 753 3027 et
775 2968 878 3028 Latina

161 3067 239 3124 4448
262 3065 293 3121 8.
306 3061 512 3121 Geomonliom
534 3063 640 3121 Latino
661 3062 768 3121 venet.
791 3061 879 3122 4549.

158 3158 235 3217 4486
249 3158 276 3215 8.
288 3161 319 3214 44
331 3158 466 3215 tricasso
474 3158 634 3216 Mantuano
646 3156 810 3233 interprete
822 3155 880 3213 ita·

158 3250 214 3309 lico
237 3250 324 3311 4556.
342 3251 370 3307 8.
390 3250 607 3329 Heptastomos,
639 3248 730 3308 Paris.
749 3247 835 3308 44467.
851 3248 878 3306 8.

157 3360 227 3404 cum
246 3340 410 3403 elucidario
425 3340 649 3403 Necromuotico
669 3347 701 3399 nt
715 3337 877 3400 Elemeolis

156 3433 400 3515 liapr'cr'sntlidro
411 3439 685 3514 experimentorum
695 3431 881 3494 mirabilium

159 3530 196 3593 de
215 3528 332 3604 ooulu,
353 3528 517 3590 secuudum
548 3528 680 3589 xxiiii.
712 3524 883 3586 mansiones

159 3626 269 3687 Lunae:
283 3632 350 3686 tum
363 3624 462 3704 Opem
473 3620 552 3683 ortis
569 3621 676 3682 librum
690 3619 882 3692 Chemicum,

161 3726 195 3779 et
208 3719 342 3780 libellum
361 3719 409 3778 cui
432 3717 541 3778 titulus
563 3712 672 3775 Pollex
693 3715 759 3772 sivo
772 3709 880 3770 Iudex.

202 3812 215 3846 s
239 3810 303 3871 Non
325 3811 503 3889 ambigens,
525 3809 578 3870 sed
592 3813 675 3869 corto
693 3807 794 3866 sciens
811 3805 885 3864 scri-

163 3904 200 3963 bo
223 3906 341 3963 i’rtrum
365 3902 402 3963 de
416 3902 522 3964 Abano
542 3902 673 3963 vertisse
691 3894 823 3959 libellum
840 3893 885 3955 lu-

163 3994 325 4055 minarium
356 3996 493 4056 Abrahae
526 3995 706 4066 Avonzare,
742 3991 790 4050 cui
812 4005 886 4065 opu·

164 4090 247 4149 scuto
270 4091 418 4166 interpres
453 4088 573 4148 titulum
598 4085 705 4146 indidit
730 4081 767 4143 de
786 4078 885 4159 copsi-

163 4181 240 4241 tione
260 4195 372 4240 causae
403 4179 501 4239 crisis.
524 4182 712 4258 impressum
734 4183 782 4237 est
803 4174 885 4252 typis

166 4276 297 4336 vetustis
319 4275 347 4332 in
368 4275 397 4333 4.
420 4272 483 4332 4444
504 4280 534 4331 44
555 4289 635 4333 anno
656 4271 782 4331 incertis
803 4267 819 4303 ⁸

205 4364 352 4430 PETRUS
371 4363 521 4444 Aquerrsis
544 4364 816 4443 Archiopiscopus,
843 4361 888 4418 in·

166 4466 231 4538 444,
249 4462 364 4523 Petrus
385 4455 547 4519 Aureolus.

208 4555 355 4617 PETRUS
381 4550 417 4613 de
444 4547 574 4630 Aquilo,
607 4550 672 4611 sivo
698 4545 888 4627 Aquitanos,

167 4650 240 4712 Ord.
260 4653 363 4713 Minor.
385 4654 416 4707 et
438 4647 604 4724 Episcopus
622 4644 652 4704 S.
670 4641 776 4719 dogoli
795 4641 824 4699 io
844 4657 890 4700 re·

169 4762 228 4822 gno
248 4745 368 4824 neapol.
393 4744 500 4802 uector
521 4735 672 4820 sufficiens
697 4735 890 4813 appellatus,

169 4845 275 4899 auctor
291 4835 411 4901 Scotelli
426 4833 577 4897 sivniibri
596 4832 625 4889 in
643 4845 704 4907 quo
720 4831 778 4886 don
792 4825 891 4886 solum

172 4930 252 4990 Sooti
273 4930 409 4992 doctrina
429 4924 608 5008 compendio
634 4922 815 5002 exponitur,
836 4913 891 4976 sed

781 164 997 226 PETRUS

913 274 1004 332 etiam
1027 274 1076 332 uia
1098 274 1246 334 sternitur
1266 272 1304 334 od
1320 274 1354 335 S.
1371 258 1506 336 Thomas
1523 282 1553 335 44
1568 277 1621 337 alio·

914 383 981 426 rum
1003 363 1257 427 scholasticorum
1279 365 1428 446 dogmata
1461 368 1573 431 facilins
1590 372 1623 429 io-

915 457 1085 536 telligsodo.
1108 457 1219 519 Prodiit
1236 465 1306 537 post
1329 462 1519 521 vetustiores
1538 461 1624 522 editio

916 568 971 612 nos
992 553 1161 613 recensitus
1182 551 1201 610 4
1221 551 1350 613 Claudio
1366 550 1524 630 Stephano
1539 555 1627 615 Norei-

917 647 1006 714 44444,
1029 647 1120 705 Paris.
1144 647 1231 705 4584.
1266 646 1294 704 8.
1328 645 1464 725 Scripsit
1493 655 1627 725 praeterea

919 738 1131 820 Compendusm
1152 754 1250 817 super
1273 737 1463 816 Magistrum
1484 740 1629 801 844444444-
1678 730 1680 793 Ξ

917 850 1007 908 rum,
1029 839 1059 892 et
1080 832 1270 911 quaestiones
1286 849 1318 891 m
1339 832 1391 892 IV.
1412 829 1511 892 libros
1529 834 1629 895 senten

919 928 1031 989 tiorum
1045 928 1145 1007 justo
1166 924 1249 988 scoti
1267 924 1444 986 doctrinam
1465 926 1570 1004 Spirae
1587 929 1631 1005 pri

918 1039 1003 1082 mum
1025 1021 1114 1081 4486.
1134 1018 1244 1079 deinde
1264 1035 1338 1078 cura
1354 1019 1531 1080 Constantii
1549 1018 1630 1080 Cardi-

920 1116 996 1176 nalis
1011 1115 1138 1174 Sarnani
1155 1111 1252 1172 editas
1269 1113 1381 1171 Venet.
1403 1112 1499 1172 4584.
1516 1113 1630 1189 Deniqm

919 1207 1140 1269 Commentario
1152 1204 1182 1264 in
1198 1201 1528 1264 lidrosAristotelisds
1538 1206 1629 1263 onina.

920 1303 1011 1378 lucip.
1040 1298 1149 1359 Animo
1169 1297 1309 1358 noscitur
1329 1296 1416 1357 sicut
1436 1293 1544 1356 lobulo
1565 1312 1629 1357 4444.

921 1393 994 1454 Vide
1016 1394 1214 1453 Possevinum
1224 1436 1234 1467 ‚
1256 1389 1472 1469 Waddingum
1496 1407 1561 1468 pag.
1579 1389 1631 1450 tit

922 1487 1012 1548 lubet
1030 1487 1203 1563 etCangius
1218 1485 1369 1562 inspicere
1387 1483 1536 1545 codicem
1550 1486 1632 1544 44444·

923 1595 981 1639 444.
1004 1579 1074 1640 ital.
1094 1578 1168 1639 Bibl.
1184 1580 1214 1638 S.
1229 1578 1374 1636 Germani
1394 1575 1436 1636 de
1454 1576 1631 1637 PratisParis.

964 1674 1073 1733 PETRI
1096 1673 1116 1732 4.
1148 1670 1325 1749 4449444444
1353 1668 1448 1748 lisois
1476 1669 1630 1730 constitutio

924 1766 1074 1827 adversus
1094 1764 1262 1825 haereticos
1283 1761 1498 1839 waldenses,
1524 1761 1633 1839 uulgari

925 1867 973 1919 444
993 1858 1152 1920 Sobatatos
1172 1865 1203 1916 et
1224 1858 1380 1935 Pauperes
1397 1855 1438 1917 de
1458 1855 1596 1935 Lugdnoo
1607 1855 1632 1914 4.

926 1952 1014 2014 4497.
1034 1952 1185 2031 publicata
1206 1955 1307 2010 exstat
1330 1950 1361 2008 in
1396 1950 1515 2010 Baluzii
1542 1964 1633 2029 appen-

925 2046 992 2107 dice
1012 2045 1049 2106 ad
1081 2047 1209 2106 Marcam
1242 2041 1441 2122 Hispanicum
1477 2060 1544 2122 pag.
1565 2042 1633 2103 4384.

926 2140 1010 2200 Aliae
1030 2139 1099 2218 eius
1118 2139 1353 2198 constitutiones
1374 2152 1477 2215 usque
1498 2135 1535 2197 ad
1565 2137 1634 2197 4444

931 2227 1215 2307 seiungam.
1238 2225 1328 2288 loss.
1347 2226 1439 2286 4396.
1463 2226 1553 2287 istit.
1678 2268 1680 2287 .

968 2321 1116 2386 44444448
1136 2316 1400 2393 Arelidioconus,
1423 2320 1574 2379 incertum
1588 2313 1635 2374 idc-
1678 2314 1680 2349 ³

929 2435 1000 2479 mne
1030 2434 1100 2479 oum
1131 2412 1256 2475 4444440
1286 2413 1422 2472 Diacono
1452 2427 1546 2491 quem
1565 2408 1637 2470 collo

929 2518 1073 2590 quentem
1096 2511 1127 2570 io
1147 2507 1277 2584 Dialogis
1297 2505 1365 2564 sius
1397 2503 1519 2565 inducit
1547 2502 1639 2578 Crago

931 2608 996 2666 rius
1016 2607 1151 2680 Magnus.
1172 2599 1219 2661 Ab
1238 2595 1404 2659 Edmuodo
1424 2599 1563 2658 44444444
1588 2591 1640 2671 qui

936 2699 1004 2759 dem
1027 2704 1098 2757 tom.
1121 2697 1172 2756 ix.
1196 2697 1422 2754 monumentor.
1444 2708 1474 2768 p.
1495 2687 1564 2750 477.
1586 2686 1640 2746 ill.

932 2792 1047 2853 editum
1069 2789 1217 2850 habemus
1234 2782 1346 2845 librum
1363 2784 1401 2844 de
1420 2781 1555 2844 diuersis
1567 2794 1642 2861 quor

933 2880 1079 2946 stionidus
1096 2882 1128 2941 iu
1147 2877 1300 2940 4444444444
1322 2875 1510 2956 rropletom
1525 2891 1590 2935 44444
1604 2887 1642 2930 44·

933 2971 1141 3058 sporuiouilus
1162 2971 1246 3047 suis,
1267 2986 1360 3048 quem
1380 2968 1479 3047 iussit
1511 2969 1640 3030 Dourinns

932 3075 995 3133 44444
1024 3070 1151 3131 Carolus
1178 3064 1380 3127 transcribere
1408 3080 1448 3124 ex
1482 3060 1643 3124 authentico

934 3166 1013 3227 Petri
1035 3161 1253 3222 Archidiaconi.

975 3255 1121 3318 PETRUS
1141 3252 1178 3314 de
1198 3250 1384 3332 sepontino,
1414 3248 1642 3328 Augustioiaoos

936 3337 1038 3411 nullus
1056 3350 1131 3420 luit,
1151 3363 1220 3407 nam
1242 3361 1296 3424 pro
1311 3347 1403 3404 Petro
1420 3358 1517 3421 quem
1533 3339 1570 3401 ad
1585 3339 1645 3399 Sao

936 3444 1041 3505 derum
1075 3454 1242 3521 provocans
1272 3438 1409 3515 Congius
1444 3437 1598 3506 nominat,
1621 3430 1645 3486 44

937 3534 1061 3598 sanderi
1085 3532 1157 3594 Bibl.
1178 3531 1455 3607 illauosoriptorum
1471 3528 1564 3606 Belgii
1578 3528 1646 3603 parto

938 3630 966 3688 2.
989 3646 1056 3707 pag.
1077 3627 1145 3686 446.
1169 3625 1299 3684 Thomas
1320 3622 1360 3681 de
1381 3621 1573 3698 argentina.
1589 3617 1647 3676 lire

939 3725 1011 3782 mita
1033 3721 1275 3798 Augustiniaous
1296 3720 1532 3776 memorantur:
1548 3710 1584 3771 de
1601 3720 1647 3785 quo

939 3816 1032 3886 44444,
1054 3830 1109 3872 suo
1132 3813 1206 3872 loco.

980 3898 1647 3983 PETRllSArpeotorotensis‚Carmelitacirta

939 4004 996 4063 44.
1020 4001 1107 4064 4726.
1130 4003 1259 4076 scriptor
1286 3997 1431 4055 historiae
1452 3994 1523 4054 belli
1552 3994 1648 4067 Argeo·

940 4098 1101 4155 torotensis
1123 4093 1180 4153 sub
1205 4091 1350 4151 Gualtero
1381 4089 1535 4166 Episcopo
1555 4084 1602 4162 qui
1619 4077 1647 4139 44

939 4191 975 4248 Α.
998 4188 1086 4248 isto.
1108 4187 1164 4247 iuit
1184 4184 1221 4245 ad
1243 4182 1330 4244 4463.
1348 4180 1466 4241 Laudat
1483 4176 1647 4240 Posserinos

940 4289 971 4342 et
985 4299 1023 4341 or
1039 4281 1203 4340 Possevino
1220 4276 1370 4354 Alegrius,
1384 4274 1531 4351 Congius,
1544 4269 1646 4344 aliique.

982 4375 1128 4435 PETRUS
1148 4371 1185 4432 de
1205 4366 1382 4441 Aruernis,
1403 4368 1580 4427 canonieus
1606 4362 1648 4419 44

942 4471 1079 4529 risiensis
1090 4470 1216 4545 scriptor
1228 4459 1475 4541 Quodlibetomns
1491 4463 1556 4520 44444·
1568 4457 1648 4532 Quot·

943 4562 1070 4623 4444444444
1091 4556 1382 4635 04464444444444444,
1404 4570 1486 4632 quae
1503 4544 1648 4614 4444444444·

943 4663 1012 4735 ptae
1032 4655 1166 4714 venetiis
1188 4659 1266 4711 teste
1287 4650 1449 4709 Tomasino
1477 4664 1543 4725 pag.
1563 4643 1606 4700 44.
1623 4640 1647 4692 44

943 4753 973 4809 44
996 4748 1123 4810 Abbatin
1144 4746 1268 4806 Aluensi
1289 4740 1361 4802 Ord.
1382 4742 1512 4802 Cisterc.
1543 4731 1646 4797 ditionis

946 4841 1119 4903 Leodioosis
1139 4845 1219 4899 toste
1236 4833 1370 4896 Saodero
1398 4840 1473 4892 tom.
1495 4833 1523 4891 2.
1545 4848 1571 4907 p.
1590 4821 1644 4883 444.

944 4934 1019 4998 Vide
1039 4949 1130 5014 supra
1152 4948 1218 5010 pag.
1238 4929 1307 4992 744.
1326 4928 1440 4990 Petrus
1455 4922 1493 4985 de
1511 4914 1643 4984 ,44444444
