3368 5362
100 194 137 255 16
690 191 1002 254 MAPHAEUS

98 301 161 371 cis,
186 300 271 358 Petro
288 296 331 358 dii
351 297 404 358 iial
423 299 595 375 interprete.
616 297 710 375 Lugd.
733 299 817 360 4559.
873 298 959 360 Actis
980 301 1115 361 Sanctor.
1134 305 1207 358 tom.
1229 302 1256 358 4.
1274 298 1340 375 niuji
1359 316 1424 376 pag.
1444 300 1512 360 494.
1533 318 1593 358 nir-

28 431 32 436 «
99 391 169 450 vide
191 389 372 449 Niceronum
396 398 467 449 torn.
490 386 598 451 xxvi.
621 407 686 468 pag.
709 391 758 448 89.
874 399 1011 466 morata,
1032 393 1129 451 Vitam
1151 398 1183 450 et
1205 390 1341 472 Officium
1373 392 1404 452 S.
1432 390 1596 468 Augustini

137 481 387 562 supptementum
408 479 483 542 iibri
500 483 565 544 iiii.
588 473 732 544 AEneidos
752 483 818 545 Vir·
873 490 902 544 et
920 483 1054 566 Officium
1068 483 1279 545 conversionis
1291 483 1442 562 ejusdem:
1458 489 1487 542 et
1500 485 1593 543 Viturii

95 574 229 654 gitionoe
250 593 315 654 pag.
334 576 403 637 759.
426 578 545 654 Incipit.
571 578 691 638 Turnus
712 582 747 636 ut
763 594 818 637 eoc-
873 581 902 637 44
922 576 1057 659 Officium
1074 578 1107 636 n.
1126 575 1245 637 Nicoioi
1258 574 1457 649 intaminatis,
1477 585 1509 636 et
1530 593 1594 639 cae-

98 670 192 728 tr'emo
203 668 334 729 devictus
346 671 443 730 Morte
450 668 599 751 profudit.
613 672 741 750 Saepius
753 689 820 749 pro·
875 677 939 732 tera
955 669 1512 744 444444444744444444444,1444444444
1526 672 1594 729 Poo-

98 762 194 823 dierat
215 765 245 822 iu
256 765 350 823 variis
365 763 477 841 Virgilii
495 764 698 840 editionibus,
716 773 750 825 ut
767 782 819 824 no
873 761 1042 826 nitentiuiea
1053 769 1083 824 et
1096 762 1133 823 de
1147 781 1180 823 rr
1191 762 1315 836 miliari,
1325 770 1357 822 et
1371 781 1441 822 cum
1455 761 1595 840 spientis

98 860 164 915 tare
187 872 234 915 me
253 857 373 914 memini
398 857 427 913 iii
450 856 526 916 Bibi.
558 859 683 917 Latinae
711 857 762 935 lib.
792 861 819 918 4.
875 857 981 916 multis
997 856 1106 917 librum
1122 856 1158 917 de
1174 855 1339 916 conditione
1356 854 1492 915 bumana
1506 874 1595 932 quem

89 946 161 1024 'cap
185 949 232 1008 49.
254 949 303 1010 ubi
325 951 416 1008 etiam
438 949 476 1008 dc
497 950 609 1010 Gallica
634 949 728 1026 hujus
747 967 819 1027 sup·
875 950 1087 1027 imperfectum
1111 950 1247 1027 reliquit,
1271 966 1371 1022 nemo,
1394 949 1475 1025 quod
1503 951 1592 1008 sciam

96 1039 239 1123 piemonti
258 1041 580 1120 metaphrasibPatro
601 1041 639 1102 de
658 1041 817 1104 iioucbant
873 1042 903 1098 'iu
927 1040 1024 1101 iucem
1047 1041 1180 1119 protulit.
1202 1040 1329 1100 Librum
1355 1039 1391 1100 de
1430 1038 1594 1101 Verborum

96 1132 250 1192 adornata.
873 1131 987 1210 injure
1007 1131 1090 1193 ci'vi‘ii'
1099 1131 1314 1210 significatione
1328 1151 1420 1210 quem
1440 1133 1593 1193 vicentiae

15 1213 21 1220 ⁴
135 1227 316 1304 Astyanax,
334 1230 400 1288 sive
421 1228 458 1288 de
481 1236 576 1289 morte
601 1229 816 1307 Astyanactis,
872 1225 907 1284 A.
932 1225 1021 1284 4477.
1036 1225 1151 1287 editum
1171 1227 1275 1285 scribit
1293 1227 1453 1299 simlerus,
1473 1227 1594 1286 alterius

97 1336 203 1397 poema
225 1319 303 1396 quod
327 1322 449 1399 incipit:
467 1323 571 1394 Musa,
585 1320 735 1401 referque
746 1338 818 1381 cou-
872 1318 986 1395 idapbei
1005 1336 1074 1379 esse
1093 1320 1164 1407 mibi
1183 1319 1360 1396 persuadeo.

97 1417 252 1471 sarnetum
263 1419 334 1491 post
346 1412 448 1473 diruto
463 1415 576 1494 ibojoe.
591 1433 656 1492 pag.
669 1415 737 1474 764.
751 1432 818 1490 pio·
913 1409 987 1470 *Au
1003 1411 1166 1487 iiapbaeus
1183 1413 1239 1470 iste
1252 1413 1410 1490 scripserit
1428 1411 1520 1470 libros
1537 1420 1594 1471 tres

96 1504 193 1567 dierat
213 1513 338 1566 curante
361 1510 523 1568 Laurentio
545 1507 723 1581 Abstemio,
745 1509 815 1568 Fani
871 1500 909 1561 de
928 1504 989 1562 vita
1007 1510 1038 1563 et
1055 1503 1137 1564 obitu
1157 1504 1186 1564 S.
1209 1505 1340 1564 idonicae
1364 1504 1454 1580 plone
1474 1506 1592 1581 ignoro;

99 1597 276 1668 ibiibcum
301 1600 414 1678 pseudo
446 1601 574 1661 Pindaro
608 1602 750 1662 Thebano
785 1610 816 1661 et
872 1595 945 1655 iilud
964 1602 1153 1673 compertum
1174 1595 1595 1656 mihiestindicatumaTii-

98 1693 249 1752 variorum
272 1695 557 1770 epigrammatibus,
579 1711 706 1771 quorum
742 1712 816 1753 non·
872 1689 986 1747 tbemio
1011 1705 1088 1766 opus
1105 1689 1142 1748 de
1159 1687 1299 1748 laudibus
1317 1689 1351 1748 Ι).
1368 1691 1504 1748 Monicae
1527 1689 1594 1748 libio

98 1785 179 1845 nulia
200 1786 311 1846 omissa
335 1789 363 1845 in
386 1787 518 1848 secunda
542 1789 693 1848 Francisci
712 1788 816 1847 941444-
872 1797 931 1842 uno
948 1784 1143 1856 constitisse;
1162 1798 1217 1842 nec
1233 1782 1309 1841 4ο444
1325 1781 1406 1842 aliud
1423 1788 1491 1856 est,
1510 1798 1594 1859 quain

96 1876 125 1936 di
147 1877 278 1938 editione
300 1878 334 1939 A.
354 1881 442 1940 l5i5.
471 1880 545 1940 Vide
576 1878 745 1940 additiones
778 1880 814 1940 ad
870 1891 992 1934 carmen
1012 1874 1161 1951 quoddam
1178 1875 1214 1934 ab
1243 1891 1278 1934 eo
1307 1874 1441 1947 editum,
1466 1891 1526 1952 qua
1552 1892 1595 1933 oc-

94 1970 257 2032 Naudeana
279 1988 347 2049 pag.
371 1973 444 2032 498.
870 1970 991 2029 casione
1013 1976 1145 2030 statuam
1161 1970 1195 2038 S.
1209 1970 1340 2029 iiouicae
1355 1970 1454 2027 erexit
1475 1969 1593 2039 iloinae,

141 2061 260 2124 Velleris
280 2065 371 2124 aurei
390 2065 455 2126 iibri
478 2064 526 2125 iv.
548 2083 676 2143 quorum
697 2068 814 2127 initium
870 2079 930 2139 qua
947 2061 1032 2122 dere
1051 2062 1246 2122 Tritliemius.
1268 2062 1399 2121 Carmen
1418 2079 1492 2121 vero
1519 2060 1593 2120 istud

97 2155 260 2233 Egregium
280 2173 390 2217 canere
420 2157 594 2219 AEroni‘dem
621 2160 813 2239 juvenesque
871 2154 1361 2232 prodiiteiicusumincollectione
1373 2155 1509 2214 venetiis
1520 2155 1593 2213 edita

99 2247 220 2328 Pelasgo
241 2267 307 2328 pag.
328 2251 397 2311 766.
416 2251 495 2312 Editi
515 2250 635 2314 inerant
658 2270 716 2313 una
744 2270 814 2313 cum
871 2264 949 2307 anno
969 2247 1045 2307 t320
1074 2249 1162 2308 cuius
1180 2247 1227 2307 bic
1253 2255 1300 2306 est
1325 2246 1454 2307 titulus:
1471 2263 1592 2328 opuscu-

96 2341 281 2419 Astyanacte
299 2344 379 2420 Vegii
398 2347 415 2404 4
433 2345 815 2408 Francisooiiodiodoion.
871 2337 932 2398 lum
953 2336 1118 2398 muliorum
1141 2338 1289 2399 40004044
1306 2356 1412 2398 rerum
1431 2343 1439 2414 (
1451 2342 1514 2413 sic)
1531 2357 1589 2418 444

97 2436 186 2497 4589.
210 2436 257 2497 iii.
872 2435 939 2493 443.
963 2433 1098 2510 incipite

134 2527 315 2590 Antonianos
338 2531 404 2590 sive
427 2531 464 2590 dr.
483 2532 545 2592 viia
565 2540 596 2591 44
616 2531 756 2592 laudibus
783 2532 814 2591 S·
880 2551 953 2601 salvs
971 2551 1135 2601 iuxniairuni
1151 2556 1232 2600 nister
1249 2551 1410 2600 sanctissima
1426 2550 1495 2598 saire

96 2621 238 2699 Antonii,
260 2621 335 2683 iibri
351 2625 368 2683 i
371 2627 399 2684 V.
421 2624 458 2685 ad
481 2626 652 2703 Eugenium
677 2627 724 2686 iv.
740 2641 815 2702 pag.
880 2626 952 2674 44444
967 2629 1101 2688 Augustini
1116 2628 1217 2676 ¹⁰¹¹i⁰⁸
1230 2624 1307 2686 digni
1320 2619 1420 2686 pitens.

95 2715 164 2774 773.
183 2718 276 2794 lncip.
300 2717 365 2777 Non
385 2717 433 2778 bic
450 2717 636 2795 Pegasides,
666 2736 724 2778 non
742 2718 814 2797 ficto
870 2729 949 2788 ilaec
968 2730 1031 2805 ipsa
1048 2732 1181 2787 carmina
1201 2729 1257 2803 legi
1275 2743 1388 2786 excusa
1405 2729 1433 2784 in
1457 2732 1591 2785 sanctua-

99 2813 130 2866 44
144 2806 258 2873 inania.
271 2810 438 2871 Musones
455 2812 529 2871 edit·
550 2812 709 2889 Aniwerp·
726 2810 812 2871 ⁴559·
869 2822 911 2880 rio
929 2823 1065 2897 Papiensi
1091 2819 1191 2880 iacobi
1206 2821 1300 2880 Guala
1319 2822 1469 2897 impresso
1488 2822 1587 2897 Papiae

136 2900 318 2960 Declamatio
335 2918 389 2962 seu
409 2905 576 2981 Disputatio
597 2903 675 2962 inter
695 2901 812 2975 Solem,
866 2930 915 2974 an,
933 2914 1021 2974 4505.
1041 2911 1228 2972 videmini.
1249 2914 1275 2972 4,
1294 2930 1360 2990 cap.
1381 2913 1428 2975 45,

95 2997 211 3052 ierram
233 2999 262 3052 u
280 3011 412 3066 aurum,
444 2995 586 3055 audiente
607 2995 684 3055 DEO
705 2999 737 3054 ei
762 2995 814 3055 lie
906 3004 1039 3083 naphaei
1052 3002 1332 3087 Vegiiueseitciiate
1349 3011 1378 3064 ei
1391 3002 1587 3064 misereantu-

96 3087 176 3144 ininc
197 3088 369 3146 assistente.
393 3106 457 3171 pag.
479 3087 547 3148 777.
567 3090 678 3149 Lucem
697 3089 814 3149 viderat
867 3096 950 3176 ioqui
971 3104 1056 3156 exiai
1070 3100 1168 3159 insin
1187 3099 1325 3159 nibiioiii.
1342 3100 1527 3157 pistoriensi.
1543 3098 1585 3156 vi-

95 3179 187 3237 Paris·
211 3180 263 3238 454
274 3180 301 3237 4·
324 3180 352 3238 4.
866 3190 904 3251 de
916 3188 1259 3252 Commentarioseiusd.
1271 3192 1474 3251 bibliothecae
1490 3210 1519 3269 p.
1531 3192 1557 3250 6.
1573 3190 1586 3225 ⁸

134 3272 254 3330 Praeter
272 3271 346 3331 haec
363 3273 391 3329 in
410 3273 606 3333 bibliothecis
624 3276 746 3334 Patrum
764 3272 815 3331 ob
908 3282 1013 3344 Celsus
1033 3284 1241 3358 4144444448,
1262 3283 1459 3358 Verrucium,
1479 3284 1517 3343 de
1538 3302 1585 3344 cu-

96 3365 163 3438 444,
180 3370 304 3423 exstant
322 3364 741 3446 Podoabeillpiqrammaia
753 3363 815 3423 edi·
864 3374 915 3451 jus
936 3377 1068 3454 apologia
1082 3393 1133 3452 pro
1143 3378 1296 3436 canonicis
1322 3377 1513 3452 regularibus
1523 3394 1587 3437 coii-

95 3461 126 3515 ia
155 3473 213 3518 una
234 3473 304 3517 cum
325 3458 392 3518 aliis
420 3476 437 3518 a
470 3459 635 3519 Fianchino
671 3458 812 3527 64441440,
868 3467 1583 3543 traAitiBROSlUiiiCorioianum,Eremitarum

95 3547 274 3621 Laudiensi,
296 3552 427 3612 Musicae
448 3553 523 3610 artis
540 3551 629 3611 laude
663 3550 815 3610 celebrato
868 3560 1064 3634 Generatem,
1087 3560 1156 3620 vide
1178 3563 1325 3620 Bzovium
1344 3560 1381 3620 ad
1400 3561 1435 3620 Α,
1452 3563 1542 3621 4484.
1560 3580 1585 3619 n:

96 3640 130 3701 4.
154 3643 242 3702 4434.
265 3644 295 3702 in
316 3643 362 3702 liis
379 3644 491 3719 elegiae
509 3641 545 3701 dc
565 3639 732 3721 fraudibus
759 3657 814 3699 ru·
871 3653 897 3711 4,
923 3669 986 3729 seq,

94 3732 239 3793 eticorum
256 3743 287 3793 et
308 3738 526 3812 epigrammata
549 3739 655 3793 contro
675 3737 702 3807 a)
718 3732 811 3794 vitoni
872 3815 873 3818 Ἴ
909 3743 1023 3805 Paulus
1045 3747 1250 3824 MAPHAEHS,
1276 3746 1477 3821 peronnensis,
1497 3765 1584 3825 supra

94 3825 241 3884 rusticum
260 3829 425 3903 composita
447 3828 484 3886 ab
506 3844 541 3887 eo
564 3844 643 3887 anno
667 3827 755 3887 itae.
779 3833 810 3885 et
863 3836 1046 3898 MAFFEUS.

97 3932 202 3992 poema
224 3921 272 3978 cui
294 3919 403 3979 44441103
426 3919 628 3997 4400444400,
649 3919 685 3978 Α·
722 3919 811 3979 4443·
848 3933 850 3937 ’
904 3927 1067 3990 Guilelmus
1083 3930 1585 4012 MARA.Lomorensi'st.3p.iii.

97 4006 164 4084 lpse
188 4025 258 4067 vero
285 4017 374 4071 natus
407 4012 461 4071 Ab.
498 4011 584 4072 4407.
618 4011 810 4089 praecocibus
908 4021 1588 4096 4444490908,Μ4404444444,Μανὸο4444,4444-

99 4100 188 4176 igitur
209 4103 336 4179 ingeniis
346 4102 413 4179 jure
424 4119 479 4165 suo
490 4105 709 4164 accensendus.
724 4102 808 4174 Quod
866 4109 985 4184 bailus,
1005 4113 1230 4189 Mardebunus,
1252 4115 1458 4178 Merobaudes
1475 4164 1482 4191 ‚
1505 4118 1587 4176 Mer-

99 4200 251 4270 practerea
276 4202 459 4255 memoratur
481 4214 497 4256 a
519 4196 814 4256 Trithemiodeiou·
870 4202 1026 4280 budaeus,
1049 4210 1066 4266 a
1087 4209 1230 4268 Baieoii.
1253 4212 1300 4268 50.
1335 4222 1365 4268 et
1397 4212 1495 4268 Pitsen
1522 4227 1586 4287 pag.

98 4282 186 4344 dibus
206 4284 293 4346 dinuo
303 4289 437 4347 Monicoa
451 4336 457 4360 ,
470 4295 588 4365 praeter
599 4290 813 4367 praelationem
874 4299 940 4357 485,
960 4300 1151 4376 Leyseroque
1173 4317 1239 4377 pag,
1263 4301 1331 4359 369,
1351 4301 1387 4360 de
1412 4305 1509 4377 poppis
1529 4304 1586 4361 Me.

99 4377 137 4437 de
155 4377 211 4438 boc
228 4386 405 4455 argumento
420 4380 720 4442 librisdeiiberorum
743 4381 817 4440 edu·
869 4389 909 4449 dii
932 4391 1013 4461 aevi,
1031 4400 1230 4468 cognomento
1243 4392 1357 4452 Enanae
1369 4393 1494 4467 dicitur,
1508 4393 1584 4470 quod

99 4472 217 4528 catione
238 4473 453 4548 praemissam:
478 4473 611 4549 intellige
633 4472 726 4532 libror
755 4478 816 4532 tres
869 4485 1000 4544 Evacem
1020 4482 1057 4541 de
1073 4486 1200 4560 gemmis
1218 4487 1303 4544 visus
1321 4493 1368 4544 est
1385 4488 1518 4545 carmine
1536 4504 1586 4545 eii-

99 4560 365 4623 devinetione
386 4565 420 4622 Β.
457 4563 590 4623 44οηὶ444
623 4570 652 4624 et
681 4565 816 4646 Officium
871 4577 1056 4653 presssisse,
1079 4583 1112 4635 ut
1130 4593 1198 4637 mox
1219 4594 1285 4637 sum
1305 4576 1450 4638 dicturus.
1462 4581 1583 4638 Natioue

102 4653 318 4717 Transiaiionit
339 4655 479 4734 ejusdem·
504 4654 561 4715 Sed
585 4663 615 4715 el
638 4655 711 4717 haec
732 4665 763 4716 el
787 4660 814 4716 40
870 4669 1034 4729 Britannus
1055 4686 1091 4728 ex
1114 4672 1254 4748 Magistro
1275 4669 1451 4730 scholarum
1474 4679 1502 4730 44
1531 4670 1584 4730 Ar-

871 4758 1047 4821 cbidiacono
1081 4762 1292 4839 Andegavensi
1327 4764 1495 4841 Episcopus
1527 4765 1580 4822 An.

140 4867 165 4924 a)
184 4868 247 4915 nn
261 4867 349 4915 torna
360 4867 452 4929 perspi
467 4905 474 4927 ,
492 4867 593 4916 aerarii
605 4868 739 4916 mironio
754 4881 820 4915 min.
872 4853 960 4913 4096.
983 4851 1170 4917 liedoncnsis
1198 4859 1227 4915 iii
1256 4858 1407 4918 Britannia
1429 4857 1578 4919 Armorica
