3368 5362
65 231 69 238 .
149 183 209 245 278

149 293 241 353 403044
264 291 298 350 V.
319 296 349 349 et
370 289 475 349 loanni
497 289 591 350 xxti.
615 304 761 366 perquam
793 286 864 347 cha·

147 402 201 447 rus
217 392 249 444 et
266 383 436 455 familiaris,
455 383 560 443 Lector
576 381 762 455 Parisieasis,
782 381 865 442 Nun-

148 480 214 539 0403
229 477 419 556 Apostolicus
439 473 475 535 ad
498 475 658 538 Sullanum
675 474 863 551 Babyloniae,

148 574 270 649 scripsit
291 567 498 649 compendium
520 567 716 638 historiarum
744 565 865 628 Ordinis

149 664 321 737 hiinornm,
343 667 372 722 et
387 659 617 741 privilegiorum
638 659 732 721 eidem
749 676 865 720 conces
893 709 896 720 ,

148 773 259 818 soram.
290 756 403 816 0404044
434 753 522 814 0000
552 754 640 816 4340.
674 753 865 816 03330330

147 847 335 927 Wsddingus
357 865 384 925 p.
407 847 475 907 300.

187 941 378 1003 0444440008
400 937 602 1002 Callimachus
624 937 803 1019 Experiere,
816 955 867 1000 su-

146 1038 276 1122 04041
303 1053 330 1113 p.
355 1035 425 1094 300.

187 1127 436 1190 purtinensis
451 1124 566 1199 Greve,
587 1123 795 1189 Canoeharius
816 1128 871 1187 Pa-

147 1225 302 1296 risiensis,
336 1222 530 1301 Theologicae
561 1219 679 1280 scholae
711 1220 868 1279 Parisirnsi

52 1344 55 1350 ¹
147 1317 273 1396 gloriose
305 1315 452 1394 praefuit,
475 1315 656 1391 scripsitque
688 1310 723 1372 de
743 1311 870 1390 singulis

149 1407 276 1471 Psalmis
307 1422 457 1468 sermones
487 1405 561 1466 dnos
583 1402 631 1466 uel
654 1410 737 1480 tres,
760 1404 869 1489 quibos

146 1519 239 1581 usqae
260 1500 342 1561 hodie
359 1497 447 1560 molti
461 1503 589 1559 utantur
602 1496 658 1577 qui
668 1498 871 1577 praedicatio-

147 1594 194 1656 nis
214 1593 309 1678 officio
329 1610 440 1654 vocare
461 1591 632 1672 noluerint,
657 1594 761 1670 inquit
793 1595 871 1655 4430·

146 1690 227 1750 44303
247 1686 457 1749 (landavensis
477 1705 504 1749 c.
526 1688 576 1749 50.
597 1687 632 1748 04
654 1693 728 1747 3004
757 1704 871 1749 334400-

147 1799 202 1843 nes
233 1782 406 1843 CCCXXX.
438 1781 508 1841 editi
542 1783 633 1842 Paris.
667 1780 754 1842 ⁴523.
782 1782 810 1841 8.
840 1788 871 1840 34

147 1877 263 1936 Brixiae
286 1875 373 1936 4600.
395 1875 424 1933 8.
444 1876 599 1936 Summam
623 1871 793 1951 Theolnqiae
819 1873 872 1935 ad·

148 1967 194 2028 dit
214 1971 259 2028 40.
281 1968 466 2029 trithemius
489 1984 552 2045 cap.
577 1966 644 2025 465.
676 1966 870 2045 Epitaphium

150 2060 218 2138 eius
239 2068 341 2120 exstat
374 2063 402 2120 in
436 2076 543 2138 magno
579 2059 726 2121 Chronico
755 2061 872 2140 Belgica

738 177 1049 243 PlilLlPPUS

920 285 979 346 nib.
992 303 1041 347 an.
1054 284 1140 345 4501.
1155 282 1241 343 1503.
1265 281 1306 339 De
1324 278 1467 360 societate
1488 286 1518 339 et
1535 284 1634 341 soccita

918 395 995 458 quae
1016 393 1085 438 cum
1107 375 1220 435 colonis
1241 373 1319 434 fiunt
1338 372 1422 432 edita
1443 375 1573 434 vetustis
1597 382 1636 450 ty-

919 474 966 551 pis
989 472 1055 531 3403
1080 469 1144 528 1030
1165 475 1195 526 34
1216 482 1305 527 anno.
1328 465 1346 501 ⁸

962 561 1154 634 PillLlPPilS
1175 559 1304 634 Decius,
1325 560 1422 621 40403
1439 565 1472 618 34
1489 561 1552 638 1033
1570 561 1638 622 oete

921 659 984 720 bris
1006 656 1044 717 de
1066 670 1126 733 quo
1149 658 1283 732 300434.
1306 653 1325 713 3
1346 670 1377 732 0.
1400 653 1469 713 435.

960 748 1151 813 0444440008
1160 746 1432 808 Rodhamsusanus
1448 746 1578 822 hisatus
1591 748 1639 807 00

919 854 984 909 3404
1005 842 1174 920 Theologus
1196 843 1287 901 Paris.
1310 846 1341 900 34
1364 857 1402 899 ex
1426 839 1547 901 4400343
1576 842 1637 902 Coe

921 940 998 1000 nobii
1021 937 1265 998 Cisterciensium
1289 936 1450 994 Parisiensi
1469 937 1499 995 in
1523 935 1637 995 dioecesi

922 1033 1100 1103 Basileensi,
1122 1027 1368 1103 Eichstodiensis,
1391 1028 1638 1105 thicbstadianus,

923 1126 1142 1205 Eystntensis)
1175 1125 1204 1183 ia
1237 1120 1398 1182 Germania
1420 1122 1461 1182 ab
1482 1122 1542 1183 440.
1564 1124 1639 1182 4300.

923 1219 959 1281 30
984 1218 1070 1281 taut.
1093 1219 1267 1297 Episcopus.
1302 1217 1433 1294 Scripsit
1463 1215 1640 1295 00341400

923 1312 1099 1374 00044000
1125 1310 1162 1371 03
1184 1327 1243 1389 quo
1261 1310 1359 1387 40143,
1376 1309 1416 1370 30
1432 1309 1556 1371 Annam
1572 1312 1640 1371 Han

923 1409 1022 1485 gariae
1045 1406 1210 1482 Reginam,
1233 1403 1322 1463 014340
1346 1402 1465 1462 hiberti
1488 1405 1579 1483 Regis
1596 1405 1639 1464 440

926 1517 1110 1574 4030044404,
1131 1496 1225 1558 oilom
1246 1497 1277 1557 S.
1306 1494 1509 1576 Wolpurpis,
1528 1496 1637 1574 Virginis

924 1596 1002 1655 circa
1012 1594 1050 1655 Α.
1062 1592 1131 1654 780.
1149 1591 1326 1651 abbatissae
1344 1589 1632 1658 heidenheimensis,

925 1687 1037 1748 editam
1061 1688 1079 1746 0
1100 1686 1220 1746 0304340
1241 1691 1315 1743 4004.
1347 1684 1364 1742 4
1397 1681 1471 1743 1334.
1508 1684 1631 1760 autnon.

926 1790 1010 1862 parte
1041 1781 1069 1840 3.
1104 1797 1131 1858 0.
1154 1779 1223 1840 363.
1246 1779 1315 1838 005.
1336 1777 1406 1836 638.
1431 1776 1532 1853 (edit.
1562 1791 1632 1835 00440

926 1883 997 1935 4040.
1020 1875 1058 1935 tv
1087 1892 1116 1952 0.
1147 1871 1238 1947 338.)
1259 1879 1290 1930 34
1312 1871 1341 1928 40
1365 1869 1454 1930 43443
1475 1870 1630 1931 sanctona

927 1975 948 2028 4.
971 1969 989 2028 3
1013 1968 1155 2030 0304004.
1175 1967 1225 2027 hb.
1247 1983 1274 2044 p.
1298 1963 1366 2025 353.
1389 1965 1461 2025 363.
1480 1971 1516 2023 34
1536 1965 1553 2024 a
1571 1964 1635 2023 0441-

926 2079 994 2123 3340
1017 2078 1086 2123 3004
1110 2059 1247 2139 ejusdem
1279 2057 1405 2136 Philippi
1440 2060 1635 2118 commentario

150 2152 186 2214 ad
208 2154 243 2213 Α.
265 2151 352 2213 4334.
375 2170 440 2232 pag.
463 2151 531 2212 334.
565 2154 608 2213 De
640 2154 872 2215 Commentariis

150 2248 183 2306 in
202 2243 310 2307 400040
331 2253 422 2323 atque
445 2245 475 2304 in
495 2244 660 2324 Evangelia
681 2246 795 2307 videsis
829 2248 873 2307 in·
926 2247 1034 2310 elesino
1059 2245 1247 2328 Eystetensis·
1263 2243 1347 2306 Divis
1376 2240 1582 2317 tutelaribus,
1598 2240 1636 2302 68

74 2358 78 2368 ·
151 2340 194 2402 443
217 2342 245 2400 40
270 2338 404 2419 Philippo
422 2335 609 2419 Presbytero.
927 2340 1091 2416 Einhardo,
1125 2339 1311 2416 willibaldo,
1345 2345 1378 2398 34
1409 2337 1585 2419 walpurga
1602 2338 1636 2397 tn·

190 2434 383 2497 PHILIPPUS
405 2431 555 2505 00340040,
576 2450 667 2513 30043
682 2441 703 2494 4.
720 2435 738 2494 3
756 2452 784 2513 0.
803 2435 873 2496 406.
927 2434 1054 2517 golstad.
1071 2433 1166 2496 4647.
1188 2434 1216 2494 4.
1237 2439 1269 2492 34
1290 2434 1369 2492 40434
1395 2432 1538 2492 04343344
1565 2445 1635 2510 open

190 2528 382 2589 PhlLiPPUS
404 2526 600 2599 Cominocus,
621 2529 728 2607 Supt.
752 2531 778 2589 4.
801 2529 872 2590 375.
931 2538 1003 2590 4040.
1033 2531 1060 2591 Χ
1083 2528 1180 2605 Hujus
1199 2526 1323 2605 Philippi
1346 2532 1501 2588 4444343403
1513 2561 1524 2601 ,
1542 2526 1636 2585 circat

191 2622 386 2683 0444440003
412 2621 546 2684 Correus
568 2622 653 2698 434443
674 2620 784 2682 Petrus
805 2621 875 2682 Phi·
929 2627 992 2703 ipse
1027 2628 1115 2682 vocat
1146 2620 1237 2680 304440
1259 2618 1296 2680 de
1311 2616 1499 2697 postulando
1527 2617 1635 2689 414404,

154 2714 272 2794 lippus)
293 2717 476 2789 Perusinus,
501 2717 544 2774 40.
578 2717 702 2776 03440414
736 2717 897 2776 Perusini⁴
928 2725 959 2778 et
980 2717 1036 2778 alia
1058 2714 1089 2774 444
1110 2711 1636 2794 Psalmnmquortumetsspmio·

153 2808 340 2886 discipulus,
371 2807 464 2874 JCtus
495 2807 597 2870 docuit
625 2809 734 2868 003404
755 2806 873 2870 3004403
929 2814 973 2870 434
993 2814 1112 2882 noster,
1135 2825 1205 2869 curn
1235 2806 1356 2867 00404143
1391 2822 1487 2885 30034
1519 2807 1635 2884 Evange-

153 2917 207 2978 per
226 2916 322 2961 annos
343 2901 462 2960 circiter
483 2901 699 2978 quinquaginta
722 2904 872 2979 Perusiae,
929 2903 1019 2964 lium:
1041 2906 1071 2962 et
1090 2900 1219 2962 intrauit
1238 2900 1338 2961 ih'sns
1359 2898 1391 2960 40
1418 2895 1635 2973 0044344400,40

154 2995 248 3067 Pisis,
269 2995 439 3067 Ferrariae,
471 2996 606 3068 Pisauri,
628 2994 770 3074 diemque
801 2996 874 3056 obiit
928 2997 1108 3075 Episcopum
1143 2995 1352 3055 Tridentinum
1384 2998 1412 3054 31
1450 2994 1636 3069 manuscripts

155 3093 189 3148 ut
209 3093 258 3146 est
278 3085 357 3164 apud
378 3086 420 3146 40.
445 3086 623 3148 0430340040
648 3104 713 3166 pag.
742 3088 810 3150 425.
843 3096 875 3150 et
932 3093 961 3150 in
984 3090 1058 3150 Eibl.
1082 3086 1638 3160 0344040003031,4410340400.Ηο

155 3179 324 3242 0330344440
357 3180 415 3241 ha.
436 3181 524 3242 4463.
546 3189 604 3241 334.
627 3181 675 3242 77.
697 3182 764 3258 (aiii
795 3184 875 3263 3000
934 3184 1015 3245 314344
1038 3183 1216 3262 catalogum
1232 3183 1311 3243 iliius
1325 3181 1456 3242 Bibliotb
1483 3183 1638 3261 040340

154 3273 357 3352 Augustlaum
379 3272 541 3336 Oldoinum
572 3275 720 3336 Athenaei
746 3276 875 3358 Augusti
973 3277 1222 3338 0014100οδ344
1245 3272 1392 3354 Episcopo
1414 3270 1640 3336 734304400044

928 2158 1010 2217 notis
1032 2161 1064 2216 34
1085 2152 1346 2215 observationibus
1368 2150 1525 2211 4440344340
1546 2148 1580 2210 de
1597 2147 1636 2207 40

15 3398 29 3415 »
155 3385 185 3449 p.
206 3365 274 3430 att.
294 3365 330 3429 Α.
351 3366 439 3434 itti.
462 3369 551 3439 4004.
573 3370 663 3432 4404.
682 3374 791 3432 3343443
805 3372 855 3433 74.
867 3375 877 3449 )
931 3388 965 3431 04
987 3370 1264 3443 claraevallensis,
1285 3375 1317 3429 et
1337 3367 1375 3428 ab
1395 3367 1434 3428 Α.
1451 3369 1540 3429 tiss.
1560 3363 1640 3428 140044

154 3462 273 3540 Scripta
292 3460 379 3539 ejus:
402 3463 624 3525 commentaria
647 3464 678 3523 in
699 3461 792 3525 libros
823 3466 879 3528 00-
933 3464 969 3526 dc
991 3463 1184 3544 Eleemosyno
1204 3462 1309 3522 04040.
1330 3462 1460 3523 0434343.
1482 3465 1514 3521 40
1532 3453 1639 3521 dioecesi

156 3552 241 3615 dicis.
258 3553 475 3629 ¹Consiliorum
495 3558 561 3616 sive
583 3558 806 3635 Responsornm
823 3560 877 3618 vo·
934 3558 1122 3620 Carnutensi.
1139 3558 1216 3637 Ejus
1230 3553 1379 3636 1404340403
1395 3555 1481 3616 XXV.
1498 3552 1589 3615 edidit
1601 3549 1641 3611 04

156 3648 271 3712 4040403
292 3657 431 3730 0034004.
451 3649 523 3711 Vide
541 3649 673 3711 Gnidum
690 3651 877 3712 Paneirolum
934 3653 1017 3714 rolus
1048 3651 1138 3711 Viscb
1176 3668 1242 3730 pag.
1280 3650 1346 3710 336.
1370 3647 1513 3708 Bibliotb.
1537 3647 1640 3708 0434344

113 3808 116 3821 .
157 3741 195 3802 de
215 3744 303 3803 claris
324 3747 404 3804 luris
426 3743 649 3821 interpretibus.
673 3745 777 3805 0.·00.
933 3763 1062 3825 quarum
1086 3746 1231 3823 vigesima
1266 3740 1408 3802 secunda·
1424 3759 1493 3820 pag.
1517 3741 1582 3800 354.
1607 3738 1641 3792 tii

199 3836 216 3872 “
233 3838 340 3898 Petrus
355 3836 511 3918 Philippos
526 3837 561 3897 de
576 3833 787 3898 Nobilihos'de
804 3837 879 3898 Cor·
933 3840 970 3901 ad
994 3840 1189 3901 PiiibiPPUM
1218 3840 1562 3897 Praemonstratensern.
1590 3824 1641 3907 004

157 3926 214 3986 nio.
236 3930 332 4007 Super
364 3932 491 3992 Sestum
521 3931 633 3993 codicis
663 3935 877 3992 commentaria
933 3933 1029 3995 stolae
1049 3934 1106 3994 XL.
1129 3934 1157 3991 in
1179 3929 1335 3992 Bertrandi
1362 3930 1499 3988 7444343414
1521 3926 1593 3991 44401.
1607 3921 1642 3981 ci·

158 4022 305 4097 impressa
325 4024 463 4084 Perusiae
484 4042 536 4102 per
557 4025 600 4086 40.
624 4024 778 4103 Vydenast
812 4026 881 4085 Ala·
935 4035 1026 4088 34343.
1051 4027 1161 4088 000434
1182 4025 1334 4086 00040040
1358 4029 1433 4082 4040.
1466 4022 1486 4080 2
1518 4039 1548 4100 p.
1575 4013 1644 4079 titt·

161 4128 304 4172 mannum
328 4114 413 4174 4477.
435 4114 482 4175 043
505 4118 551 4177 14.
574 4121 645 4180 lun.
665 4125 771 4179 extant
788 4119 816 4177 in
836 4120 881 4178 Bi·
934 4123 982 4182 Ex
1004 4122 1051 4182 bis
1072 4119 1222 4199 Epistoias
1244 4122 1379 4196 quinque
1403 4115 1453 4175 vsi
1478 4131 1534 4174 sex
1556 4109 1644 4184 Philip

160 4205 198 4265 bi.
222 4206 313 4264 Felini
334 4206 404 4266 000.
424 4208 493 4268 388.
515 4208 712 4289 4030000033
734 4210 765 4270 40
788 4216 881 4271 mote-
936 4218 964 4295 pi
999 4214 1090 4292 hujus
1121 4227 1189 4274 esse
1222 4219 1310 4289 negat
1341 4214 1478 4269 ioannes
1501 4206 1641 4269 hirenius,

162 4298 213 4358 ria
232 4297 418 4360 Matrimonii
447 4302 476 4358 in
508 4303 578 4363 Cod.
601 4305 667 4364 390.
690 4306 749 4366 MS.
778 4307 881 4366 031404.
936 4327 1026 4389 quem
1048 4307 1118 4367 vide
1140 4323 1205 4385 pag.
1223 4308 1271 4365 68.
1289 4304 1432 4364 04014040.
1451 4295 1644 4381 generaledtt

163 4391 295 4457 Consilia
316 4393 394 4454 edita
417 4392 547 4455 Perusiis
568 4399 615 4457 tv.
638 4401 666 4458 40
689 4401 737 4460 401.
756 4402 883 4462 volumi·
936 4410 1061 4464 auteurs
1083 4401 1120 4461 de
1143 4404 1256 4463 043033
1279 4407 1352 4459 4040.
1375 4401 1387 4459 4
1416 4398 1510 4458 03443.
1530 4387 1644 4456 stist-

102 4601 133 4625 ''
207 4609 233 4667 4)
251 4608 482 4659 honorandissimo
503 4608 588 4656 'Patri
613 4609 706 4656 Fratri
722 4623 754 4656 ac
772 4610 886 4658 Domino
933 4612 1149 4674 rm.npisroprrs
1160 4612 1216 4659 sios
1227 4610 1342 4660 Domino
1352 4606 1466 4669 jubente
1483 4609 1540 4656 sios
1554 4599 1648 4669 0444444·

161 4686 213 4735 Dn.
230 4699 345 4747 magnas
362 4684 516 4746 dignitatis,
532 4682 615 4744 fratri
631 4683 730 4732 maltos
747 4685 882 4743 caritatis,
931 4695 1020 4748 sente,
1036 4688 1095 4750 ipss
1121 4687 1172 4734 seit
1199 4685 1244 4747 qai
1267 4683 1339 4734 nihil
1354 4686 1476 4749 ipnorat.
1494 4685 1559 4735 Suus
1573 4673 1646 4743 ,saetis

160 4764 250 4824 patris
270 4769 380 4811 sanotae
393 4761 544 4810 honestatis
555 4758 670 4809 Domino
684 4761 717 4809 Η.
732 4761 782 4808 Dei
794 4761 886 4821 pratia
933 4764 1042 4812 deuotus
1055 4768 1080 4810 et
1092 4760 1201 4809 humilis
1219 4759 1345 4822 quicquid
1363 4765 1454 4821 potest
1470 4755 1598 4818 obsequiis
1612 4759 1646 4795 re·

164 4837 322 4886 0440304400
336 4839 483 4900 Episcopo,
492 4836 628 4898 quondam
640 4834 720 4883 aulae
731 4836 885 4898 imperialis
932 4839 1054 4886 03430440
1069 4843 1095 4885 et
1111 4836 1242 4895 00440444,
1260 4848 1320 4883 enm
1337 4834 1426 4882 saluto
1456 4831 1515 4893 eius
1532 4829 1577 4891 0444
1590 4819 1645 4872 mii

164 4910 327 4959 cancellario
344 4914 440 4962 Frater
453 4913 606 4974 Philippus,
619 4911 770 4972 dirimatis
791 4911 890 4972 440443·
934 4913 1043 4962 salvare
1058 4924 1119 4961 nos.
