3622 5406
726 225 948 292 paraus
1520 229 1583 292 239

95 337 216 399 44411444
240 335 369 414 legatus
392 335 578 414 inpartibus
610 335 813 398 ultramarinis
867 333 941 396 labri
953 333 988 396 da
1002 333 1074 396 locis
1092 335 1230 410 Salutis,
1248 335 1284 396 ad
1300 335 1478 396 Gnibaidum
1496 336 1581 397 Casi-

94 433 123 491 iu
144 431 262 508 negotio
293 434 392 488 terrae
423 425 563 502 sanctae,
586 427 675 504 cuius
695 428 813 489 litteras
866 444 991 490 nensem
1012 435 1044 489 et
1065 428 1274 507 stabulensem
1297 428 1465 503 hbbatem,
1486 435 1582 490 etar-

94 523 274 584 borlatorias
287 519 323 582 ad
340 523 571 581 transmarinam
589 520 809 600 expeditionem
865 523 1017 600 gumentis
1038 523 1170 600 capitum
1190 522 1255 583 libri
1276 521 1312 582 de
1329 523 1582 584 4144444414-

93 615 186 676 edidit
205 615 369 676 bacharius
390 621 465 674 tom.
487 615 563 675 Vlll.
584 615 727 694 spicilegii
745 628 809 693 pag.
863 621 986 676 storum
1005 613 1151 686 caenobii,
1167 615 1346 678 casinmasis.
1370 618 1447 678 llaec
1468 619 1523 678 tria
1544 635 1583 677 err

92 707 161 770 876.
201 707 299 782 (edit.
328 723 424 768 novae
456 712 530 767 torn.
574 710 592 768 3
626 723 695 786 pag.
723 707 810 784 708.)
866 709 1034 771 liabillouio
1054 706 1184 768 reddidit
1204 711 1292 769 etiam
1316 708 1584 792 Edmuudusllar·

131 802 278 862 PETRUS
300 799 472 863 Casmenas
486 801 655 876 Diaconos,
671 799 811 862 laudatus
865 810 935 863 tene
953 808 1024 860 torn.
1047 801 1085 860 Vl
1109 801 1252 861 Veterum
1273 810 1535 864 monumentorum
1555 821 1583 882 p.

92 896 217 956 Baranio
237 897 365 973 scriptor
387 893 470 980 Vitae
489 895 521 955 8.
540 891 721 968 Athanasii,
739 893 812 972 Epi·
864 893 934 957 785.
956 895 1024 956 789.
1047 891 1119 956 794.
1140 893 1298 972 Deperdita
1320 904 1386 973 ejus
1403 896 1452 957 vel
1475 897 1585 958 inedita

91 991 171 1068 scopi
193 989 375 1068 Neapolitani
408 987 446 1048 ab
478 986 513 1048 Α.
535 986 663 1048 85044
686 986 757 1048 sta.
773 1003 811 1047 ex
865 1005 942 1068 quae
963 991 980 1050 a
1000 990 1087 1050 Petra
1119 988 1184 1066 ipso
1215 989 1279 1048 sive
1300 1003 1335 1048 ea
1355 992 1406 1067 qui
1428 996 1518 1070 caput
1540 993 1585 1053 ul-

92 1101 149 1161 qua
171 1075 343 1161 plnra'ipse
364 1081 401 1144 ad
431 1081 496 1142 illos
525 1097 621 1142 annos
642 1086 673 1141 44
694 1078 732 1141 44
754 1079 813 1141 44.
865 1085 973 1142 44444
1006 1081 1080 1157 libro
1102 1079 1169 1159 ejus
1195 1076 1233 1141 d'e
1254 1082 1422 1144 illustribus
1442 1086 1585 1146 casinen-

93 1175 159 1238 864.
182 1177 216 1236 14
238 1176 322 1236 Actis
343 1175 522 1236 Sanctarum
542 1180 644 1235 auteur
663 1180 685 1233 t.
705 1175 722 1232 4
741 1171 810 1234 iulii
866 1175 952 1236 sibus
976 1173 1113 1249 addidit,
1135 1175 1304 1236 44411444
1326 1177 1355 1235 in
1377 1179 1456 1237 notis
1483 1176 1519 1238 ad
1553 1177 1586 1238 il·

92 1269 154 1330 xv.
175 1284 242 1348 pag.
264 1266 312 1328 77.
334 1268 383 1329 84.
403 1275 473 1347 post
492 1267 665 1329 JOllliNllhl
697 1266 811 1345 Neapo-
866 1269 927 1329 lum
950 1267 1080 1343 librum,
1105 1275 1171 1328 tum
1193 1270 1211 1328 a
1232 1271 1318 1329 Petro
1340 1272 1370 1330 in
1388 1272 1587 1331 continuatio-

94 1363 237 1438 litanum,
259 1361 296 1422 de
316 1379 376 1442 quo
397 1379 488 1442 supra
510 1368 584 1422 torn.
605 1363 643 1423 lv
664 1378 720 1440 pag
738 1361 811 1422 398.
866 1379 904 1422 44
932 1361 1070 1424 chronici
1103 1362 1210 1422 Leonis
1241 1363 1411 1438 Ostiensis,
1443 1364 1586 1441 pleraque

92 1472 160 1518 cum
180 1457 260 1516 uotis
280 1457 343 1517 vita
361 1456 410 1517 illa
426 1456 585 1518 exhibetur
604 1471 662 1515 non
679 1455 736 1515 sub
758 1457 811 1515 Pe·
866 1454 1050 1533 etiamapud
1069 1455 1286 1530 Passerinum,
1304 1457 1467 1532 vossium,
1485 1459 1610 1520 alca.
1728 1464 1733 1482 '

92 1551 127 1609 tri
151 1550 290 1623 nomine,
307 1547 360 1610 sed
378 1549 519 1611 Auctoris
534 1547 709 1612 ANONYbll
726 1565 811 1609 cuae·
868 1564 960 1608 veum
983 1554 1210 1624 memorantur,
1231 1551 1316 1627 plura
1331 1559 1404 1612 suut
1421 1550 1521 1628 ibique
1538 1551 1589 1611 ob-

94 1643 130 1702 vi.
153 1642 193 1704 Et
213 1657 279 1720 pag.
301 1642 350 1702 74.
364 1641 543 1721 profitentur
560 1642 691 1702 editores
708 1657 742 1701 se
761 1657 813 1701 ne-
870 1641 938 1714 via,
960 1646 996 1701 ul
1018 1642 1035 1701 a
1057 1657 1105 1702 me
1126 1641 1176 1702 illa
1197 1641 1253 1703 hoc
1275 1643 1338 1704 loco
1360 1645 1455 1722 repeti
1474 1659 1531 1704 uon
1550 1647 1590 1704 sit

92 1738 170 1796 scire
192 1735 271 1796 unde
289 1739 410 1798 Petrum
430 1737 591 1796 Diaconum
616 1736 811 1796 casinensem
875 1749 1011 1793 necesse.
1094 1753 1098 1761 ¹

94 1829 187 1890 seculi
213 1831 484 1908 noni'scriptorem
506 1830 653 1907 Baropius
673 1830 795 1891 eruerit.
905 1827 1052 1888 PETRUS
1089 1826 1265 1889 Cassiodori
1292 1829 1328 1888 F.
1354 1829 1576 1890 1441444444

130 1923 280 1984 PETRUS
305 1922 468 1984 Monachus
506 1929 537 1983 et
568 1922 816 1984 bibliothecarius
869 1920 937 1998 glas
957 1922 1037 1982 circa
1059 1920 1096 1981 Α.
1121 1921 1207 1983 4300.
1229 1921 1317 2000 cujus
1338 1930 1440 1985 exstat
1456 1924 1589 2004 Epistola

94 2015 293 2089 casinensis,
324 2017 473 2076 Diaconos
498 2015 647 2076 Ostiensis
681 2025 712 2074 et
737 2013 815 2094 apud
872 2011 1028 2075 Ecclesiae
1042 2012 1136 2075 nobili
1151 2012 1333 2094 haplicdnae
1349 2015 1380 2076 in
1398 2016 1456 2077 luto
1474 2015 1591 2078 441444-

93 2110 269 2172 444144444
292 2111 330 2171 11.
351 2113 500 2188 gratiosus
521 2111 599 2170 circa
619 2109 655 2170 Α.
673 2109 761 2170 4437.
778 2108 816 2168 44
870 2124 904 2167 re
924 2100 1104 2180 ancillulae,
1141 2110 1248 2170 Petrus
1278 2107 1361 2188 fih'us
1394 2110 1589 2182 cassiodori,

93 2219 153 2280 quo
176 2201 351 2264 blandosius
375 2205 404 2262 in
422 2202 495 2264 Bibl.
517 2205 647 2263 1144444
665 2203 816 2284 pagsbtii.
870 2198 952 2261 miles
985 2200 1172 2278 Catholicae,
1202 2201 1288 2283 papii
1319 2202 1444 2266 cliristi
1464 2204 1591 2266 devotus

93 2313 156 2375 seq.
176 2302 209 2356 et
230 2294 275 2355 14.
299 2298 436 2375 Baptista
457 2299 557 2359 144444
578 2297 614 2356 44
637 2295 815 2375 4444714-
869 2293 995 2355 salutem
1016 2299 1045 2355 44
1062 2296 1244 2376 captivitatis
1262 2299 1373 2376 jupam
1400 2297 1532 2379 abjicere
1552 2317 1589 2359 ae

93 2389 134 2452 bri
148 2388 187 2450 de
205 2388 285 2450 Viris
299 2387 473 2450 illustribus
494 2388 707 2453 casinensibus
725 2407 815 2469 quem
877 2385 1019 2448 bracium
1039 2389 1177 2468 44444444
1199 2387 1354 2452 libertatis.
1376 2393 1409 2451 14
1433 2394 1593 2455 814414414-

91 2501 160 2546 curn
183 2483 334 2545 PLhcllil
350 2485 561 2563 supplemento
578 2491 670 2562 atque
689 2485 817 2545 eruditis
872 2481 970 2560 calogo
1002 2485 1125 2543 testium
1160 2484 1302 2544 Veritatis
1324 2485 1472 2545 atinio.
1494 2485 1592 2545 Woltii

92 2580 171 2638 nutis
190 2575 286 2638 edidit
306 2579 391 2638 1144.
410 2577 500 2640 4633.
518 2579 549 2638 8.
566 2594 707 2640 recusum
722 2579 817 2638 Paris.
872 2582 944 2634 444.
977 2578 990 2636 4
1024 2576 1185 2636 144444444
1209 2577 1450 2638 memorabilium
1473 2597 1502 2658 p.
1524 2577 1592 2640 534.

92 2671 179 2732 4666.
201 2672 230 2731 8.
252 2677 283 2732 44
306 2672 334 2731 44
355 2671 430 2732 Bibl.
461 2673 582 2732 Patrum
613 2670 687 2731 edit.
716 2670 810 2748 lugd.
872 2675 904 2729 et
924 2669 1004 2746 apud
1038 2665 1215 2730 Goldastum
1237 2677 1259 2730 t.
1282 2675 1293 2731 4
1323 2671 1512 2732 monarchiae
1534 2673 1593 2732 lm·

93 2763 179 2826 4677.
201 2765 317 2826 414111
339 2764 456 2843 pilii.
490 2781 545 2824 nec
571 2781 630 2824 444
655 2766 684 2823 44
707 2764 815 2824 11414144-
870 2764 945 2840 perii
969 2767 1104 2842 pagii.
1266 2785 1268 2792 ·

93 2857 182 2918 theca
193 2858 501 2938 Ecclesiasticaquam
515 2855 593 2918 edidi
603 2853 711 2916 llamb.
725 2855 815 2917 4748.
912 2855 1056 2917 PETllUS
1074 2856 1110 2916 de
1125 2855 1301 2920 castellione
1318 2860 1431 2934 ltalus,
1453 2857 1525 2919 044.
1542 2862 1594 2922 114-

95 2949 139 3010 141.
162 2956 196 3010 44
217 2952 247 3009 44
271 2950 403 3011 thesauri
426 2952 605 3029 scriptorum
628 2949 729 3011 ltaliae
752 2951 815 3010 blu-
873 2965 939 3008 uor.
959 2948 1063 3011 444444
1091 2953 1120 3010 44
1152 2951 1312 3014 Academia
1334 2953 1596 3027 Conimbricensi,

98 3044 243 3104 ratariani
266 3049 286 3102 t.
311 3044 400 3104 Vlet
423 3042 633 3104 Burmanniaui
652 3043 734 3102 4111
753 3059 816 3120 pag.
871 3041 973 3120 ibique
995 3043 1126 3104 absolvit
1147 3046 1270 3106 brevem
1289 3047 1435 3107 lecturam
1451 3047 1482 3106 in
1502 3045 1595 3109 libros

97 3136 168 3198 389.
189 3137 314 3197 Praeter
334 3137 413 3203 hunc
435 3136 542 3198 librum
564 3137 651 3196 Petro
672 3133 818 3195 debemus
872 3135 1112 3214 Sententiarum,
1145 3146 1176 3198 et
1210 3137 1385 3215 Quodlibetu
1419 3143 1593 3219 procursu

95 3231 354 3290 continuationem
379 3227 519 3291 chronici
540 3227 713 3291 casinensis
727 3227 765 3287 ab
781 3229 815 3302 11.
873 3243 929 3288 suo
945 3229 980 3290 Α.
999 3229 1077 3292 libb
1105 3229 1187 3291 Vide
1199 3232 1400 3312 weddingum
1417 3253 1444 3312 p.
1464 3233 1532 3294 478.

9 3315 11 3414 ᾇ
97 3324 305 3400 milibusque
326 3322 383 3383 an.
407 3323 495 3384 4440.
521 3321 563 3382 Ι44
594 3339 652 3400 qua
674 3337 764 3399 supra
787 3324 816 3380 in
912 3321 1596 3402 88711118446444444114444144444414144

9 3435 11 3510 p
95 3413 231 3480 LEONE
252 3414 386 3485 Ostiensi
407 3422 429 3474 t.
452 3413 492 3476 lV
514 3431 579 3493 pag.
601 3415 744 3498 543114
767 3414 817 3474 Di·
869 3413 1595 3481 61444444114444044.(1444444.444444.4350.
1689 3427 1692 3436 ’

95 3509 256 3591 seipiriram
274 3509 477 3582 casinensem,
495 3511 574 3568 inter
585 3511 745 3587 scriptores
763 3509 818 3568 Ve-
870 3508 990 3569 Praeter
1008 3508 1261 3570 Commentariun
1278 3510 1440 3571 intertium
1454 3518 1481 3572 et
1495 3529 1589 3591 quar-

95 3607 170 3665 teris
193 3603 369 3683 disciplinae
400 3603 580 3664 blonasticae
615 3603 706 3663 Paris.
729 3601 815 3663 4724.
871 3605 932 3660 tum
949 3602 1179 3676 Sententiarum,
1200 3609 1231 3662 44
1249 3596 1593 3665 librumdeauetoritate

97 3699 124 3758 4.
147 3714 248 3776 nuper
271 3696 421 3774 vulgatam
441 3713 468 3774 p.
483 3695 532 3757 84.
555 3713 599 3755 ex·
613 3694 681 3773 ejus
698 3697 818 3758 clausu·
871 3694 1138 3774 summiPontifieis
1150 3696 1278 3757 traditur
1292 3699 1451 3778 scripsisse
1462 3700 1496 3759 41.
1510 3700 1598 3760 taba.

96 3792 224 3853 lebrevi
238 3787 498 3852 commentationis
513 3788 542 3848 ia
558 3788 700 3868 Regulam
717 3792 747 3851 S.
763 3791 818 3850 Ee·
872 3787 1037 3867 Epistulam
1062 3790 1147 3851 JEsu
1164 3790 1289 3853 CEristi
1305 3790 1434 3855 divisam
1454 3793 1483 3852 in
1502 3795 1598 3869 capita

95 3882 213 3945 44444444
223 3931 232 3957 ,
254 3881 354 3944 adhuc
380 3880 504 3941 inedita:
533 3881 713 3942 Historicam
739 3881 817 3942 rela-
872 3887 1015 3956 centum,
1032 3883 1068 3944 ad
1088 3886 1295 3946 innocentium
1317 3886 1365 3946 vt.
1387 3887 1452 3946 sive
1471 3884 1599 3948 Gentile-

95 3979 210 4038 tiauem
230 3973 266 4036 44
295 3989 419 4055 corpore
445 3975 476 4036 8.
503 3973 655 4036 Benedicti
667 3975 818 4054 ,casini,
870 3972 955 4052 9444444
970 3975 1050 4039 4344
1068 3979 1181 4039 01144441
1204 3985 1308 4038 contra
1326 3977 1489 4059 Epistulam
1511 3979 1597 4040 Luci-

96 4072 128 4130 in
150 4071 240 4132 Actis
256 4069 441 4129 Sanctorum
460 4075 532 4129 tom.
554 4069 572 4128 3
593 4070 686 4130 1144444
697 4086 734 4146 p.
746 4070 819 4130 488.
870 4065 933 4148 seri
945 4069 988 4130 ud
1001 4069 1172 4133 1114444444
1188 4071 1226 4132 44
1250 4089 1307 4131 444
1326 4073 1504 4151 Apostolicis
1521 4091 1596 4152 qua-

96 4165 171 4224 888.
198 4161 345 4223 libellum
366 4159 404 4220 ad
425 4160 596 4223 conradum
618 4161 670 4220 111.
690 4161 820 4238 impera·
873 4162 999 4223 rundam
1029 4166 1180 4239 maribus,
1202 4168 1254 4244 qui
1277 4169 1305 4226 in
1329 4167 1539 4246 Apostolorum
1561 4187 1594 4228 sc

96 4263 199 4317 torem
231 4253 268 4316 dc
297 4252 374 4314 444444
405 4255 470 4314 sive
490 4254 574 4333 siglis
598 4256 819 4329 Romanorum,
873 4256 970 4318 locum
998 4262 1167 4320 sucessisse
1188 4260 1372 4338 gloriantur:
1394 4266 1536 4342 scriptam
1560 4261 1599 4322 ab

95 4350 208 4410 Vener.
231 4347 819 4426 4623444444144441448444144444
873 4349 977 4411 eodem
1010 4354 1095 4412 Petro
1125 4352 1160 4413 Α.
1184 4356 1272 4415 last.
1293 4355 1466 4434 editamque
1497 4358 1526 4415 in
1555 4358 1599 4415 lo.

98 4449 197 4520 atque
219 4443 300 4502 inter
320 4441 538 4501 Grammaticos
552 4442 675 4501 Latinas
688 4441 818 4502 Patsobii
874 4444 972 4504 wolin
1006 4446 1184 4509 lectionibus
1206 4449 1449 4510 memorabilibus
1470 4459 1492 4509 t.
1514 4452 1542 4510 4.
1571 4465 1600 4526 p.

98 4554 168 4616 pag.
195 4534 282 4596 4379.
306 4533 384 4595 4638
419 4531 514 4594 Vitam
530 4535 583 4596 88.
601 4533 775 4597 Guininanis
791 4540 821 4596 et
874 4523 1182 4620 libh'canfesrionale
1206 4541 1289 4602 Petri
1304 4543 1341 4603 ad
1361 4545 1511 4603 Bonnnem
1531 4542 1600 4602 cla-

97 4625 269 4702 Junuarii,
293 4628 322 4686 in
345 4626 428 4687 llctis
451 4626 585 4688 Sanctor.
606 4634 677 4688 tom.
700 4628 737 4694 Vl
753 4627 819 4705 llaji
875 4631 1013 4692 raevallis
1034 4633 1192 4696 4114144444.
1210 4635 1327 4697 Librum
1345 4634 1381 4694 44
1400 4633 1531 4706 somnio,
1548 4649 1600 4692 su

97 4739 169 4802 pag.
195 4717 264 4781 430.
289 4719 384 4780 Vitam
411 4719 442 4780 S.
470 4718 602 4794 Placidi,
623 4721 760 4800 discipuli
790 4722 820 4783 S.
872 4723 1128 4805 pmdefinitione,
1143 4733 1249 4789 amira
1264 4725 1597 4791 Iudaeaecouciones.

103 4811 284 4888 Benedicti,
305 4809 394 4889 cujus
414 4811 569 4890 Prologum
591 4813 673 4898 dedit
693 4812 824 4876 liabillo·
878 4819 1037 4898 Epistulas.
1070 4821 1143 4882 Vide
1175 4820 1329 4882 Vischinm
1351 4837 1378 4898 p.
1408 4819 1476 4880 466.
1507 4825 1598 4895 atque

97 4912 176 4970 rrius
206 4906 269 4968 See.
291 4908 312 4968 l.
333 4903 519 4966 benedictin.
540 4925 599 4968 una
619 4924 688 4969 curu
706 4907 823 4986 prologo
879 4913 1030 4976 Oudiuum
1050 4921 1123 4976 444.
1141 4916 1168 4976 3.
1185 4931 1251 4993 pag.
1275 4912 1362 4976 4037.
1378 4913 1597 4992 Staphorstium
