<?xml version="1.0" encoding="UTF-8"?>
<!DOCTYPE html PUBLIC "-//W3C//DTD XHTML 1.0 Transitional//EN"
    "http://www.w3.org/TR/xhtml1/DTD/xhtml1-transitional.dtd">
<html xmlns="http://www.w3.org/1999/xhtml" xml:lang="en" lang="en">
 <head>
  <title>
</title>
<meta http-equiv="Content-Type" content="text/html;charset=utf-8" />
  <meta name='ocr-system' content='tesseract 3.04.00' />
  <meta name='ocr-capabilities' content='ocr_page ocr_carea ocr_par ocr_line ocrx_word'/>
</head>
<body>
  <div class='ocr_page' id='page_1' title='image "./bibliothecalati01gallgoog_0444.png"; bbox 0 0 3658 5412; ppageno 0'>
   <div class='ocr_carea' id='block_1_1' title="bbox 789 201 1614 288">
    <p class='ocr_par' dir='ltr' id='par_1_1' title="bbox 789 201 1614 288">
     <span class='ocr_line' id='line_1_1' title="bbox 789 201 1614 288; baseline -0.004 -20"><span class='ocrx_word' id='word_1_1' title='bbox 789 201 937 268; x_wconf 78' lang='grc' dir='ltr'><strong>844Χο</strong></span> <span class='ocrx_word' id='word_1_2' title='bbox 1554 222 1614 288; x_wconf 61' lang='lat' dir='ltr'>unq</span> 
     </span>
    </p>
   </div>
   <div class='ocr_carea' id='block_1_2' title="bbox 108 305 1613 497">
    <p class='ocr_par' dir='ltr' id='par_1_2' title="bbox 108 305 1613 497">
     <span class='ocr_line' id='line_1_2' title="bbox 110 305 1613 402; baseline 0.017 -36"><span class='ocrx_word' id='word_1_3' title='bbox 110 305 172 366; x_wconf 87' lang='lat' dir='ltr'>sit:</span> <span class='ocrx_word' id='word_1_4' title='bbox 197 305 226 366; x_wconf 95' lang='lat' dir='ltr'>id</span> <span class='ocrx_word' id='word_1_5' title='bbox 238 305 318 383; x_wconf 87' lang='lat' dir='ltr'>qued</span> <span class='ocrx_word' id='word_1_6' title='bbox 336 306 524 385; x_wconf 79' lang='lat' dir='ltr'>sperlingius</span> <span class='ocrx_word' id='word_1_7' title='bbox 541 325 568 386; x_wconf 88' lang='lat' dir='ltr'>p.</span> <span class='ocrx_word' id='word_1_8' title='bbox 592 309 660 374; x_wconf 75' lang='lat' dir='ltr'>tat.</span> <span class='ocrx_word' id='word_1_9' title='bbox 689 312 834 391; x_wconf 87' lang='lat' dir='ltr'>interpre·</span> <span class='ocrx_word' id='word_1_10' title='bbox 891 312 971 390; x_wconf 84' lang='lat' dir='ltr'>pirus</span> <span class='ocrx_word' id='word_1_11' title='bbox 992 313 1183 395; x_wconf 84' lang='lat' dir='ltr'>Suenonius,</span> <span class='ocrx_word' id='word_1_12' title='bbox 1207 323 1372 402; x_wconf 85' lang='lat' dir='ltr'>Episcopus</span> <span class='ocrx_word' id='word_1_13' title='bbox 1396 326 1613 392; x_wconf 85' lang='lat' dir='ltr'>Scalholtensis</span> 
     </span>
     <span class='ocr_line' id='line_1_3' title="bbox 108 397 1610 497; baseline 0.017 -40"><span class='ocrx_word' id='word_1_14' title='bbox 108 407 195 460; x_wconf 88' lang='lat' dir='ltr'>tatur</span> <span class='ocrx_word' id='word_1_15' title='bbox 216 398 368 474; x_wconf 87' lang='lat' dir='ltr'>scribam,</span> <span class='ocrx_word' id='word_1_16' title='bbox 386 397 589 462; x_wconf 85' lang='lat' dir='ltr'>Secretarium</span> <span class='ocrx_word' id='word_1_17' title='bbox 603 422 641 477; x_wconf 87' lang='lat' dir='ltr'>,a</span> <span class='ocrx_word' id='word_1_18' title='bbox 667 405 777 479; x_wconf 86' lang='lat' dir='ltr'>man&#39;u,</span> <span class='ocrx_word' id='word_1_19' title='bbox 795 407 833 468; x_wconf 90' lang='lat' dir='ltr'>ab</span> <span class='ocrx_word' id='word_1_20' title='bbox 867 416 871 422; x_wconf 85' lang='lat'>&#39;</span> <span class='ocrx_word' id='word_1_21' title='bbox 890 407 919 466; x_wconf 92' lang='lat' dir='ltr'>in</span> <span class='ocrx_word' id='word_1_22' title='bbox 938 408 1087 486; x_wconf 78' lang='lat' dir='ltr'>islandia,</span> <span class='ocrx_word' id='word_1_23' title='bbox 1119 411 1208 494; x_wconf 81' lang='lat' dir='ltr'>cujus</span> <span class='ocrx_word' id='word_1_24' title='bbox 1235 416 1383 494; x_wconf 87' lang='lat' dir='ltr'>quaedam</span> <span class='ocrx_word' id='word_1_25' title='bbox 1411 418 1610 497; x_wconf 79' lang='lat' dir='ltr'>Coniectanea</span> 
     </span>
    </p>
   </div>
   <div class='ocr_carea' id='block_1_3' title="bbox 91 493 1668 4945">
    <p class='ocr_par' dir='ltr' id='par_1_3' title="bbox 91 493 1668 4945">
     <span class='ocr_line' id='line_1_4' title="bbox 109 493 1610 579; baseline 0.006 -14"><span class='ocrx_word' id='word_1_26' title='bbox 109 493 415 572; x_wconf 62' lang='lat' dir='ltr'>splendentesque</span> <span class='ocrx_word' id='word_1_27' title='bbox 427 495 577 558; x_wconf 89' lang='lat' dir='ltr'>scribendi</span> <span class='ocrx_word' id='word_1_28' title='bbox 591 499 833 564; x_wconf 82' lang='lat' dir='ltr'>oliiciiedrohie·</span> <span class='ocrx_word' id='word_1_29' title='bbox 893 501 923 558; x_wconf 93' lang='lat' dir='ltr'>in</span> <span class='ocrx_word' id='word_1_30' title='bbox 942 501 1057 579; x_wconf 75' lang='lat' dir='ltr'><strong>aliquot</strong></span> <span class='ocrx_word' id='word_1_31' title='bbox 1074 505 1201 566; x_wconf 78' lang='grc'><strong>84444414</strong></span> <span class='ocrx_word' id='word_1_32' title='bbox 1223 505 1285 570; x_wconf 90' lang='lat' dir='ltr'>loca</span> <span class='ocrx_word' id='word_1_33' title='bbox 1303 512 1368 568; x_wconf 88' lang='lat' dir='ltr'>sule</span> <span class='ocrx_word' id='word_1_34' title='bbox 1384 512 1511 574; x_wconf 89' lang='lat' dir='ltr'>inseruit</span> <span class='ocrx_word' id='word_1_35' title='bbox 1543 515 1610 574; x_wconf 89' lang='lat' dir='ltr'>Ste-</span> 
     </span>
     <span class='ocr_line' id='line_1_5' title="bbox 107 589 1650 683; baseline 0.014 -37"><span class='ocrx_word' id='word_1_36' title='bbox 107 589 233 664; x_wconf 90' lang='lat' dir='ltr'>plscope</span> <span class='ocrx_word' id='word_1_37' title='bbox 253 595 461 665; x_wconf 88' lang='lat' dir='ltr'>apparentem.</span> <span class='ocrx_word' id='word_1_38' title='bbox 477 590 555 660; x_wconf 89' lang='lat' dir='ltr'>Quin</span> <span class='ocrx_word' id='word_1_39' title='bbox 574 598 606 650; x_wconf 90' lang='lat' dir='ltr'>ct</span> <span class='ocrx_word' id='word_1_40' title='bbox 624 592 832 670; x_wconf 77' lang='grc'><strong>1444814444-</strong></span> <span class='ocrx_word' id='word_1_41' title='bbox 889 591 1028 671; x_wconf 85' lang='lat' dir='ltr'>phanias.</span> <span class='ocrx_word' id='word_1_42' title='bbox 1044 595 1117 658; x_wconf 84' lang='lat' dir='ltr'>Vide</span> <span class='ocrx_word' id='word_1_43' title='bbox 1131 598 1389 664; x_wconf 78' lang='lat' dir='ltr'>Commentariun</span> <span class='ocrx_word' id='word_1_44' title='bbox 1407 601 1474 680; x_wconf 85' lang='lat' dir='ltr'>ejus</span> <span class='ocrx_word' id='word_1_45' title='bbox 1501 621 1530 683; x_wconf 94' lang='lat' dir='ltr'>p.</span> <span class='ocrx_word' id='word_1_46' title='bbox 1558 607 1608 668; x_wconf 98' lang='grc'>48.</span> <span class='ocrx_word' id='word_1_47' title='bbox 1646 592 1650 600; x_wconf 77' lang='grc'><strong>’</strong></span> 
     </span>
     <span class='ocr_line' id='line_1_6' title="bbox 108 681 1040 765; baseline 0.006 -27"><span class='ocrx_word' id='word_1_48' title='bbox 108 681 182 740; x_wconf 91' lang='lat' dir='ltr'>nius</span> <span class='ocrx_word' id='word_1_49' title='bbox 203 682 232 742; x_wconf 90' lang='lat' dir='ltr'>io</span> <span class='ocrx_word' id='word_1_50' title='bbox 255 681 476 758; x_wconf 84' lang='lat' dir='ltr'>Prolegcmenis</span> <span class='ocrx_word' id='word_1_51' title='bbox 498 700 515 741; x_wconf 93' lang='lat' dir='ltr'>c</span> <span class='ocrx_word' id='word_1_52' title='bbox 547 685 593 746; x_wconf 79' lang='grc'>13.</span> <span class='ocrx_word' id='word_1_53' title='bbox 611 685 738 760; x_wconf 83' lang='lat' dir='ltr'>letetur,</span> <span class='ocrx_word' id='word_1_54' title='bbox 754 687 831 748; x_wconf 89' lang='lat' dir='ltr'>tales</span> <span class='ocrx_word' id='word_1_55' title='bbox 888 683 936 744; x_wconf 80' lang='grc'>34.</span> <span class='ocrx_word' id='word_1_56' title='bbox 955 701 1040 765; x_wconf 85' lang='lat' dir='ltr'><strong>seqq.</strong></span> 
     </span>
     <span class='ocr_line' id='line_1_7' title="bbox 106 774 1609 860; baseline 0.011 -26"><span class='ocrx_word' id='word_1_57' title='bbox 106 774 244 834; x_wconf 81' lang='lat' dir='ltr'>Clericus</span> <span class='ocrx_word' id='word_1_58' title='bbox 265 775 388 852; x_wconf 89' lang='lat' dir='ltr'>propius</span> <span class='ocrx_word' id='word_1_59' title='bbox 408 777 486 840; x_wconf 88' lang='lat' dir='ltr'>cirea</span> <span class='ocrx_word' id='word_1_60' title='bbox 508 778 651 842; x_wconf 85' lang='lat' dir='ltr'>Dominus</span> <span class='ocrx_word' id='word_1_61' title='bbox 672 795 745 844; x_wconf 90' lang='lat' dir='ltr'>suos</span> <span class='ocrx_word' id='word_1_62' title='bbox 763 797 831 842; x_wconf 87' lang='lat' dir='ltr'>ver·</span> <span class='ocrx_word' id='word_1_63' title='bbox 926 779 1086 842; x_wconf 77' lang='lat' dir='ltr'>Caeterum</span> <span class='ocrx_word' id='word_1_64' title='bbox 1104 778 1142 843; x_wconf 91' lang='lat' dir='ltr'>de</span> <span class='ocrx_word' id='word_1_65' title='bbox 1159 782 1429 860; x_wconf 84' lang='lat' dir='ltr'>Epitomatoribus,</span> <span class='ocrx_word' id='word_1_66' title='bbox 1446 787 1609 852; x_wconf 89' lang='lat' dir='ltr'>Continua-</span> 
     </span>
     <span class='ocr_line' id='line_1_8' title="bbox 106 868 1608 956; baseline 0.009 -26"><span class='ocrx_word' id='word_1_67' title='bbox 106 873 213 940; x_wconf 79' lang='lat' dir='ltr'>setos‚</span> <span class='ocrx_word' id='word_1_68' title='bbox 235 881 287 930; x_wconf 84' lang='lat' dir='ltr'>eos</span> <span class='ocrx_word' id='word_1_69' title='bbox 300 911 307 941; x_wconf 88' lang='lat'>,</span> <span class='ocrx_word' id='word_1_70' title='bbox 321 868 403 932; x_wconf 80' lang='lat' dir='ltr'>velut</span> <span class='ocrx_word' id='word_1_71' title='bbox 420 869 676 947; x_wconf 81' lang='lat' dir='ltr'>cantubemales,</span> <span class='ocrx_word' id='word_1_72' title='bbox 694 889 831 950; x_wconf 88' lang='lat' dir='ltr'>quocun-</span> <span class='ocrx_word' id='word_1_73' title='bbox 886 871 1020 946; x_wconf 90' lang='lat' dir='ltr'>toribus,</span> <span class='ocrx_word' id='word_1_74' title='bbox 1039 871 1243 940; x_wconf 82' lang='lat' dir='ltr'>laudatoribus</span> <span class='ocrx_word' id='word_1_75' title='bbox 1257 884 1288 936; x_wconf 89' lang='lat' dir='ltr'>et</span> <span class='ocrx_word' id='word_1_76' title='bbox 1305 876 1514 942; x_wconf 80' lang='lat' dir='ltr'>defensoribus</span> <span class='ocrx_word' id='word_1_77' title='bbox 1540 880 1608 956; x_wconf 82' lang='lat' dir='ltr'>ejus</span> 
     </span>
     <span class='ocr_line' id='line_1_9' title="bbox 105 961 1604 1045; baseline 0.013 -29"><span class='ocrx_word' id='word_1_78' title='bbox 105 977 170 1036; x_wconf 84' lang='lat' dir='ltr'>qne</span> <span class='ocrx_word' id='word_1_79' title='bbox 188 963 284 1034; x_wconf 90' lang='lat' dir='ltr'>irent,</span> <span class='ocrx_word' id='word_1_80' title='bbox 306 961 487 1034; x_wconf 82' lang='lat' dir='ltr'>comitatos,</span> <span class='ocrx_word' id='word_1_81' title='bbox 514 969 547 1022; x_wconf 88' lang='lat' dir='ltr'>et</span> <span class='ocrx_word' id='word_1_82' title='bbox 576 965 766 1041; x_wconf 81' lang='lat' dir='ltr'>gravioribus</span> <span class='ocrx_word' id='word_1_83' title='bbox 799 969 829 1028; x_wconf 91' lang='lat' dir='ltr'>in</span> <span class='ocrx_word' id='word_1_84' title='bbox 885 971 916 1023; x_wconf 85' lang='lat' dir='ltr'>et</span> <span class='ocrx_word' id='word_1_85' title='bbox 933 963 999 1023; x_wconf 89' lang='lat' dir='ltr'>aliis</span> <span class='ocrx_word' id='word_1_86' title='bbox 1016 981 1093 1042; x_wconf 88' lang='lat' dir='ltr'>quae</span> <span class='ocrx_word' id='word_1_87' title='bbox 1112 966 1171 1027; x_wconf 90' lang='lat' dir='ltr'>huc</span> <span class='ocrx_word' id='word_1_88' title='bbox 1186 970 1355 1045; x_wconf 78' lang='lat' dir='ltr'>pertinent,</span> <span class='ocrx_word' id='word_1_89' title='bbox 1371 971 1437 1032; x_wconf 86' lang='lat' dir='ltr'>vide</span> <span class='ocrx_word' id='word_1_90' title='bbox 1460 976 1503 1034; x_wconf 86' lang='lat' dir='ltr'>to.</span> <span class='ocrx_word' id='word_1_91' title='bbox 1533 975 1604 1036; x_wconf 90' lang='lat' dir='ltr'>bloi·</span> 
     </span>
     <span class='ocr_line' id='line_1_10' title="bbox 106 1052 1606 1136; baseline 0.009 -29"><span class='ocrx_word' id='word_1_92' title='bbox 106 1055 240 1132; x_wconf 77' lang='lat' dir='ltr'>negotiis</span> <span class='ocrx_word' id='word_1_93' title='bbox 271 1053 440 1116; x_wconf 70' lang='lat' dir='ltr'>tractandis</span> <span class='ocrx_word' id='word_1_94' title='bbox 469 1055 645 1132; x_wconf 77' lang='lat' dir='ltr'>frequenter</span> <span class='ocrx_word' id='word_1_95' title='bbox 670 1057 827 1120; x_wconf 69' lang='lat' dir='ltr'>adfuisse:</span> <span class='ocrx_word' id='word_1_96' title='bbox 886 1052 982 1114; x_wconf 84' lang='lat' dir='ltr'>letum</span> <span class='ocrx_word' id='word_1_97' title='bbox 1000 1055 1029 1114; x_wconf 91' lang='lat' dir='ltr'>in</span> <span class='ocrx_word' id='word_1_98' title='bbox 1050 1055 1172 1136; x_wconf 84' lang='lat' dir='ltr'>isagoge</span> <span class='ocrx_word' id='word_1_99' title='bbox 1183 1057 1219 1118; x_wconf 86' lang='lat' dir='ltr'>ad</span> <span class='ocrx_word' id='word_1_100' title='bbox 1241 1060 1398 1122; x_wconf 79' lang='lat' dir='ltr'>Historiam</span> <span class='ocrx_word' id='word_1_101' title='bbox 1423 1060 1606 1123; x_wconf 82' lang='lat' dir='ltr'>Chersonesi</span> 
     </span>
     <span class='ocr_line' id='line_1_11' title="bbox 103 1145 1606 1232; baseline 0.005 -26"><span class='ocrx_word' id='word_1_102' title='bbox 103 1159 185 1222; x_wconf 82' lang='lat' dir='ltr'>quae</span> <span class='ocrx_word' id='word_1_103' title='bbox 202 1147 303 1208; x_wconf 86' lang='lat' dir='ltr'>omnia</span> <span class='ocrx_word' id='word_1_104' title='bbox 319 1162 394 1209; x_wconf 90' lang='lat' dir='ltr'>sane</span> <span class='ocrx_word' id='word_1_105' title='bbox 411 1149 441 1210; x_wconf 93' lang='lat' dir='ltr'>io</span> <span class='ocrx_word' id='word_1_106' title='bbox 457 1150 683 1226; x_wconf 66' lang='lat' dir='ltr'>praepositum,</span> <span class='ocrx_word' id='word_1_107' title='bbox 705 1154 828 1228; x_wconf 73' lang='lat' dir='ltr'>maioris</span> <span class='ocrx_word' id='word_1_108' title='bbox 888 1145 1055 1208; x_wconf 82' lang='lat' dir='ltr'>Cimbricae</span> <span class='ocrx_word' id='word_1_109' title='bbox 1067 1155 1143 1226; x_wconf 88' lang='lat' dir='ltr'>part.</span> <span class='ocrx_word' id='word_1_110' title='bbox 1162 1152 1184 1210; x_wconf 92' lang='lat' dir='ltr'>l.</span> <span class='ocrx_word' id='word_1_111' title='bbox 1203 1168 1230 1230; x_wconf 94' lang='lat' dir='ltr'>p.</span> <span class='ocrx_word' id='word_1_112' title='bbox 1247 1152 1296 1213; x_wconf 87' lang='grc'>34.</span> <span class='ocrx_word' id='word_1_113' title='bbox 1308 1153 1379 1213; x_wconf 87' lang='lat' dir='ltr'>item</span> <span class='ocrx_word' id='word_1_114' title='bbox 1393 1155 1420 1212; x_wconf 92' lang='lat' dir='ltr'>in</span> <span class='ocrx_word' id='word_1_115' title='bbox 1435 1155 1606 1232; x_wconf 86' lang='lat' dir='ltr'>llypomne·</span> 
     </span>
     <span class='ocr_line' id='line_1_12' title="bbox 103 1237 1606 1318; baseline 0.006 -21"><span class='ocrx_word' id='word_1_116' title='bbox 103 1237 221 1300; x_wconf 85' lang='lat' dir='ltr'>ordinis</span> <span class='ocrx_word' id='word_1_117' title='bbox 239 1240 360 1310; x_wconf 81' lang='lat' dir='ltr'>ulrum,</span> <span class='ocrx_word' id='word_1_118' title='bbox 382 1256 441 1304; x_wconf 91' lang='lat' dir='ltr'>noo</span> <span class='ocrx_word' id='word_1_119' title='bbox 463 1243 660 1304; x_wconf 81' lang='lat' dir='ltr'>conveniunt.</span> <span class='ocrx_word' id='word_1_120' title='bbox 682 1241 755 1303; x_wconf 89' lang='lat' dir='ltr'>obiit</span> <span class='ocrx_word' id='word_1_121' title='bbox 776 1261 828 1318; x_wconf 85' lang='lat' dir='ltr'>np-</span> <span class='ocrx_word' id='word_1_122' title='bbox 885 1240 975 1298; x_wconf 89' lang='lat' dir='ltr'>matis</span> <span class='ocrx_word' id='word_1_123' title='bbox 993 1238 1123 1302; x_wconf 86' lang='lat' dir='ltr'>laudatis</span> <span class='ocrx_word' id='word_1_124' title='bbox 1137 1287 1145 1316; x_wconf 91' lang='lat'>,</span> <span class='ocrx_word' id='word_1_125' title='bbox 1161 1241 1221 1304; x_wconf 82' lang='lat' dir='ltr'>liic.</span> <span class='ocrx_word' id='word_1_126' title='bbox 1250 1245 1326 1306; x_wconf 87' lang='lat' dir='ltr'>Petri</span> <span class='ocrx_word' id='word_1_127' title='bbox 1353 1245 1479 1306; x_wconf 86' lang='lat' dir='ltr'>Sibbern</span> <span class='ocrx_word' id='word_1_128' title='bbox 1500 1247 1606 1308; x_wconf 84' lang='lat' dir='ltr'>Biblin-</span> 
     </span>
     <span class='ocr_line' id='line_1_13' title="bbox 103 1329 1602 1420; baseline 0.003 -26"><span class='ocrx_word' id='word_1_129' title='bbox 103 1339 171 1392; x_wconf 80' lang='lat' dir='ltr'>ster</span> <span class='ocrx_word' id='word_1_130' title='bbox 191 1331 551 1411; x_wconf 60' lang='lat' dir='ltr'>manualibusque</span> <span class='ocrx_word' id='word_1_131' title='bbox 575 1337 643 1410; x_wconf 83' lang='lat' dir='ltr'>ejus</span> <span class='ocrx_word' id='word_1_132' title='bbox 667 1344 825 1400; x_wconf 77' lang='lat' dir='ltr'>aeternum</span> <span class='ocrx_word' id='word_1_133' title='bbox 884 1329 1003 1394; x_wconf 89' lang='lat' dir='ltr'>thecam</span> <span class='ocrx_word' id='word_1_134' title='bbox 1023 1334 1198 1396; x_wconf 86' lang='lat' dir='ltr'>ilistoricam</span> <span class='ocrx_word' id='word_1_135' title='bbox 1216 1336 1507 1416; x_wconf 83' lang='lat' dir='ltr'>Dauo-Norvegicam</span> <span class='ocrx_word' id='word_1_136' title='bbox 1537 1356 1602 1420; x_wconf 87' lang='lat' dir='ltr'>pag.</span> 
     </span>
     <span class='ocr_line' id='line_1_14' title="bbox 103 1421 1307 1509; baseline -0.002 -24"><span class='ocrx_word' id='word_1_137' title='bbox 103 1424 187 1502; x_wconf 89' lang='lat' dir='ltr'>quod</span> <span class='ocrx_word' id='word_1_138' title='bbox 202 1426 293 1502; x_wconf 81' lang='lat' dir='ltr'>J&#39;ueeu</span> <span class='ocrx_word' id='word_1_139' title='bbox 312 1425 474 1488; x_wconf 84' lang='lat' dir='ltr'>dbsolonis</span> <span class='ocrx_word' id='word_1_140' title='bbox 489 1425 601 1508; x_wconf 73' lang='lat' dir='ltr'>laudati</span> <span class='ocrx_word' id='word_1_141' title='bbox 617 1433 827 1509; x_wconf 86' lang='lat' dir='ltr'>suscepit,eet</span> <span class='ocrx_word' id='word_1_142' title='bbox 882 1421 932 1484; x_wconf 77' lang='lat' dir='ltr'>at.</span> <span class='ocrx_word' id='word_1_143' title='bbox 951 1443 1036 1506; x_wconf 83' lang='lat' dir='ltr'>seqq.</span> <span class='ocrx_word' id='word_1_144' title='bbox 1305 1441 1307 1446; x_wconf 93' lang='lat'>·</span> 
     </span>
     <span class='ocr_line' id='line_1_15' title="bbox 103 1517 1601 1602; baseline 0.011 -24"><span class='ocrx_word' id='word_1_145' title='bbox 103 1517 243 1580; x_wconf 79' lang='grc'><strong>1114144444</strong></span> <span class='ocrx_word' id='word_1_146' title='bbox 256 1517 369 1580; x_wconf 84' lang='grc'><strong>4444144</strong></span> <span class='ocrx_word' id='word_1_147' title='bbox 379 1522 826 1602; x_wconf 81' lang='lat' dir='ltr'>aprimegeutisorigineusque</span> <span class='ocrx_word' id='word_1_148' title='bbox 924 1517 1227 1594; x_wconf 73' lang='grc' dir='ltr'><strong>414ηαὶ448480.</strong></span> <span class='ocrx_word' id='word_1_149' title='bbox 1255 1524 1293 1587; x_wconf 85' lang='lat' dir='ltr'>ab</span> <span class='ocrx_word' id='word_1_150' title='bbox 1321 1541 1347 1588; x_wconf 83' lang='lat' dir='ltr'>a·</span> <span class='ocrx_word' id='word_1_151' title='bbox 1374 1525 1540 1590; x_wconf 80' lang='grc'><strong>741-1139.</strong></span> <span class='ocrx_word' id='word_1_152' title='bbox 1572 1530 1601 1586; x_wconf 91' lang='lat' dir='ltr'>in</span> 
     </span>
     <span class='ocr_line' id='line_1_16' title="bbox 101 1611 1602 1702; baseline 0.007 -30"><span class='ocrx_word' id='word_1_153' title='bbox 101 1613 138 1674; x_wconf 86' lang='lat' dir='ltr'>ad</span> <span class='ocrx_word' id='word_1_154' title='bbox 161 1631 189 1674; x_wconf 91' lang='lat' dir='ltr'>a.</span> <span class='ocrx_word' id='word_1_155' title='bbox 210 1613 299 1674; x_wconf 89' lang='grc'><strong>4486.</strong></span> <span class='ocrx_word' id='word_1_156' title='bbox 315 1614 364 1675; x_wconf 91' lang='lat' dir='ltr'>cui</span> <span class='ocrx_word' id='word_1_157' title='bbox 378 1615 469 1676; x_wconf 86' lang='lat' dir='ltr'>etiam</span> <span class='ocrx_word' id='word_1_158' title='bbox 486 1614 579 1676; x_wconf 89' lang='lat' dir='ltr'>multa</span> <span class='ocrx_word' id='word_1_159' title='bbox 602 1617 736 1679; x_wconf 84' lang='lat' dir='ltr'>carmina</span> <span class='ocrx_word' id='word_1_160' title='bbox 754 1625 827 1680; x_wconf 89' lang='lat' dir='ltr'>sunt</span> <span class='ocrx_word' id='word_1_161' title='bbox 882 1611 988 1674; x_wconf 86' lang='lat' dir='ltr'>Codice</span> <span class='ocrx_word' id='word_1_162' title='bbox 1011 1618 1525 1682; x_wconf 73' lang='grc'><strong>44444144148.844444444414141</strong></span> <span class='ocrx_word' id='word_1_163' title='bbox 1544 1625 1602 1702; x_wconf 90' lang='lat' dir='ltr'>pri·</span> 
     </span>
     <span class='ocr_line' id='line_1_17' title="bbox 102 1707 1600 1793; baseline 0.005 -29"><span class='ocrx_word' id='word_1_164' title='bbox 102 1707 256 1776; x_wconf 77' lang='lat' dir='ltr'>immiste,</span> <span class='ocrx_word' id='word_1_165' title='bbox 276 1713 311 1770; x_wconf 91' lang='lat' dir='ltr'>ut</span> <span class='ocrx_word' id='word_1_166' title='bbox 324 1707 418 1770; x_wconf 85' lang='lat' dir='ltr'>etiam</span> <span class='ocrx_word' id='word_1_167' title='bbox 437 1709 465 1768; x_wconf 91' lang='lat' dir='ltr'>io</span> <span class='ocrx_word' id='word_1_168' title='bbox 478 1709 559 1785; x_wconf 84' lang='lat' dir='ltr'>poesi</span> <span class='ocrx_word' id='word_1_169' title='bbox 575 1707 752 1770; x_wconf 77' lang='lat' dir='ltr'>tenuitatem</span> <span class='ocrx_word' id='word_1_170' title='bbox 765 1728 825 1772; x_wconf 91' lang='lat' dir='ltr'>uon</span> <span class='ocrx_word' id='word_1_171' title='bbox 882 1723 966 1768; x_wconf 91' lang='lat' dir='ltr'>mum</span> <span class='ocrx_word' id='word_1_172' title='bbox 981 1709 1149 1784; x_wconf 88' lang='lat' dir='ltr'>inventus,</span> <span class='ocrx_word' id='word_1_173' title='bbox 1168 1717 1235 1790; x_wconf 92' lang='lat' dir='ltr'>post</span> <span class='ocrx_word' id='word_1_174' title='bbox 1249 1710 1350 1772; x_wconf 82' lang='lat' dir='ltr'>editus</span> <span class='ocrx_word' id='word_1_175' title='bbox 1368 1715 1396 1772; x_wconf 90' lang='lat' dir='ltr'>in</span> <span class='ocrx_word' id='word_1_176' title='bbox 1412 1716 1455 1776; x_wconf 86' lang='lat' dir='ltr'>lo.</span> <span class='ocrx_word' id='word_1_177' title='bbox 1482 1713 1600 1793; x_wconf 82' lang='lat' dir='ltr'>Georgii</span> 
     </span>
     <span class='ocr_line' id='line_1_18' title="bbox 101 1799 1601 1881; baseline 0.003 -22"><span class='ocrx_word' id='word_1_178' title='bbox 101 1803 243 1877; x_wconf 80' lang='lat' dir='ltr'>exiguam</span> <span class='ocrx_word' id='word_1_179' title='bbox 262 1799 439 1878; x_wconf 83' lang='lat' dir='ltr'>possederit.</span> <span class='ocrx_word' id='word_1_180' title='bbox 460 1801 493 1860; x_wconf 96' lang='lat' dir='ltr'>ln</span> <span class='ocrx_word' id='word_1_181' title='bbox 515 1801 585 1862; x_wconf 90' lang='lat' dir='ltr'>stilo</span> <span class='ocrx_word' id='word_1_182' title='bbox 606 1805 765 1881; x_wconf 87' lang='lat' dir='ltr'>praecipue</span> <span class='ocrx_word' id='word_1_183' title='bbox 778 1819 826 1868; x_wconf 86' lang='lat' dir='ltr'>se·</span> <span class='ocrx_word' id='word_1_184' title='bbox 880 1799 1005 1863; x_wconf 86' lang='lat' dir='ltr'>Eccardi</span> <span class='ocrx_word' id='word_1_185' title='bbox 1023 1802 1152 1880; x_wconf 86' lang='lat' dir='ltr'>Corpore</span> <span class='ocrx_word' id='word_1_186' title='bbox 1169 1805 1382 1868; x_wconf 83' lang='lat' dir='ltr'>ilistoricorum</span> <span class='ocrx_word' id='word_1_187' title='bbox 1397 1806 1485 1866; x_wconf 90' lang='lat' dir='ltr'>medii</span> <span class='ocrx_word' id='word_1_188' title='bbox 1498 1810 1563 1868; x_wconf 87' lang='lat' dir='ltr'>aevi</span> <span class='ocrx_word' id='word_1_189' title='bbox 1579 1814 1601 1864; x_wconf 91' lang='lat' dir='ltr'>t.</span> 
     </span>
     <span class='ocr_line' id='line_1_19' title="bbox 101 1893 1600 1978; baseline 0.003 -24"><span class='ocrx_word' id='word_1_190' title='bbox 101 1899 206 1954; x_wconf 90' lang='lat' dir='ltr'>ctetus</span> <span class='ocrx_word' id='word_1_191' title='bbox 221 1901 269 1956; x_wconf 88' lang='lat' dir='ltr'>est</span> <span class='ocrx_word' id='word_1_192' title='bbox 290 1894 441 1956; x_wconf 84' lang='lat' dir='ltr'>Valerium</span> <span class='ocrx_word' id='word_1_193' title='bbox 459 1895 622 1960; x_wconf 79' lang='lat' dir='ltr'>Maximum</span> <span class='ocrx_word' id='word_1_194' title='bbox 651 1903 683 1958; x_wconf 90' lang='lat' dir='ltr'>et</span> <span class='ocrx_word' id='word_1_195' title='bbox 708 1898 826 1960; x_wconf 87' lang='lat' dir='ltr'>liertia-</span> <span class='ocrx_word' id='word_1_196' title='bbox 881 1893 902 1952; x_wconf 91' lang='lat' dir='ltr'>l.</span> <span class='ocrx_word' id='word_1_197' title='bbox 922 1910 949 1972; x_wconf 90' lang='lat' dir='ltr'>p.</span> <span class='ocrx_word' id='word_1_198' title='bbox 964 1893 1029 1955; x_wconf 90' lang='grc'><strong>433.</strong></span> <span class='ocrx_word' id='word_1_199' title='bbox 1047 1910 1132 1974; x_wconf 88' lang='lat' dir='ltr'>seqq.</span> <span class='ocrx_word' id='word_1_200' title='bbox 1155 1896 1222 1978; x_wconf 80' lang='lat' dir='ltr'>ejus</span> <span class='ocrx_word' id='word_1_201' title='bbox 1234 1898 1389 1976; x_wconf 90' lang='lat' dir='ltr'>scriptoris</span> <span class='ocrx_word' id='word_1_202' title='bbox 1413 1901 1456 1958; x_wconf 91' lang='lat' dir='ltr'>sic</span> <span class='ocrx_word' id='word_1_203' title='bbox 1478 1905 1600 1959; x_wconf 90' lang='lat' dir='ltr'>enarrat</span> 
     </span>
     <span class='ocr_line' id='line_1_20' title="bbox 102 1986 1599 2070; baseline 0.004 -22"><span class='ocrx_word' id='word_1_204' title='bbox 102 2000 177 2048; x_wconf 91' lang='lat' dir='ltr'>num</span> <span class='ocrx_word' id='word_1_205' title='bbox 197 1987 360 2064; x_wconf 87' lang='lat' dir='ltr'>Capellam.</span> <span class='ocrx_word' id='word_1_206' title='bbox 378 1988 476 2050; x_wconf 85' lang='lat' dir='ltr'>Vitem</span> <span class='ocrx_word' id='word_1_207' title='bbox 495 1987 563 2068; x_wconf 81' lang='lat' dir='ltr'>ejus</span> <span class='ocrx_word' id='word_1_208' title='bbox 579 1989 719 2066; x_wconf 87' lang='lat' dir='ltr'>pluribus</span> <span class='ocrx_word' id='word_1_209' title='bbox 733 2008 825 2070; x_wconf 84' lang='lat' dir='ltr'>expo-</span> <span class='ocrx_word' id='word_1_210' title='bbox 881 1986 1035 2049; x_wconf 86' lang='lat' dir='ltr'>Eocardus</span> <span class='ocrx_word' id='word_1_211' title='bbox 1057 1989 1087 2048; x_wconf 93' lang='lat' dir='ltr'>in</span> <span class='ocrx_word' id='word_1_212' title='bbox 1109 1989 1308 2068; x_wconf 80' lang='lat' dir='ltr'>praefatione:</span> <span class='ocrx_word' id='word_1_213' title='bbox 1338 1992 1395 2052; x_wconf 84' lang='lat' dir='ltr'>lies</span> <span class='ocrx_word' id='word_1_214' title='bbox 1421 1989 1599 2054; x_wconf 80' lang='lat' dir='ltr'>Germaniae</span> 
     </span>
     <span class='ocr_line' id='line_1_21' title="bbox 102 2079 1599 2161; baseline 0.006 -25"><span class='ocrx_word' id='word_1_215' title='bbox 102 2080 148 2140; x_wconf 90' lang='lat' dir='ltr'>nit</span> <span class='ocrx_word' id='word_1_216' title='bbox 169 2079 343 2157; x_wconf 88' lang='lat' dir='ltr'>Stephanus</span> <span class='ocrx_word' id='word_1_217' title='bbox 363 2083 488 2144; x_wconf 83' lang='lat' dir='ltr'>loannis</span> <span class='ocrx_word' id='word_1_218' title='bbox 506 2081 688 2161; x_wconf 77' lang='lat' dir='ltr'>stephanius</span> <span class='ocrx_word' id='word_1_219' title='bbox 711 2085 740 2144; x_wconf 90' lang='lat' dir='ltr'>in</span> <span class='ocrx_word' id='word_1_220' title='bbox 756 2085 825 2146; x_wconf 84' lang='lat' dir='ltr'>Pro·</span> <span class='ocrx_word' id='word_1_221' title='bbox 880 2083 909 2141; x_wconf 87' lang='lat' dir='ltr'>et</span> <span class='ocrx_word' id='word_1_222' title='bbox 915 2079 1082 2160; x_wconf 78' lang='lat' dir='ltr'>praecipue</span> <span class='ocrx_word' id='word_1_223' title='bbox 1094 2080 1253 2142; x_wconf 77' lang='lat' dir='ltr'>Senoniae</span> <span class='ocrx_word' id='word_1_224' title='bbox 1265 2079 1394 2142; x_wconf 81' lang='lat' dir='ltr'>dilucide</span> <span class='ocrx_word' id='word_1_225' title='bbox 1406 2084 1599 2152; x_wconf 79' lang='grc'><strong>4444444444</strong></span> 
     </span>
     <span class='ocr_line' id='line_1_22' title="bbox 103 2170 1597 2253; baseline 0.007 -23"><span class='ocrx_word' id='word_1_226' title='bbox 103 2171 281 2249; x_wconf 80' lang='lat' dir='ltr'>tegumenta.</span> <span class='ocrx_word' id='word_1_227' title='bbox 878 2170 940 2234; x_wconf 82' lang='grc'><strong>4161</strong></span> <span class='ocrx_word' id='word_1_228' title='bbox 946 2175 1273 2253; x_wconf 74' lang='grc'><strong>444444414844444414</strong></span> <span class='ocrx_word' id='word_1_229' title='bbox 1281 2174 1597 2240; x_wconf 81' lang='lat' dir='ltr'>Germanicorumdr-</span> 
     </span>
     <span class='ocr_line' id='line_1_23' title="bbox 139 2265 1594 2348; baseline 0.005 -22"><span class='ocrx_word' id='word_1_230' title='bbox 139 2266 226 2342; x_wconf 87' lang='lat' dir='ltr'>Opus</span> <span class='ocrx_word' id='word_1_231' title='bbox 244 2266 300 2328; x_wconf 87' lang='lat' dir='ltr'>huo</span> <span class='ocrx_word' id='word_1_232' title='bbox 317 2265 446 2342; x_wconf 80' lang='lat' dir='ltr'>Saxonis</span> <span class='ocrx_word' id='word_1_233' title='bbox 459 2271 591 2347; x_wconf 90' lang='lat' dir='ltr'>primum</span> <span class='ocrx_word' id='word_1_234' title='bbox 610 2270 720 2348; x_wconf 90' lang='lat' dir='ltr'>prodiit</span> <span class='ocrx_word' id='word_1_235' title='bbox 747 2287 821 2337; x_wconf 89' lang='lat' dir='ltr'>cura</span> <span class='ocrx_word' id='word_1_236' title='bbox 876 2265 1147 2348; x_wconf 85' lang='lat' dir='ltr'>adieprscoporum,</span> <span class='ocrx_word' id='word_1_237' title='bbox 1172 2268 1411 2348; x_wconf 76' lang='grc'><strong>8414444444,</strong></span> <span class='ocrx_word' id='word_1_238' title='bbox 1428 2268 1594 2334; x_wconf 73' lang='grc'><strong>41664444-</strong></span> 
     </span>
     <span class='ocr_line' id='line_1_24' title="bbox 98 2357 1593 2440; baseline 0.006 -22"><span class='ocrx_word' id='word_1_239' title='bbox 98 2361 173 2436; x_wconf 80' lang='lat' dir='ltr'>llag.</span> <span class='ocrx_word' id='word_1_240' title='bbox 200 2357 378 2422; x_wconf 86' lang='lat' dir='ltr'>Cbristierni</span> <span class='ocrx_word' id='word_1_241' title='bbox 403 2363 541 2438; x_wconf 85' lang='lat' dir='ltr'>Petraei,</span> <span class='ocrx_word' id='word_1_242' title='bbox 571 2364 818 2440; x_wconf 79' lang='lat' dir='ltr'>Metropolitanus</span> <span class='ocrx_word' id='word_1_243' title='bbox 875 2375 933 2438; x_wconf 87' lang='lat' dir='ltr'>pue</span> <span class='ocrx_word' id='word_1_244' title='bbox 956 2359 1212 2420; x_wconf 83' lang='lat' dir='ltr'>Marrasleriorum</span> <span class='ocrx_word' id='word_1_245' title='bbox 1239 2359 1458 2437; x_wconf 81' lang='grc'><strong>4444641444,</strong></span> <span class='ocrx_word' id='word_1_246' title='bbox 1490 2361 1529 2424; x_wconf 86' lang='lat' dir='ltr'>ab</span> <span class='ocrx_word' id='word_1_247' title='bbox 1559 2385 1593 2428; x_wconf 88' lang='lat' dir='ltr'>eo</span> 
     </span>
     <span class='ocr_line' id='line_1_25' title="bbox 100 2448 1594 2534; baseline 0.005 -25"><span class='ocrx_word' id='word_1_248' title='bbox 100 2448 618 2530; x_wconf 76' lang='grc'><strong>4444144414414414414464444141,</strong></span> <span class='ocrx_word' id='word_1_249' title='bbox 635 2457 756 2518; x_wconf 83' lang='lat' dir='ltr'>Parisiis</span> <span class='ocrx_word' id='word_1_250' title='bbox 767 2475 820 2534; x_wconf 89' lang='lat' dir='ltr'>per</span> <span class='ocrx_word' id='word_1_251' title='bbox 874 2450 988 2513; x_wconf 78' lang='grc'><strong>44144114</strong></span> <span class='ocrx_word' id='word_1_252' title='bbox 1007 2457 1189 2528; x_wconf 83' lang='grc'><strong>4444441444,</strong></span> <span class='ocrx_word' id='word_1_253' title='bbox 1208 2457 1242 2514; x_wconf 88' lang='lat' dir='ltr'>ut</span> <span class='ocrx_word' id='word_1_254' title='bbox 1261 2451 1309 2514; x_wconf 89' lang='lat' dir='ltr'>vel</span> <span class='ocrx_word' id='word_1_255' title='bbox 1328 2451 1364 2513; x_wconf 85' lang='lat' dir='ltr'>ob</span> <span class='ocrx_word' id='word_1_256' title='bbox 1379 2454 1433 2514; x_wconf 81' lang='lat' dir='ltr'>lroc</span> <span class='ocrx_word' id='word_1_257' title='bbox 1449 2455 1546 2518; x_wconf 90' lang='lat' dir='ltr'>solum</span> <span class='ocrx_word' id='word_1_258' title='bbox 1563 2478 1594 2522; x_wconf 84' lang='lat' dir='ltr'>rn</span> 
     </span>
     <span class='ocr_line' id='line_1_26' title="bbox 98 2543 1593 2627; baseline 0.004 -23"><span class='ocrx_word' id='word_1_259' title='bbox 98 2544 301 2618; x_wconf 81' lang='lat' dir='ltr'>decennium,</span> <span class='ocrx_word' id='word_1_260' title='bbox 317 2549 370 2609; x_wconf 92' lang='grc'>454</span> <span class='ocrx_word' id='word_1_261' title='bbox 378 2547 408 2608; x_wconf 73' lang='lat' dir='ltr'>i.</span> <span class='ocrx_word' id='word_1_262' title='bbox 425 2547 474 2608; x_wconf 88' lang='grc'><strong>141.</strong></span> <span class='ocrx_word' id='word_1_263' title='bbox 492 2547 601 2608; x_wconf 88' lang='lat' dir='ltr'>deinde</span> <span class='ocrx_word' id='word_1_264' title='bbox 626 2553 696 2627; x_wconf 84' lang='lat' dir='ltr'>post</span> <span class='ocrx_word' id='word_1_265' title='bbox 720 2566 818 2612; x_wconf 88' lang='lat' dir='ltr'>annos</span> <span class='ocrx_word' id='word_1_266' title='bbox 872 2543 968 2622; x_wconf 83' lang='lat' dir='ltr'>prelio</span> <span class='ocrx_word' id='word_1_267' title='bbox 989 2544 1030 2606; x_wconf 87' lang='lat' dir='ltr'>sit</span> <span class='ocrx_word' id='word_1_268' title='bbox 1049 2543 1212 2606; x_wconf 84' lang='lat' dir='ltr'>debendus.</span> <span class='ocrx_word' id='word_1_269' title='bbox 1235 2543 1295 2608; x_wconf 85' lang='lat' dir='ltr'>Sed</span> <span class='ocrx_word' id='word_1_270' title='bbox 1313 2545 1525 2626; x_wconf 78' lang='lat' dir='ltr'>Genealopicae</span> <span class='ocrx_word' id='word_1_271' title='bbox 1539 2568 1593 2612; x_wconf 90' lang='lat' dir='ltr'>an-</span> 
     </span>
     <span class='ocr_line' id='line_1_27' title="bbox 99 2635 1593 2720; baseline 0.011 -26"><span class='ocrx_word' id='word_1_272' title='bbox 99 2639 206 2716; x_wconf 84' lang='lat' dir='ltr'>viginti</span> <span class='ocrx_word' id='word_1_273' title='bbox 221 2638 356 2702; x_wconf 88' lang='lat' dir='ltr'>Basileee</span> <span class='ocrx_word' id='word_1_274' title='bbox 381 2657 434 2718; x_wconf 89' lang='lat' dir='ltr'>per</span> <span class='ocrx_word' id='word_1_275' title='bbox 444 2642 488 2700; x_wconf 92' lang='lat' dir='ltr'>lo.</span> <span class='ocrx_word' id='word_1_276' title='bbox 505 2640 657 2702; x_wconf 74' lang='lat' dir='ltr'>bebelium</span> <span class='ocrx_word' id='word_1_277' title='bbox 670 2687 679 2716; x_wconf 88' lang='lat'>,</span> <span class='ocrx_word' id='word_1_278' title='bbox 694 2641 820 2708; x_wconf 75' lang='lat' dir='ltr'>assat.</span> <span class='ocrx_word' id='word_1_279' title='bbox 876 2644 903 2698; x_wconf 76' lang='lat' dir='ltr'>ie</span> <span class='ocrx_word' id='word_1_280' title='bbox 924 2635 988 2698; x_wconf 68' lang='lat' dir='ltr'>“iia</span> <span class='ocrx_word' id='word_1_281' title='bbox 1008 2638 1151 2711; x_wconf 74' lang='lat' dir='ltr'>ruinae,</span> <span class='ocrx_word' id='word_1_282' title='bbox 1173 2655 1250 2720; x_wconf 70' lang='grc'><strong>1441114</strong></span> <span class='ocrx_word' id='word_1_283' title='bbox 1270 2635 1411 2714; x_wconf 83' lang='lat' dir='ltr'>subinde,</span> <span class='ocrx_word' id='word_1_284' title='bbox 1445 2645 1475 2700; x_wconf 64' lang='lat' dir='ltr'>ei</span> <span class='ocrx_word' id='word_1_285' title='bbox 1499 2642 1593 2720; x_wconf 70' lang='lat' dir='ltr'>inpri-</span> 
     </span>
     <span class='ocr_line' id='line_1_28' title="bbox 96 2729 1592 2814; baseline 0.004 -24"><span class='ocrx_word' id='word_1_286' title='bbox 96 2731 282 2809; x_wconf 77' lang='lat' dir='ltr'>stephanius</span> <span class='ocrx_word' id='word_1_287' title='bbox 303 2735 580 2812; x_wconf 81' lang='grc'><strong>4444140444144</strong></span> <span class='ocrx_word' id='word_1_288' title='bbox 603 2733 766 2810; x_wconf 87' lang='lat' dir='ltr'>adscribit,</span> <span class='ocrx_word' id='word_1_289' title='bbox 788 2745 820 2797; x_wconf 93' lang='grc'>44</span> <span class='ocrx_word' id='word_1_290' title='bbox 875 2732 932 2793; x_wconf 85' lang='lat' dir='ltr'>mir</span> <span class='ocrx_word' id='word_1_291' title='bbox 952 2729 988 2791; x_wconf 88' lang='lat' dir='ltr'>de</span> <span class='ocrx_word' id='word_1_292' title='bbox 1006 2729 1144 2792; x_wconf 75' lang='lat' dir='ltr'>Familiis</span> <span class='ocrx_word' id='word_1_293' title='bbox 1164 2732 1346 2802; x_wconf 78' lang='grc'><strong>8444444414,</strong></span> <span class='ocrx_word' id='word_1_294' title='bbox 1378 2733 1592 2814; x_wconf 83' lang='lat' dir='ltr'>intersperpit,</span> 
     </span>
     <span class='ocr_line' id='line_1_29' title="bbox 98 2821 1589 2905; baseline 0.004 -23"><span class='ocrx_word' id='word_1_295' title='bbox 98 2824 224 2884; x_wconf 84' lang='grc'><strong>44444414</strong></span> <span class='ocrx_word' id='word_1_296' title='bbox 241 2824 287 2885; x_wconf 84' lang='lat' dir='ltr'>lo.</span> <span class='ocrx_word' id='word_1_297' title='bbox 303 2826 489 2905; x_wconf 84' lang='lat' dir='ltr'>Spbyraetis,</span> <span class='ocrx_word' id='word_1_298' title='bbox 503 2829 683 2890; x_wconf 80' lang='lat' dir='ltr'>basileensis</span> <span class='ocrx_word' id='word_1_299' title='bbox 695 2828 822 2892; x_wconf 85' lang='lat' dir='ltr'>adorna.</span> <span class='ocrx_word' id='word_1_300' title='bbox 875 2841 953 2886; x_wconf 89' lang='lat' dir='ltr'>auro</span> <span class='ocrx_word' id='word_1_301' title='bbox 974 2821 1059 2884; x_wconf 84' lang='lat' dir='ltr'>nobis</span> <span class='ocrx_word' id='word_1_302' title='bbox 1080 2829 1186 2886; x_wconf 85' lang='lat' dir='ltr'>corrtrn</span> <span class='ocrx_word' id='word_1_303' title='bbox 1203 2841 1296 2886; x_wconf 88' lang='lat' dir='ltr'>curae</span> <span class='ocrx_word' id='word_1_304' title='bbox 1309 2840 1373 2886; x_wconf 87' lang='lat' dir='ltr'>esse</span> <span class='ocrx_word' id='word_1_305' title='bbox 1390 2823 1503 2886; x_wconf 80' lang='lat' dir='ltr'>dederat.</span> <span class='ocrx_word' id='word_1_306' title='bbox 1519 2827 1589 2888; x_wconf 87' lang='lat' dir='ltr'>Sine</span> 
     </span>
     <span class='ocr_line' id='line_1_30' title="bbox 98 2914 1592 3002; baseline 0.003 -24"><span class='ocrx_word' id='word_1_307' title='bbox 98 2921 160 2978; x_wconf 81' lang='grc'><strong>44444</strong></span> <span class='ocrx_word' id='word_1_308' title='bbox 173 2914 821 2996; x_wconf 81' lang='lat' dir='ltr'>dicit,undelellollerusinllypomaema·</span> <span class='ocrx_word' id='word_1_309' title='bbox 876 2914 936 2978; x_wconf 82' lang='grc'><strong>11114</strong></span> <span class='ocrx_word' id='word_1_310' title='bbox 953 2916 1059 2996; x_wconf 77' lang='lat' dir='ltr'>quippe</span> <span class='ocrx_word' id='word_1_311' title='bbox 1081 2916 1112 2976; x_wconf 86' lang='lat' dir='ltr'>in</span> <span class='ocrx_word' id='word_1_312' title='bbox 1133 2914 1299 2996; x_wconf 81' lang='lat' dir='ltr'>oripinibus</span> <span class='ocrx_word' id='word_1_313' title='bbox 1320 2916 1485 2982; x_wconf 75' lang='lat' dir='ltr'>illustrium</span> <span class='ocrx_word' id='word_1_314' title='bbox 1517 2938 1592 3002; x_wconf 86' lang='lat' dir='ltr'>qun·</span> 
     </span>
     <span class='ocr_line' id='line_1_31' title="bbox 98 3008 1595 3093; baseline 0.005 -26"><span class='ocrx_word' id='word_1_315' title='bbox 98 3008 821 3088; x_wconf 79' lang='grc'><strong>414441414441444144144446444414414114444444</strong></span> <span class='ocrx_word' id='word_1_316' title='bbox 876 3008 1008 3093; x_wconf 83' lang='lat' dir='ltr'>randum</span> <span class='ocrx_word' id='word_1_317' title='bbox 1026 3010 1157 3088; x_wconf 81' lang='lat' dir='ltr'>partium</span> <span class='ocrx_word' id='word_1_318' title='bbox 1175 3009 1265 3091; x_wconf 89' lang='lat' dir='ltr'>plane</span> <span class='ocrx_word' id='word_1_319' title='bbox 1295 3012 1531 3090; x_wconf 72' lang='lat' dir='ltr'>resonaremus,</span> <span class='ocrx_word' id='word_1_320' title='bbox 1560 3021 1595 3074; x_wconf 92' lang='lat' dir='ltr'>ut</span> 
     </span>
     <span class='ocr_line' id='line_1_32' title="bbox 97 3101 1592 3182; baseline 0.003 -20"><span class='ocrx_word' id='word_1_321' title='bbox 97 3119 124 3178; x_wconf 93' lang='lat' dir='ltr'>p.</span> <span class='ocrx_word' id='word_1_322' title='bbox 144 3103 215 3164; x_wconf 83' lang='grc'><strong>336.</strong></span> <span class='ocrx_word' id='word_1_323' title='bbox 234 3101 311 3166; x_wconf 85' lang='lat' dir='ltr'>dues</span> <span class='ocrx_word' id='word_1_324' title='bbox 327 3103 474 3168; x_wconf 84' lang='lat' dir='ltr'>editiones</span> <span class='ocrx_word' id='word_1_325' title='bbox 497 3104 586 3180; x_wconf 85' lang='lat' dir='ltr'>lecit,</span> <span class='ocrx_word' id='word_1_326' title='bbox 609 3104 821 3182; x_wconf 77' lang='lat' dir='ltr'>Spbyretioam</span> <span class='ocrx_word' id='word_1_327' title='bbox 876 3101 924 3166; x_wconf 86' lang='lat' dir='ltr'>vei</span> <span class='ocrx_word' id='word_1_328' title='bbox 942 3120 996 3164; x_wconf 87' lang='lat' dir='ltr'>ece</span> <span class='ocrx_word' id='word_1_329' title='bbox 1013 3102 1234 3182; x_wconf 81' lang='lat' dir='ltr'>disquisitiones</span> <span class='ocrx_word' id='word_1_330' title='bbox 1250 3102 1592 3182; x_wconf 80' lang='lat' dir='ltr'>Genealopicaedemon-</span> 
     </span>
     <span class='ocr_line' id='line_1_33' title="bbox 98 3193 1591 3277; baseline 0.004 -23"><span class='ocrx_word' id='word_1_331' title='bbox 98 3193 176 3256; x_wconf 78' lang='grc'><strong>1534</strong></span> <span class='ocrx_word' id='word_1_332' title='bbox 198 3203 231 3256; x_wconf 85' lang='grc'>44</span> <span class='ocrx_word' id='word_1_333' title='bbox 252 3195 465 3273; x_wconf 82' lang='lat' dir='ltr'>Oporinienenr</span> <span class='ocrx_word' id='word_1_334' title='bbox 490 3197 579 3262; x_wconf 85' lang='grc'><strong>1634.</strong></span> <span class='ocrx_word' id='word_1_335' title='bbox 598 3197 696 3272; x_wconf 86' lang='lat' dir='ltr'>male,</span> <span class='ocrx_word' id='word_1_336' title='bbox 711 3204 745 3258; x_wconf 93' lang='lat' dir='ltr'>ut</span> <span class='ocrx_word' id='word_1_337' title='bbox 765 3214 820 3277; x_wconf 81' lang='lat' dir='ltr'>ego</span> <span class='ocrx_word' id='word_1_338' title='bbox 875 3201 993 3267; x_wconf 85' lang='lat' dir='ltr'>strant,</span> <span class='ocrx_word' id='word_1_339' title='bbox 1013 3213 1091 3276; x_wconf 84' lang='lat' dir='ltr'>quas</span> <span class='ocrx_word' id='word_1_340' title='bbox 1103 3197 1411 3275; x_wconf 87' lang='lat' dir='ltr'>nosnuperinlucem</span> <span class='ocrx_word' id='word_1_341' title='bbox 1425 3199 1591 3272; x_wconf 84' lang='lat' dir='ltr'>emisimus,</span> 
     </span>
     <span class='ocr_line' id='line_1_34' title="bbox 95 3286 1590 3370; baseline 0.002 -22"><span class='ocrx_word' id='word_1_342' title='bbox 95 3286 233 3364; x_wconf 79' lang='lat' dir='ltr'>conjicio,</span> <span class='ocrx_word' id='word_1_343' title='bbox 256 3290 308 3365; x_wconf 90' lang='lat' dir='ltr'>qui</span> <span class='ocrx_word' id='word_1_344' title='bbox 330 3288 368 3349; x_wconf 86' lang='lat' dir='ltr'>de</span> <span class='ocrx_word' id='word_1_345' title='bbox 385 3306 412 3351; x_wconf 91' lang='lat' dir='ltr'>a.</span> <span class='ocrx_word' id='word_1_346' title='bbox 430 3289 519 3350; x_wconf 75' lang='grc'><strong>1684.</strong></span> <span class='ocrx_word' id='word_1_347' title='bbox 535 3289 607 3352; x_wconf 90' lang='lat' dir='ltr'>nibil</span> <span class='ocrx_word' id='word_1_348' title='bbox 620 3289 699 3367; x_wconf 90' lang='lat' dir='ltr'>apud</span> <span class='ocrx_word' id='word_1_349' title='bbox 717 3307 822 3368; x_wconf 87' lang='lat' dir='ltr'>quem·</span> <span class='ocrx_word' id='word_1_350' title='bbox 876 3295 966 3368; x_wconf 86' lang='lat' dir='ltr'>atque</span> <span class='ocrx_word' id='word_1_351' title='bbox 980 3291 1046 3368; x_wconf 85' lang='lat' dir='ltr'>ejus</span> <span class='ocrx_word' id='word_1_352' title='bbox 1065 3290 1245 3352; x_wconf 78' lang='lat' dir='ltr'>auctoriate</span> <span class='ocrx_word' id='word_1_353' title='bbox 1261 3290 1439 3370; x_wconf 87' lang='lat' dir='ltr'>plerumque</span> <span class='ocrx_word' id='word_1_354' title='bbox 1453 3292 1590 3370; x_wconf 80' lang='lat' dir='ltr'>firmani-</span> 
     </span>
     <span class='ocr_line' id='line_1_35' title="bbox 97 3381 1591 3462; baseline 0 -16"><span class='ocrx_word' id='word_1_355' title='bbox 97 3395 190 3456; x_wconf 81' lang='lat' dir='ltr'>quam</span> <span class='ocrx_word' id='word_1_356' title='bbox 209 3387 366 3444; x_wconf 87' lang='lat' dir='ltr'>auctorum</span> <span class='ocrx_word' id='word_1_357' title='bbox 390 3384 492 3442; x_wconf 92' lang='lat' dir='ltr'>inveni</span> <span class='ocrx_word' id='word_1_358' title='bbox 511 3388 723 3444; x_wconf 87' lang='lat' dir='ltr'>memoratum.</span> <span class='ocrx_word' id='word_1_359' title='bbox 752 3383 823 3445; x_wconf 87' lang='lat' dir='ltr'>Edi·</span> <span class='ocrx_word' id='word_1_360' title='bbox 876 3399 951 3446; x_wconf 84' lang='lat' dir='ltr'>mur.</span> <span class='ocrx_word' id='word_1_361' title='bbox 970 3381 1114 3462; x_wconf 78' lang='lat' dir='ltr'>Sequitur</span> <span class='ocrx_word' id='word_1_362' title='bbox 1127 3381 1238 3444; x_wconf 81' lang='grc'><strong>4441444</strong></span> <span class='ocrx_word' id='word_1_363' title='bbox 1259 3381 1518 3444; x_wconf 84' lang='lat' dir='ltr'>inuetustioridus</span> <span class='ocrx_word' id='word_1_364' title='bbox 1535 3389 1591 3446; x_wconf 88' lang='lat' dir='ltr'>lie-</span> 
     </span>
     <span class='ocr_line' id='line_1_36' title="bbox 95 3474 1591 3558; baseline 0.003 -26"><span class='ocrx_word' id='word_1_365' title='bbox 95 3477 135 3536; x_wconf 93' lang='lat' dir='ltr'>tio</span> <span class='ocrx_word' id='word_1_366' title='bbox 151 3476 243 3534; x_wconf 85' lang='lat' dir='ltr'>tertia</span> <span class='ocrx_word' id='word_1_367' title='bbox 262 3491 315 3552; x_wconf 89' lang='lat' dir='ltr'>per</span> <span class='ocrx_word' id='word_1_368' title='bbox 338 3475 516 3538; x_wconf 84' lang='lat' dir='ltr'>wechelum</span> <span class='ocrx_word' id='word_1_369' title='bbox 550 3474 658 3552; x_wconf 89' lang='lat' dir='ltr'>prodiit</span> <span class='ocrx_word' id='word_1_370' title='bbox 685 3477 820 3540; x_wconf 83' lang='lat' dir='ltr'>Francol.</span> <span class='ocrx_word' id='word_1_371' title='bbox 874 3476 1027 3556; x_wconf 81' lang='lat' dir='ltr'>pinonem,</span> <span class='ocrx_word' id='word_1_372' title='bbox 1046 3477 1112 3554; x_wconf 68' lang='grc'><strong>4444</strong></span> <span class='ocrx_word' id='word_1_373' title='bbox 1134 3480 1232 3535; x_wconf 89' lang='lat' dir='ltr'>tamen</span> <span class='ocrx_word' id='word_1_374' title='bbox 1251 3474 1591 3558; x_wconf 85' lang='lat' dir='ltr'>uerbosnepiusemen-</span> 
     </span>
     <span class='ocr_line' id='line_1_37' title="bbox 98 3565 1668 3652; baseline 0.003 -26"><span class='ocrx_word' id='word_1_375' title='bbox 98 3567 185 3630; x_wconf 87' lang='grc'><strong>1566.</strong></span> <span class='ocrx_word' id='word_1_376' title='bbox 207 3566 246 3630; x_wconf 85' lang='grc'>144</span> <span class='ocrx_word' id='word_1_377' title='bbox 270 3583 343 3630; x_wconf 88' lang='lat' dir='ltr'>cure</span> <span class='ocrx_word' id='word_1_378' title='bbox 358 3567 484 3645; x_wconf 87' lang='lat' dir='ltr'>Philippi</span> <span class='ocrx_word' id='word_1_379' title='bbox 500 3568 634 3628; x_wconf 82' lang='lat' dir='ltr'>Loniceri</span> <span class='ocrx_word' id='word_1_380' title='bbox 646 3573 677 3627; x_wconf 89' lang='lat' dir='ltr'>et</span> <span class='ocrx_word' id='word_1_381' title='bbox 693 3569 818 3632; x_wconf 89' lang='lat' dir='ltr'>loannis</span> <span class='ocrx_word' id='word_1_382' title='bbox 874 3565 1253 3646; x_wconf 77' lang='grc'><strong>4411444441641,44444</strong></span> <span class='ocrx_word' id='word_1_383' title='bbox 1275 3567 1590 3634; x_wconf 84' lang='grc' dir='ltr'><strong>44Ρ1414414444411-</strong></span> <span class='ocrx_word' id='word_1_384' title='bbox 1666 3647 1668 3652; x_wconf 23' lang='grc' dir='ltr'>Ι</span> 
     </span>
     <span class='ocr_line' id='line_1_38' title="bbox 97 3659 1588 3740; baseline 0.002 -20"><span class='ocrx_word' id='word_1_385' title='bbox 97 3660 243 3720; x_wconf 81' lang='lat' dir='ltr'>Fichardi.</span> <span class='ocrx_word' id='word_1_386' title='bbox 266 3660 379 3731; x_wconf 86' lang='lat' dir='ltr'>Quarta</span> <span class='ocrx_word' id='word_1_387' title='bbox 396 3661 527 3738; x_wconf 91' lang='lat' dir='ltr'>denique</span> <span class='ocrx_word' id='word_1_388' title='bbox 544 3661 634 3722; x_wconf 82' lang='lat' dir='ltr'>Sarae</span> <span class='ocrx_word' id='word_1_389' title='bbox 660 3663 749 3724; x_wconf 85' lang='grc'><strong>4644.</strong></span> <span class='ocrx_word' id='word_1_390' title='bbox 777 3664 819 3723; x_wconf 91' lang='lat' dir='ltr'>lo·</span> <span class='ocrx_word' id='word_1_391' title='bbox 874 3659 1303 3740; x_wconf 71' lang='lat' dir='ltr'>tioneneplrpentiuscurata,</span> <span class='ocrx_word' id='word_1_392' title='bbox 1319 3661 1588 3726; x_wconf 61' lang='lat' dir='ltr'>carnuntensem</span> 
     </span>
     <span class='ocr_line' id='line_1_39' title="bbox 96 3751 1590 3834; baseline 0.004 -22"><span class='ocrx_word' id='word_1_393' title='bbox 96 3753 217 3828; x_wconf 77' lang='lat' dir='ltr'>tropum</span> <span class='ocrx_word' id='word_1_394' title='bbox 230 3755 454 3816; x_wconf 84' lang='lat' dir='ltr'>Commentario</span> <span class='ocrx_word' id='word_1_395' title='bbox 466 3751 630 3832; x_wconf 88' lang='lat' dir='ltr'>Stephauii,</span> <span class='ocrx_word' id='word_1_396' title='bbox 641 3771 719 3832; x_wconf 88' lang='lat' dir='ltr'>quae</span> <span class='ocrx_word' id='word_1_397' title='bbox 728 3753 817 3815; x_wconf 91' lang='lat' dir='ltr'>editio</span> <span class='ocrx_word' id='word_1_398' title='bbox 872 3753 1009 3834; x_wconf 80' lang='lat' dir='ltr'>eceerpil</span> <span class='ocrx_word' id='word_1_399' title='bbox 1032 3751 1263 3828; x_wconf 83' lang='lat' dir='ltr'>Witicdindum,</span> <span class='ocrx_word' id='word_1_400' title='bbox 1298 3753 1490 3830; x_wconf 79' lang='lat' dir='ltr'>llitmarum,</span> <span class='ocrx_word' id='word_1_401' title='bbox 1509 3755 1590 3818; x_wconf 84' lang='lat' dir='ltr'>Ada-</span> 
     </span>
     <span class='ocr_line' id='line_1_40' title="bbox 95 3845 1587 3926; baseline 0.004 -22"><span class='ocrx_word' id='word_1_402' title='bbox 95 3845 153 3908; x_wconf 88' lang='lat' dir='ltr'>buc</span> <span class='ocrx_word' id='word_1_403' title='bbox 174 3862 274 3923; x_wconf 87' lang='lat' dir='ltr'>usque</span> <span class='ocrx_word' id='word_1_404' title='bbox 303 3846 360 3908; x_wconf 89' lang='lat' dir='ltr'>luit</span> <span class='ocrx_word' id='word_1_405' title='bbox 385 3846 508 3924; x_wconf 86' lang='lat' dir='ltr'>optima.</span> <span class='ocrx_word' id='word_1_406' title='bbox 537 3846 763 3909; x_wconf 84' lang='lat' dir='ltr'>Rostoclriensis</span> <span class='ocrx_word' id='word_1_407' title='bbox 788 3865 814 3910; x_wconf 88' lang='lat' dir='ltr'>a.</span> <span class='ocrx_word' id='word_1_408' title='bbox 871 3863 952 3906; x_wconf 85' lang='lat' dir='ltr'>mum</span> <span class='ocrx_word' id='word_1_409' title='bbox 974 3848 1189 3920; x_wconf 83' lang='lat' dir='ltr'>Bremensem,</span> <span class='ocrx_word' id='word_1_410' title='bbox 1213 3845 1353 3907; x_wconf 83' lang='lat' dir='ltr'>Cosmum</span> <span class='ocrx_word' id='word_1_411' title='bbox 1382 3848 1587 3926; x_wconf 78' lang='lat' dir='ltr'>Prapensem,</span> 
     </span>
     <span class='ocr_line' id='line_1_41' title="bbox 95 3937 1588 4016; baseline 0.002 -17"><span class='ocrx_word' id='word_1_412' title='bbox 95 3939 181 3999; x_wconf 88' lang='grc'><strong>4666.</strong></span> <span class='ocrx_word' id='word_1_413' title='bbox 202 3954 274 4000; x_wconf 90' lang='lat' dir='ltr'>cum</span> <span class='ocrx_word' id='word_1_414' title='bbox 295 3945 398 4001; x_wconf 89' lang='lat' dir='ltr'>annot.</span> <span class='ocrx_word' id='word_1_415' title='bbox 420 3938 595 4012; x_wconf 83' lang='lat' dir='ltr'>stephanii,</span> <span class='ocrx_word' id='word_1_416' title='bbox 625 3956 717 4016; x_wconf 88' lang='lat' dir='ltr'>quarn</span> <span class='ocrx_word' id='word_1_417' title='bbox 746 3941 816 4002; x_wconf 90' lang='lat' dir='ltr'>Cor·</span> <span class='ocrx_word' id='word_1_418' title='bbox 871 3941 1040 4000; x_wconf 84' lang='lat' dir='ltr'>Brunonenr</span> <span class='ocrx_word' id='word_1_419' title='bbox 1060 3937 1096 4000; x_wconf 87' lang='lat' dir='ltr'>de</span> <span class='ocrx_word' id='word_1_420' title='bbox 1114 3937 1187 3999; x_wconf 82' lang='lat' dir='ltr'>bello</span> <span class='ocrx_word' id='word_1_421' title='bbox 1208 3939 1375 4013; x_wconf 81' lang='grc'><strong>84444144,</strong></span> <span class='ocrx_word' id='word_1_422' title='bbox 1398 3938 1588 4004; x_wconf 71' lang='lat' dir='ltr'>Laminium</span> 
     </span>
     <span class='ocr_line' id='line_1_42' title="bbox 95 4030 1588 4112; baseline 0.003 -20"><span class='ocrx_word' id='word_1_423' title='bbox 95 4033 190 4095; x_wconf 87' lang='lat' dir='ltr'>nelias</span> <span class='ocrx_word' id='word_1_424' title='bbox 207 4049 224 4094; x_wconf 88' lang='lat' dir='ltr'>a</span> <span class='ocrx_word' id='word_1_425' title='bbox 243 4031 396 4112; x_wconf 81' lang='lat' dir='ltr'>Beughern</span> <span class='ocrx_word' id='word_1_426' title='bbox 413 4033 441 4092; x_wconf 89' lang='lat' dir='ltr'>in</span> <span class='ocrx_word' id='word_1_427' title='bbox 458 4032 596 4110; x_wconf 80' lang='lat' dir='ltr'>bibliogr.</span> <span class='ocrx_word' id='word_1_428' title='bbox 609 4034 683 4092; x_wconf 88' lang='lat' dir='ltr'>lliet.</span> <span class='ocrx_word' id='word_1_429' title='bbox 697 4050 724 4110; x_wconf 93' lang='lat' dir='ltr'>p.</span> <span class='ocrx_word' id='word_1_430' title='bbox 746 4033 814 4094; x_wconf 69' lang='grc'><strong>431.</strong></span> <span class='ocrx_word' id='word_1_431' title='bbox 871 4030 1200 4112; x_wconf 74' lang='lat' dir='ltr'>Schofirndurpensem,</span> <span class='ocrx_word' id='word_1_432' title='bbox 1224 4030 1390 4094; x_wconf 87' lang='lat' dir='ltr'>Cirronicon</span> <span class='ocrx_word' id='word_1_433' title='bbox 1412 4034 1518 4095; x_wconf 84' lang='grc'><strong>41444114</strong></span> <span class='ocrx_word' id='word_1_434' title='bbox 1535 4037 1588 4098; x_wconf 88' lang='grc'>84-</span> 
     </span>
     <span class='ocr_line' id='line_1_43' title="bbox 95 4123 1588 4208; baseline 0.003 -22"><span class='ocrx_word' id='word_1_435' title='bbox 95 4133 264 4202; x_wconf 83' lang='lat' dir='ltr'>memorat,</span> <span class='ocrx_word' id='word_1_436' title='bbox 286 4141 442 4202; x_wconf 89' lang='lat' dir='ltr'>nunquam</span> <span class='ocrx_word' id='word_1_437' title='bbox 466 4123 583 4202; x_wconf 91' lang='lat' dir='ltr'>prodiit.</span> <span class='ocrx_word' id='word_1_438' title='bbox 871 4125 939 4186; x_wconf 86' lang='lat' dir='ltr'>reni</span> <span class='ocrx_word' id='word_1_439' title='bbox 947 4173 955 4200; x_wconf 86' lang='lat'>,</span> <span class='ocrx_word' id='word_1_440' title='bbox 974 4125 1142 4204; x_wconf 77' lang='lat' dir='ltr'>Scriptores</span> <span class='ocrx_word' id='word_1_441' title='bbox 1158 4123 1308 4206; x_wconf 84' lang='lat' dir='ltr'>deprimo</span> <span class='ocrx_word' id='word_1_442' title='bbox 1321 4126 1507 4208; x_wconf 77' lang='lat' dir='ltr'>expeditione</span> <span class='ocrx_word' id='word_1_443' title='bbox 1517 4146 1588 4189; x_wconf 82' lang='lat' dir='ltr'>cru-</span> 
     </span>
     <span class='ocr_line' id='line_1_44' title="bbox 130 4215 1587 4288; baseline 0.001 -6"><span class='ocrx_word' id='word_1_444' title='bbox 130 4219 233 4282; x_wconf 80' lang='lat' dir='ltr'>Versio</span> <span class='ocrx_word' id='word_1_445' title='bbox 248 4219 330 4280; x_wconf 91' lang='lat' dir='ltr'>illins</span> <span class='ocrx_word' id='word_1_446' title='bbox 344 4217 549 4280; x_wconf 86' lang='lat' dir='ltr'>Denicaedita</span> <span class='ocrx_word' id='word_1_447' title='bbox 570 4223 619 4278; x_wconf 86' lang='lat' dir='ltr'>est</span> <span class='ocrx_word' id='word_1_448' title='bbox 650 4217 689 4278; x_wconf 91' lang='lat' dir='ltr'>ab</span> <span class='ocrx_word' id='word_1_449' title='bbox 720 4217 816 4281; x_wconf 80' lang='lat' dir='ltr'>Andr.</span> <span class='ocrx_word' id='word_1_450' title='bbox 871 4219 966 4288; x_wconf 86' lang='lat' dir='ltr'>aicta,</span> <span class='ocrx_word' id='word_1_451' title='bbox 991 4215 1587 4287; x_wconf 76' lang='grc'><strong>114441444404414114444444444-</strong></span> 
     </span>
     <span class='ocr_line' id='line_1_45' title="bbox 95 4306 1585 4390; baseline 0.001 -20"><span class='ocrx_word' id='word_1_452' title='bbox 95 4311 230 4390; x_wconf 79' lang='lat' dir='ltr'>Velleio,</span> <span class='ocrx_word' id='word_1_453' title='bbox 259 4310 503 4388; x_wconf 77' lang='lat' dir='ltr'>llistorioprapbo</span> <span class='ocrx_word' id='word_1_454' title='bbox 531 4311 641 4388; x_wconf 81' lang='lat' dir='ltr'>Regio,</span> <span class='ocrx_word' id='word_1_455' title='bbox 670 4312 814 4390; x_wconf 87' lang='lat' dir='ltr'>llalniae,</span> <span class='ocrx_word' id='word_1_456' title='bbox 871 4329 907 4370; x_wconf 89' lang='lat' dir='ltr'>no</span> <span class='ocrx_word' id='word_1_457' title='bbox 929 4310 1017 4370; x_wconf 88' lang='grc'><strong>41111.</strong></span> <span class='ocrx_word' id='word_1_458' title='bbox 1039 4306 1149 4386; x_wconf 87' lang='grc'><strong>4444111,</strong></span> <span class='ocrx_word' id='word_1_459' title='bbox 1165 4315 1195 4372; x_wconf 86' lang='lat' dir='ltr'>et</span> <span class='ocrx_word' id='word_1_460' title='bbox 1208 4307 1271 4370; x_wconf 86' lang='lat' dir='ltr'>niro</span> <span class='ocrx_word' id='word_1_461' title='bbox 1282 4317 1402 4372; x_wconf 82' lang='lat' dir='ltr'>uetrnta</span> <span class='ocrx_word' id='word_1_462' title='bbox 1416 4329 1585 4372; x_wconf 90' lang='lat' dir='ltr'>monumen-</span> 
     </span>
     <span class='ocr_line' id='line_1_46' title="bbox 95 4399 1586 4482; baseline 0 -20"><span class='ocrx_word' id='word_1_463' title='bbox 95 4405 180 4467; x_wconf 78' lang='lat' dir='ltr'>tato.</span> <span class='ocrx_word' id='word_1_464' title='bbox 198 4411 230 4466; x_wconf 88' lang='grc'>44</span> <span class='ocrx_word' id='word_1_465' title='bbox 254 4403 340 4468; x_wconf 88' lang='grc'><strong>4640.</strong></span> <span class='ocrx_word' id='word_1_466' title='bbox 360 4404 437 4465; x_wconf 85' lang='lat' dir='ltr'>lolio.</span> <span class='ocrx_word' id='word_1_467' title='bbox 455 4402 583 4464; x_wconf 88' lang='lat' dir='ltr'>dialecto</span> <span class='ocrx_word' id='word_1_468' title='bbox 600 4403 746 4468; x_wconf 79' lang='lat' dir='ltr'>Senoniae</span> <span class='ocrx_word' id='word_1_469' title='bbox 771 4409 815 4466; x_wconf 83' lang='lat' dir='ltr'>in·</span> <span class='ocrx_word' id='word_1_470' title='bbox 872 4409 921 4477; x_wconf 89' lang='lat' dir='ltr'>lc,</span> <span class='ocrx_word' id='word_1_471' title='bbox 942 4419 1020 4482; x_wconf 81' lang='lat' dir='ltr'>quae</span> <span class='ocrx_word' id='word_1_472' title='bbox 1040 4401 1182 4464; x_wconf 85' lang='grc'><strong>44444444</strong></span> <span class='ocrx_word' id='word_1_473' title='bbox 1213 4399 1291 4463; x_wconf 86' lang='lat' dir='ltr'>olibi</span> <span class='ocrx_word' id='word_1_474' title='bbox 1319 4403 1447 4465; x_wconf 90' lang='lat' dir='ltr'>nondum</span> <span class='ocrx_word' id='word_1_475' title='bbox 1475 4403 1586 4464; x_wconf 87' lang='lat' dir='ltr'>delecta</span> 
     </span>
     <span class='ocr_line' id='line_1_47' title="bbox 91 4494 1586 4578; baseline 0 -22"><span class='ocrx_word' id='word_1_476' title='bbox 91 4498 204 4562; x_wconf 88' lang='lat' dir='ltr'>terioris</span> <span class='ocrx_word' id='word_1_477' title='bbox 220 4497 368 4578; x_wconf 89' lang='lat' dir='ltr'>prodiisse</span> <span class='ocrx_word' id='word_1_478' title='bbox 385 4495 491 4558; x_wconf 91' lang='lat' dir='ltr'>dicunt</span> <span class='ocrx_word' id='word_1_479' title='bbox 507 4495 596 4558; x_wconf 82' lang='grc'><strong>4481.</strong></span> <span class='ocrx_word' id='word_1_480' title='bbox 615 4499 642 4557; x_wconf 92' lang='grc'><strong>8.</strong></span> <span class='ocrx_word' id='word_1_481' title='bbox 869 4501 948 4560; x_wconf 88' lang='lat' dir='ltr'>sunt.</span> <span class='ocrx_word' id='word_1_482' title='bbox 984 4495 1113 4558; x_wconf 87' lang='lat' dir='ltr'>Ditmori</span> <span class='ocrx_word' id='word_1_483' title='bbox 1144 4503 1174 4556; x_wconf 88' lang='lat' dir='ltr'>et</span> <span class='ocrx_word' id='word_1_484' title='bbox 1210 4494 1380 4558; x_wconf 80' lang='lat' dir='ltr'>ericlrindi</span> <span class='ocrx_word' id='word_1_485' title='bbox 1402 4500 1586 4574; x_wconf 73' lang='lat' dir='ltr'>praesertim</span> 
     </span>
     <span class='ocr_line' id='line_1_48' title="bbox 132 4585 1585 4670; baseline -0.008 -12"><span class='ocrx_word' id='word_1_486' title='bbox 132 4594 395 4658; x_wconf 82' lang='lat' dir='ltr'>Commentatores</span> <span class='ocrx_word' id='word_1_487' title='bbox 415 4588 519 4650; x_wconf 88' lang='lat' dir='ltr'>inediti</span> <span class='ocrx_word' id='word_1_488' title='bbox 537 4596 610 4650; x_wconf 89' lang='lat' dir='ltr'>sunt</span> <span class='ocrx_word' id='word_1_489' title='bbox 623 4589 670 4650; x_wconf 89' lang='lat' dir='ltr'>lo.</span> <span class='ocrx_word' id='word_1_490' title='bbox 684 4592 814 4656; x_wconf 83' lang='grc'><strong>844414-</strong></span> <span class='ocrx_word' id='word_1_491' title='bbox 869 4587 1073 4650; x_wconf 87' lang='lat' dir='ltr'>narrationem</span> <span class='ocrx_word' id='word_1_492' title='bbox 1084 4588 1241 4670; x_wconf 78' lang='lat' dir='ltr'>confusam</span> <span class='ocrx_word' id='word_1_493' title='bbox 1257 4591 1288 4648; x_wconf 89' lang='lat' dir='ltr'>in</span> <span class='ocrx_word' id='word_1_494' title='bbox 1298 4587 1431 4648; x_wconf 88' lang='lat' dir='ltr'>ordinem</span> <span class='ocrx_word' id='word_1_495' title='bbox 1445 4585 1585 4650; x_wconf 76' lang='grc'><strong>13444414-</strong></span> 
     </span>
     <span class='ocr_line' id='line_1_49' title="bbox 94 4675 1583 4763; baseline -0.006 -17"><span class='ocrx_word' id='word_1_496' title='bbox 94 4687 160 4763; x_wconf 76' lang='lat' dir='ltr'>gius</span> <span class='ocrx_word' id='word_1_497' title='bbox 175 4731 183 4762; x_wconf 87' lang='lat'>,</span> <span class='ocrx_word' id='word_1_498' title='bbox 201 4686 327 4761; x_wconf 85' lang='lat' dir='ltr'>Senior,</span> <span class='ocrx_word' id='word_1_499' title='bbox 344 4684 506 4746; x_wconf 89' lang='lat' dir='ltr'>Christiani</span> <span class='ocrx_word' id='word_1_500' title='bbox 525 4683 576 4742; x_wconf 92' lang='grc'><strong>111.</strong></span> <span class='ocrx_word' id='word_1_501' title='bbox 594 4683 683 4760; x_wconf 79' lang='lat' dir='ltr'>Regis</span> <span class='ocrx_word' id='word_1_502' title='bbox 716 4683 812 4744; x_wconf 83' lang='grc'><strong>441414-</strong></span> <span class='ocrx_word' id='word_1_503' title='bbox 866 4697 966 4760; x_wconf 74' lang='lat' dir='ltr'>picum</span> <span class='ocrx_word' id='word_1_504' title='bbox 983 4679 1128 4760; x_wconf 82' lang='lat' dir='ltr'>dipersit,</span> <span class='ocrx_word' id='word_1_505' title='bbox 1150 4687 1178 4742; x_wconf 86' lang='lat' dir='ltr'>et</span> <span class='ocrx_word' id='word_1_506' title='bbox 1198 4697 1233 4740; x_wconf 89' lang='lat' dir='ltr'>eo</span> <span class='ocrx_word' id='word_1_507' title='bbox 1262 4695 1353 4757; x_wconf 90' lang='lat' dir='ltr'>opero</span> <span class='ocrx_word' id='word_1_508' title='bbox 1378 4675 1475 4756; x_wconf 74' lang='lat' dir='ltr'>sacam</span> <span class='ocrx_word' id='word_1_509' title='bbox 1498 4677 1583 4738; x_wconf 82' lang='grc'><strong>444614</strong></span> 
     </span>
     <span class='ocr_line' id='line_1_50' title="bbox 94 4767 1584 4858; baseline -0.007 -21"><span class='ocrx_word' id='word_1_510' title='bbox 94 4778 288 4858; x_wconf 77' lang='lat' dir='ltr'>riogrephus,</span> <span class='ocrx_word' id='word_1_511' title='bbox 303 4779 339 4840; x_wconf 92' lang='lat' dir='ltr'>ll.</span> <span class='ocrx_word' id='word_1_512' title='bbox 357 4777 418 4838; x_wconf 83' lang='lat' dir='ltr'>Nic.</span> <span class='ocrx_word' id='word_1_513' title='bbox 438 4776 600 4850; x_wconf 84' lang='lat' dir='ltr'>Petraous,</span> <span class='ocrx_word' id='word_1_514' title='bbox 619 4776 811 4852; x_wconf 84' lang='lat' dir='ltr'>Praepositae</span> <span class='ocrx_word' id='word_1_515' title='bbox 868 4774 908 4834; x_wconf 90' lang='lat' dir='ltr'>nd</span> <span class='ocrx_word' id='word_1_516' title='bbox 933 4769 1131 4852; x_wconf 78' lang='lat' dir='ltr'>inteiir&#39;pendas</span> <span class='ocrx_word' id='word_1_517' title='bbox 1155 4769 1296 4832; x_wconf 81' lang='lat' dir='ltr'>amantius</span> <span class='ocrx_word' id='word_1_518' title='bbox 1322 4767 1512 4830; x_wconf 85' lang='lat' dir='ltr'>obscuriores</span> <span class='ocrx_word' id='word_1_519' title='bbox 1535 4769 1584 4830; x_wconf 87' lang='lat' dir='ltr'>ln-</span> 
     </span>
     <span class='ocr_line' id='line_1_51' title="bbox 94 4859 1583 4945; baseline -0.007 -13"><span class='ocrx_word' id='word_1_520' title='bbox 94 4875 123 4932; x_wconf 94' lang='lat' dir='ltr'>in</span> <span class='ocrx_word' id='word_1_521' title='bbox 141 4875 224 4936; x_wconf 84' lang='grc'><strong>44444</strong></span> <span class='ocrx_word' id='word_1_522' title='bbox 242 4872 344 4936; x_wconf 86' lang='lat' dir='ltr'>insula</span> <span class='ocrx_word' id='word_1_523' title='bbox 365 4868 618 4944; x_wconf 86' lang='lat' dir='ltr'>Siidcrassensis,</span> <span class='ocrx_word' id='word_1_524' title='bbox 639 4874 670 4928; x_wconf 95' lang='lat' dir='ltr'>et</span> <span class='ocrx_word' id='word_1_525' title='bbox 688 4866 812 4945; x_wconf 72' lang='grc'><strong>1144441-</strong></span> <span class='ocrx_word' id='word_1_526' title='bbox 867 4883 915 4926; x_wconf 90' lang='lat' dir='ltr'>sco</span> <span class='ocrx_word' id='word_1_527' title='bbox 935 4868 1095 4944; x_wconf 88' lang='lat' dir='ltr'>scriptores</span> <span class='ocrx_word' id='word_1_528' title='bbox 1124 4861 1266 4924; x_wconf 81' lang='grc'><strong>4444444414.</strong></span> <span class='ocrx_word' id='word_1_529' title='bbox 1291 4859 1583 4939; x_wconf 76' lang='lat' dir='ltr'>dmpiissinroiiun-</span> 
     </span>
    </p>
   </div>
   <div class='ocr_carea' id='block_1_4' title="bbox 1302 4983 1361 5038">
    <p class='ocr_par' dir='ltr' id='par_1_4' title="bbox 1302 4983 1361 5038">
     <span class='ocr_line' id='line_1_52' title="bbox 1302 4983 1361 5038; baseline 0 0"><span class='ocrx_word' id='word_1_530' title='bbox 1302 4983 1361 5038; x_wconf 70' lang='grc'><strong>3148</strong></span> 
     </span>
    </p>
   </div>
   <div class='ocr_carea' id='block_1_5' title="bbox 0 0 1834 5412">
    <p class='ocr_par' dir='ltr' id='par_1_5' title="bbox 0 0 1834 5412">
     <span class='ocr_line' id='line_1_53' title="bbox 0 0 1834 5412; baseline 0 6"><span class='ocrx_word' id='word_1_531' title='bbox 0 0 1834 5412; x_wconf 95' lang='lat' dir='ltr'> </span> 
     </span>
    </p>
   </div>
  </div>
 </body>
</html>
