3368 5362
167 202 228 264 b'lc

794 193 1035 255 SlGERUS

167 306 292 367 editione
324 302 463 383 reperiri,
493 300 546 362 sed
570 320 591 360 4
622 298 884 363 centuriatoribus
940 316 990 359 sas
1012 299 1201 361 sacerdotum
1225 298 1462 377 conjugatorum
1484 301 1644 359 calumniae

167 397 318 475 confictam
335 412 407 467 esse,
429 412 496 454 eum
513 395 544 454 in
560 392 734 457 stabulensi
748 395 885 472 ruperia

168 498 219 550 tnr
239 489 337 549 codice
358 487 473 567 aliquot
491 495 559 548 urite
579 487 803 549 centuriatores
821 502 887 546 soe-

167 582 244 644 culis
266 582 385 660 scripto,
409 580 476 643 licet
495 579 680 661 imperfecta.

207 676 282 734 Actu
304 674 336 735 S.
362 673 533 748 Theodorei,
559 674 660 750 Episc.
692 670 885 743 Leodiensis,

166 769 315 844 antiquior
326 766 447 844 quidam
461 767 689 843 conscripserat,
702 771 886 822 nostervero

167 860 270 920 stilum
303 860 526 919 immutaverat.
551 855 689 916 Nondum
717 854 796 914 edita
817 870 887 913 cen-

167 951 252 1012 sebat
273 952 402 1024 caveus,
425 957 525 1010 exstat
546 956 647 1009 autem
669 945 748 1024 apud
764 948 885 1007 Surium

165 1046 193 1104 d.
217 1044 265 1104 40.
286 1045 368 1122 Sept.
391 1043 544 1103 Desumsit
565 1057 599 1099 es
627 1057 662 1099 eo
680 1056 733 1100 sua
750 1039 885 1115 AEgidius

166 1141 195 1196 44
217 1139 280 1196 vita
300 1135 390 1214 hujus
410 1135 561 1213 Episcopi,
583 1140 663 1193 teste
680 1130 885 1209 chapeaviitio

163 1237 238 1289 tom.
258 1230 280 1287 1.
301 1229 484 1306 Scriptorum
508 1224 717 1284 Leodiensium
739 1242 766 1302 p.
791 1222 858 1285 102.

209 1318 273 1380 Vita
294 1321 324 1380 8.
347 1317 493 1393 Maclooii,
525 1323 625 1377 exstat
646 1314 725 1394 apud
760 1315 882 1375 Surium

165 1411 191 1470 d.
216 1413 264 1472 ts.
285 1412 358 1471 Nov.

205 1500 353 1582 Ept'stolao
369 1502 447 1562 duae
468 1501 504 1562 ad
524 1502 712 1574 Leodienscs,
728 1499 765 1559 de
781 1498 883 1577 regula

163 1595 193 1654 S.
213 1597 367 1667 Bormonis,
389 1595 477 1655 etde
497 1593 620 1672 jejuniis
648 1601 786 1670 quatuor¹
806 1600 882 1650 tem-

160 1704 276 1765 porum,
286 1694 408 1747 exstant
419 1689 448 1746 in
464 1689 595 1747 Murteae
609 1693 640 1747 44
652 1686 773 1746 Durand
789 1685 878 1744 Thes.

164 1797 241 1840 novo
263 1778 484 1840 anecdotorum
509 1782 528 1838 Ι.
552 1799 580 1859 p.
599 1782 665 1842 305.

207 1872 270 1933 Vita
296 1874 326 1933 8.
354 1870 502 1951 Sipeberti
525 1872 755 1933 Ausnusiorum
785 1870 880 1950 Repis,

941 401 1008 453 tur:
1025 394 1067 450 De
1074 392 1192 472 jejnrric
1217 396 1353 471 quatuor
1372 397 1549 471 temporum,
1566 388 1646 451 Facio

941 485 1048 546 siustes
1064 491 1158 545 metro
1185 484 1316 555 beroico,
1339 481 1432 545 Liber
1461 485 1647 545 Decennoonn

942 577 1020 639 rtalr's
1036 580 1105 654 (non
1122 576 1309 651 Decerrnolis,
1326 586 1362 639 ut
1372 585 1423 637 est
1438 578 1520 655 apud
1533 578 1589 639 va.
1601 578 1646 637 14

942 670 1056 746 dream)
1083 673 1148 730 sive
1170 669 1210 730 de
1223 670 1372 750 computo
1395 670 1605 743 Ecclesiastico,
1622 676 1647 729 44

942 763 1138 837 Trithernius,
1165 762 1225 824 118.
1256 763 1426 824 Gemblaoi.
1461 765 1648 824 Scruomd

944 854 1097 932 Epistolas
1119 854 1202 916 addit
1223 856 1422 917 Trithemius.
1442 855 1567 933 Scripsit
1576 855 1647 914 41444

941 950 1141 1009 Fomorrorurn
1159 948 1333 1028 Pontificum
1356 947 1452 1019 44444,
1467 964 1543 1026 quae
1555 945 1647 1007 Pisauri

941 1040 971 1098 in
994 1040 1068 1100 sibl.
1088 1041 1190 1101 Ducaii
1214 1041 1349 1109 4444444,
1368 1048 1453 1100 44444
1474 1037 1648 1100 1441444144

940 1150 957 1193 a
977 1134 1007 1194 S.
1029 1131 1135 1193 Carolo
1158 1133 1233 1193 Bibi.
1255 1133 1414 1193 Pontificia
1432 1151 1462 1212 p.
1482 1133 1548 1193 i3'i.
1568 1131 1646 1209 quiet

940 1225 1019 1285 idern
1040 1231 1146 1285 contre
1160 1224 1328 1303 Epistolurn
1350 1222 1517 1286 Poscbalia
1531 1224 1568 1284 11.
1583 1224 1646 1284 Pont

940 1319 1024 1378 41444.
1048 1321 1208 1394 scripsisse
1231 1325 1374 1380 testatur.

979 1410 1215 1471 SIGEPEFTUS
1237 1411 1355 1487 Levita,
1370 1421 1421 1472 cst
1441 1406 1644 1473 ainamma

979 1501 1408 1565 stattaaardsttetensinm
1420 1501 1644 1581 Rex,secnlollt

937 1594 1026 1671 cujus
1056 1592 1193 1672 Epistola
1216 1594 1254 1655 ad
1284 1596 1484 1659 Desiderium
1504 1595 1644 1657 cadurcen-

937 1701 1002 1745 sem
1022 1687 1214 1765 Episcopum,
1232 1703 1294 1764 qua
1314 1689 1384 1748 sine
1406 1706 1466 1751 sua
1483 1689 1643 1762 4444444444·

938 1778 1043 1839 nodale
1059 1778 1229 1839 Concilium
1250 1780 1280 1838 44
1299 1797 1396 1859 regno
1412 1797 1473 1843 suo
1489 1783 1551 1858 cogi
1569 1778 1643 1859 probi

935 1869 1005 1942 bet,
1034 1869 1115 1930 edita
1144 1871 1277 1948 primum
1300 1878 1383 1932 esta
1401 1874 1525 1934 Canisio
1545 1878 1604 1931 tom
1617 1870 1639 1929 1.

162 1982 223 2025 sec.
254 1964 316 2023 vn.
349 1982 439 2040 quarn
462 1983 498 2025 cs
523 1967 618 2041 prima
645 1965 776 2024 editione
797 1963 880 2023 dedit
936 1969 1011 2038 part.
1029 1963 1058 2021 2.
1075 1964 1103 2021 44
1121 1962 1253 2022 editione
1269 1980 1442 2025 novavere
1459 1962 1640 2043 tombpbl

163 2057 254 2117 Andr.
275 2057 315 2116 du
338 2058 456 2117 chesne
477 2065 549 2117 tom.
572 2059 592 2115 1.
621 2055 728 2134 Script.
761 2057 880 2115 Franci·
935 2060 1011 2131 post.
1048 2055 1077 2113 in
1100 2055 1241 2116 conciliis
1263 2057 1367 2134 Regiis
1388 2063 1476 2117 44444
1495 2055 1639 2119 mide

160 2167 262 2209 corum
286 2166 305 2227 p
332 2150 399 2207 59t.
428 2167 464 2208 en
488 2150 661 2225 posteriore,
684 2147 770 2207 Libro
791 2148 880 2207 mira·
934 2146 980 2207 bei
999 2153 1080 2207 tomo
1099 2148 1131 2208 V.
1155 2149 1227 2207 item
1250 2150 1281 2207 in
1303 2149 1533 2228 capitularibus
1551 2147 1640 2211 144144Γί

158 2241 294 2300 culorum
316 2245 348 2298 et
374 2240 440 2299 44444
465 2238 666 2299 additionibus
698 2239 878 2316 locupletata
935 2243 1016 2298 tomo
1030 2240 1052 2299 1.
1069 2258 1097 2317 p.
1117 2240 1184 2299 143.
1339 2270 1342 2275 ·

158 2331 399 2397 ,144144444444
430 2332 460 2389 44
493 2331 665 2409 Appendice
687 2330 723 2391 ad
755 2331 878 2391 Surium
977 2331 1201 2393 SlGiBERTUS
1216 2333 1391 2416 Episcopus
1408 2333 1639 2409 cinnomus

160 2423 258 2489 44114.
280 2424 310 2482 44
332 2423 462 2484 editione
484 2427 571 2484 tertia
593 2424 670 2485 Surii
692 2422 720 2483 d.
743 2422 773 2481 7.
793 2422 879 2481 Febr.
934 2425 1042 2484 toriam
1062 2442 1166 2502 rogum
1202 2425 1317 2486 Galliae
1346 2431 1511 2508 scripsisse
1536 2429 1636 2496 dicitur,

158 2524 190 2576 et
213 2515 424 2577 Henschenius
445 2518 475 2575 44
497 2516 582 2576 Actis
597 2517 652 2577 SS.
667 2522 738 2575 torn.
754 2516 776 2574 1.
791 2515 875 2575 Febr.
932 2514 970 2576 de
991 2533 1051 2593 quo
1073 2516 1158 2594 ptura
1178 2525 1253 2578 sunt
1273 2521 1407 2596 cognita.
1430 2522 1505 2582 11444.
1536 2521 1636 2581 14444444

158 2627 187 2688 p.
208 2609 278 2670 229.
299 2611 387 2685 cujus
408 2607 485 2668 adde
515 2610 771 2670 commentarium
793 2624 878 2684 pree-
933 2606 970 2667 de
993 2608 1018 2669 la
1035 2610 1149 2671 Franco
1166 2614 1237 2669 tom.
1256 2609 1325 2689 V.p
1344 2611 1418 2671 601.

157 2701 241 2762 vium
263 2717 292 2778 p.
313 2701 381 2761 243.
404 2700 473 2760 244.
973 2700 1213 2762 sisenandus
1234 2702 1284 2761 vel
1317 2703 1504 2781 siccardus:
1532 2702 1635 2766 44448

204 2791 271 2851 Vita
287 2789 464 2861 Theoderici,
477 2789 623 2869 Episcopi,
639 2791 783 2851 distensis
797 2791 877 2853 edita
932 2791 1060 2863 Albani,
1075 2792 1221 2853 dioecesis
1238 2796 1436 2872 114444ιί444
1447 2844 1457 2871 ,
1470 2785 1583 2877 scripsit
1599 2812 1644 2855 44.

158 2890 244 2945 4444
274 2883 420 2943 1441444444
455 2891 526 2944 tom.
557 2885 739 2961 1844444444.
775 2902 876 2946 rerum
933 2901 971 2943 44
990 2886 1068 2945 4298
1104 2885 1635 2953 siumeuroaemensium

158 2975 425 3035 Brunsuicensium
448 2993 475 3053 p.
498 2977 566 3036 293.
588 2976 645 3038 sub
673 2979 792 3036 nomine
824 2979 877 3037 Le·
931 2975 1064 3051 14444444,
1088 2977 1167 3038 unde
1186 2979 1338 3058 Excerpta
1357 2982 1444 3045 dedit
1471 2984 1544 3045 Pau.
1569 2984 1636 3058 sape

156 3065 235 3128 vitae
265 3068 296 3129 8.
326 3066 475 3128 Vincentii.
504 3071 570 3146 ipsc
597 3085 671 3127 vero
697 3068 873 3145 sigebertus
932 3067 1072 3128 brochius
1085 3070 1113 3127 in
1130 3070 1215 3130 Actis
1236 3072 1422 3137 Sanctorum
1441 3084 1463 3136 t.
1480 3076 1519 3137 141
1533 3074 1636 3150 luniip

157 3176 224 3221 eam
246 3177 263 3220 a
284 3175 316 3219 44
338 3161 480 3238 scriptam
501 3176 570 3221 esse
591 3166 729 3222 testatur.
929 3161 978 3220 73.
995 3161 1086 3238 cuius
1099 3164 1192 3223 etiam
1215 3163 1288 3234 vide
1301 3167 1636 3246 Commenununpnc·

198 3250 451 3314 GestaAbbatum
465 3250 810 3315 Gemblaeensiumtom.
827 3256 874 3315 111.
929 3252 1014 3313 vium
1039 3269 1104 3332 pag.
1135 3255 1181 3315 ts.
1212 3256 1262 3315 46.
1290 3256 1422 3336 Scripsit
1449 3264 1553 3334 444444,
1576 3262 1635 3319 test

154 3346 289 3408 Decherii
321 3364 350 3424 p.
382 3348 450 3407 505.
473 3347 543 3406 edit.
577 3363 674 3406 novae
696 3354 717 3404 4.
740 3347 774 3406 li.
796 3346 876 3408 edita
931 3343 1536 3433 Τ441144444444144444.1144444ςί4444,
1566 3349 1637 3411 rins

25 3433 32 3441 ’
154 3440 211 3517 ipsi
231 3454 350 3516 quoque
370 3437 517 3511 adscribo,
550 3440 644 3516 ipsius
666 3440 874 3499 testimonium
929 3439 960 3498 8.
986 3436 1100 3499 Albani
1110 3458 1116 3498 ε
1140 3440 1269 3501 tortasse
1291 3443 1342 3504 4114
1364 3453 1437 3521 444,
1459 3463 1548 3525 quam
1575 3441 1637 3504 debit

154 3536 288 3592 secutus.
321 3532 401 3591 Fecit
431 3531 510 3591 idern
544 3531 732 3591 Mabiliouius
754 3539 785 3591 et
814 3533 873 3593 4444.
929 3530 1072 3591 canisius
1088 3533 1170 3592 Lect.
1189 3531 1261 3593 Aut.
1279 3535 1355 3595 edit.
1378 3540 1489 3616 prioris
1512 3545 1586 3599 tomo
1602 3533 1635 3594 41.

152 3621 235 3693 Quae
257 3638 328 3681 vero
348 3627 477 3682 44444444
493 3623 573 3682 411444
590 3629 744 3699 superant,
763 3622 801 3683 ab
814 3623 872 3685 aiio
928 3641 956 3702 p.
984 3624 1052 3685 598.
1080 3632 1192 3702 poster.
1220 3629 1359 3688 4444111.
1382 3632 1500 3709 44153.
1522 3626 1636 3709 44444444

152 3714 360 3774 continuatore
378 3722 452 3774 suut
471 3713 600 3791 adjecta.
930 3716 1102 3793 negandum
1126 3735 1185 3777 non
1206 3726 1255 3778 est
1275 3723 1490 3787 contradicere
1509 3723 1636 3787 84444444

194 3805 371 3880 Sequuntur
403 3806 513 3867 inedita
541 3808 688 3885 sigeberti
710 3827 788 3888 quae
810 3812 873 3889 ipse
930 3812 1136 3889 reablogunt.
1161 3812 1172 3870 1
1201 3813 1249 3871 48.
1269 3815 1297 3873 4.

152 3903 389 3956 commemorat:
412 3897 518 3959 Passio
534 3900 565 3961 8.
584 3899 703 3974 buccae,
723 3904 875 3963 metroal-
968 3902 1227 3979 sluaflnnDUS,
1259 3905 1460 3986 equitanus,
1497 3907 1635 3971 monachus

152 3990 253 4048 caico:
281 3990 385 4050 Sernm
417 3990 448 4050 in
475 3989 596 4053 laudem
622 3990 722 4070 illius,
743 3996 794 4073 qui
814 3996 874 4059 118.
928 3994 1634 4077 844-144444444444444444441444444444

153 4078 306 4141 Gemblaci
342 4091 501 4143 servatur:
533 4084 640 4146 Passio
674 4083 875 4148 Thebaeorum
930 4089 1057 4167 Scripsit
1074 4089 1242 4150 Historiam
1255 4091 1491 4157 miraculorum
1506 4097 1537 4159 8.
1557 4089 1634 4155 daal

152 4175 334 4252 marturum,
355 4175 404 4233 tib.
427 4176 476 4236 144.
498 4180 641 4255 carmine,
664 4179 783 4243 ibidem.
798 4180 874 4240 lnci-
929 4180 1005 4242 mini
1025 4182 1124 4261 Episc.
1140 4183 1344 4262 Trevironsis,
1362 4205 1460 4267 quam
1476 4189 1567 4253 edidit
1579 4179 1632 4247 Gol-

152 4266 214 4342 pit:
236 4264 425 4345 bturtpribus
444 4286 550 4332 roseus
574 4269 714 4333 Fbebccis
729 4271 814 4355 serre
828 4290 874 4334 co·
928 4275 1139 4338 Hensehenius
1155 4278 1183 4335 in
1203 4278 1290 4337 Actis
1307 4279 1495 4343 Sanctorum
1513 4273 1632 4343 4444111·

150 4373 263 4420 ronos:
280 4359 345 4421 Vita
355 4362 386 4423 8.
400 4361 559 4438 lamberti,
572 4366 712 4443 Episcopi
731 4367 873 4427 Leodien-
926 4364 993 4446 Maii
1011 4384 1078 4445 pag.
1095 4369 1144 4429 25.
1161 4368 1247 4431 Adde
1268 4373 1410 4435 Broweri
1425 4376 1534 4437 dunel.
1554 4368 1631 4435 Trevi-

152 4451 869 4535 4444414444144444444414441484444444444
927 4461 1257 4524 4444441Χ44.Η444.
1283 4465 1455 4531 litterariam
1476 4469 1630 4530 4441144444
1680 4452 1682 4465 '

148 4543 310 4622 Responsio
324 4545 365 4607 ud
375 4547 540 4628 Epistolonr
555 4548 755 4613 Hildebrandi
767 4552 871 4632 Papae
926 4567 975 4610 mo
996 4553 1045 4613 vt.
1061 4571 1090 4631 p.
1105 4554 1173 4616 300.

147 4651 237 4712 quam
274 4647 377 4698 contra
410 4641 623 4719 imperatorem
650 4647 813 4723 scripserat
832 4646 870 4707 ad
966 4646 1127 4709 SIGERUS
1159 4646 1196 4709 de
1229 4647 1359 4727 ructu,
1396 4654 1467 4715 41444
1494 4654 1627 4733 lerunt,

149 4726 363 4804 Hermannurn,
379 4733 480 4809 Episc.
494 4736 658 4797 1144444444
672 4757 679 4796 :
698 4736 872 4816 Apoloyiarn
926 4739 1069 4815 Flander,
1080 4740 1151 4803 Ord.
1165 4741 1431 4816 Praedicatorum,
1442 4748 1554 4810 circae.
1565 4737 1626 4801 4444-

147 4817 184 4877 ad
205 4820 365 4885 ilenricum
385 4826 492 4904 imper.
512 4835 617 4908 contra
640 4847 713 4906 cos,
731 4834 782 4912 qui
800 4834 870 4894 mis·
931 4832 1057 4912 Scripsit
1087 4833 1183 4895 Vitam
1215 4836 1249 4895 P.
1280 4838 1483 4916 Marparetue
1501 4839 1536 4899 de
1557 4827 1625 4911 l'ttft·
