3368 5362
766 178 986 241 uanius
1569 177 1607 239 31

181 292 258 353 4415.
282 288 392 368 Poppio
412 288 581 348 Eiorentino
602 275 678 348 della
701 286 845 348 mortedi
900 291 1023 346 storiam
1050 301 1086 343 ac
1116 281 1269 343 luvenalis
1286 288 1408 362 satyras
1425 279 1615 362 probarunt,

154 383 285 444 Girolamo
302 383 419 443 4444444.
900 396 957 439 nae
971 384 1071 439 actum
1084 377 1162 437 mole
1172 375 1344 451 uobiscum,
1361 374 1471 456 quibus
1482 377 1548 455 ejus
1558 374 1621 437 uiri

183 482 193 539 4
200 479 262 537 tuo.
288 476 442 536 Tommaso
475 473 643 554 Macenipo,
665 475 740 535 libro
769 473 847 553 degli
901 473 1003 533 omnia
1022 477 1209 532 monumenta
1225 470 1393 551 perierunt.
1415 469 1543 532 sednon
1560 485 1620 529 444·

155 570 251 649 aringhi
274 569 339 629 letti
360 567 398 629 da
420 569 471 629 lui.
901 567 985 628 44444
1002 564 1038 626 de
1061 570 1143 626 tanta
1165 565 1266 625 Marii
1285 564 1419 625 Maoeimi
1430 563 1620 645 praestantia

185 663 265 722 4454.
287 649 472 723 Notatorium
490 661 621 739 collegii.
903 659 979 721 idem
1005 658 1064 739 fait
1085 658 1254 738 judiciam:
1286 675 1356 718 nam
1384 657 1509 719 Flauius
1537 656 1619 736 Vopi-

183 755 262 816 4443.
285 753 444 817 Coriolano
461 753 563 834 Ciprio
580 752 730 830 Dalmata,
743 755 848 816 Storia.
902 771 973 817 sous
989 753 1019 829 4)
1037 759 1167 834 scriptor
1181 751 1418 831 elegantissmus
1433 750 1516 831 longe
1530 750 1622 815 aliter

183 849 317 910 MARIUS
337 849 490 909 Ecclesiae
501 847 660 909 Auentinae
674 847 851 909 444444444-
903 847 940 908 de
954 845 1182 925 eoproaunciat,
1199 845 1292 906 libelli
1305 846 1367 924 ejus
1380 845 1462 906 444444
1479 862 1538 926 qua
1551 845 1619 905 Fir-

158 944 283 1018 rieorum,
301 940 402 1019 (hodie
418 940 648 1018 Lousaanensr's)
666 942 695 1000 44
717 941 850 1002 Helvetia
904 959 983 1000 mam
1001 945 1030 1001 et
1048 939 1123 1000 alios
1140 944 1202 1001 tres
1219 939 1401 1001 minusculas
1418 941 1619 1018 Imperatores

158 1038 319 1115 Episcopus,
342 1037 392 1112 qui
410 1032 466 1095 44.
484 1034 553 1096 485.
570 1034 701 1096 Concilio
717 1037 852 1097 Matisco·
876 1112 879 1117 .
901 1033 1029 1115 posteris
1050 1032 1183 1092 tradidit.
1210 1032 1367 1094 Laudatur
1384 1033 1502 1095 Marius
1518 1032 1621 1094 dant-

159 1130 224 1188 uensi
245 1128 442 1206 subscripsit,
464 1134 534 1187 ante
565 1127 623 1188 An.
653 1129 722 1189 598.
746 1127 851 1189 (44444-
904 1144 970 1187 mus
987 1131 1018 1186 et
1031 1145 1050 1186 4
1063 1126 1162 1187 444444
1174 1125 1331 1187 luvenalis
1354 1128 1526 1207 iuterprete.
1546 1128 1618 1204 (Sat.

159 1229 225 1280 aas:
247 1220 326 1280 idem
347 1222 461 1281 Auctor
484 1217 626 1281 Clrrorrici
644 1221 683 1282 ab
703 1221 761 1281 ln.
782 1219 849 1281 455.
904 1223 951 1281 lV.
963 1220 1000 1281 ad
1014 1239 1042 1280 v.
1062 1221 1121 1296 53.)
1137 1220 1186 1282 ubi
1202 1220 1240 1281 de
1255 1221 1383 1282 Palfurio
1401 1224 1486 1298 Sura,
1503 1221 1622 1282 Consu·

160 1313 196 1372 444
212 1313 374 1374 PROSPEM
394 1313 524 1387 desinit,
546 1330 642 1391 usque
663 1314 698 1374 ad
717 1313 773 1374 444.
791 1314 844 1374 484
905 1315 975 1374 laris
996 1314 1053 1372 viri
1076 1314 1143 1374 44444.

160 1407 219 1483 quod
244 1424 313 1468 curu
345 1406 518 1485 4444444444
551 1406 722 1468 ANONYMI
754 1423 850 1484 usque
944 1407 1087 1468 MARlUS
1112 1410 1281 1483 Mercator,
1299 1406 1370 1469 llier
1394 1409 1422 1484 4)
1443 1409 1564 1486 potius,
1586 1413 1621 1467 ut

162 1499 187 1558 44
207 1517 249 1560 44.
278 1501 347 1560 bil.
380 1497 472 1560 edidit
492 1516 530 1560 ex
563 1508 738 1579 pervetusto
772 1503 848 1561 Petri
904 1500 1026 1562 videtur
1041 1503 1161 1561 natione
1178 1519 1268 1579 quam
1285 1501 1459 1580 Campanus
1477 1501 1525 1561 vel
1539 1500 1622 1579 Apu-

162 1593 284 1654 iraocisoi
302 1593 432 1655 Cbissetii
447 1591 556 1653 Codice
571 1592 707 1654 Andreas
720 1592 762 1654 du
776 1593 851 1654 Che
905 1592 976 1668 lus,
999 1592 1138 1672 idemque
1155 1597 1260 1655 laicus
1283 1596 1382 1672 potius
1396 1602 1488 1671 atque
1505 1610 1542 1653 ex
1560 1593 1621 1654 Aa·

163 1701 202 1745 sne
216 1694 289 1763 4444.Ι
305 1691 333 1750 4.
355 1688 534 1764 scriptorum
554 1704 652 1749 rerum
670 1690 849 1751 Francorum
904 1686 1083 1747 ditorialium
1102 1687 1353 1749 scholasticorum
1378 1705 1505 1748 numero
1518 1689 1569 1765 qui
1591 1688 1621 1747 in

163 1795 208 1856 pag.
225 1782 287 1842 llll.
310 1781 380 1841 464.
399 1783 489 1840 Paris.
510 1781 596 1843 4638.
613 1782 661 1843 444.
679 1780 753 1842 vue
767 1781 848 1841 Sam.
904 1781 1044 1840 Romanis
1077 1779 1191 1840 iudiciis
1224 1780 1338 1858 pridem
1363 1782 1567 1855 militaverat,
1594 1781 1620 1855 4)

165 1873 317 1953 lasnagium
339 1873 376 1935 ad
408 1872 530 1935 dunum
552 1876 618 1937 584.
641 1892 669 1935 4.
693 1877 739 1937 444.
761 1875 850 1936 Cam·
904 1889 994 1952 quam
1019 1872 1177 1952 presbyter
1198 1875 1246 1935 vel
1261 1875 1440 1952 Episcopus.
1453 1875 1539 1934 41444
1559 1873 1621 1934 llu-

167 1963 206 2025 luo
221 1968 247 2027 44
267 1969 375 2029 Cointe
396 1975 468 2027 tom.
491 1969 519 2028 2.
539 1968 645 2029 44441.
668 1970 848 2030 Francorum
904 1969 1044 2045 gostinus
1062 1968 1091 2025 44
1107 1967 1240 2045 Epistola
1252 1966 1288 2027 ad
1307 1983 1375 2027 eum
1392 1967 1504 2045 scripta
1517 1966 1544 2045 g)
1563 1967 1621 2025 llo-

168 2073 210 2137 prg.
225 2061 292 2121 449.
315 2077 382 2138 seq.
403 2059 470 2120 447.
493 2067 548 2120 444.
904 2063 1017 2120 minum
1027 2059 1254 2121 dilectissimum
1264 2065 1293 2120 et
1302 2059 1332 2119 in
1345 2061 1468 2122 Cllristi
1478 2055 1621 2121 membris

191 2154 321 2215 illiliUS
352 2153 520 2232 Georgius,
541 2155 685 2215 Venetus.
709 2153 782 2215 vido
803 2170 853 2215 su·
905 2154 1110 2215 sincerissima
1123 2153 1513 2234 cbarr‘tatepraedieaudum
1524 2152 1621 2234 tilium

167 2247 341 2319 pnMarcus
355 2246 555 2308 GEOMGlUS.
575 2252 596 2306 t.
619 2249 647 2321 3,
668 2265 696 2326 p.
718 2248 767 2306 34.
905 2244 1042 2326 appellat.
1074 2248 1299 2326 pelagianorum
1324 2254 1354 2307 el
1377 2250 1622 2309 Nestorianorum

192 2339 308 2403 imanes
325 2341 476 2402 MAMiUS.
497 2343 592 2419 Supra
614 2347 636 2400 t.
660 2341 686 2400 4.
707 2359 736 2420 p.
758 2340 825 2402 387.
906 2342 984 2401 acris
1001 2341 1201 2413 adversarius,
1220 2343 1259 2401 444
1275 2349 1376 2401 tamen
1395 2349 1429 2402 ut
1448 2344 1623 2420 neutiquam

190 2433 318 2496 alsius
336 2433 557 2495 lausannensis
573 2435 748 2513 Episcopus,
762 2452 851 2514 supra
908 2434 1018 2494 iaceret
1032 2439 1100 2494 cuin
1111 2435 1271 2512 Eutyche:
1289 2434 1320 2510 44)
1339 2435 1424 2496 Ρ4444
1442 2434 1568 2513 collegit,
1587 2452 1625 2496 ex

166 2522 282 2588 llilills
300 2527 514 2588 aventicensis.
906 2527 1021 2588 Graeco
1042 2529 1145 2587 Latine
1167 2530 1278 2603 vertit,
1301 2528 1445 2588 44444444
1466 2527 1552 2588 etde
1569 2545 1626 2588 suo

116 2620 119 2635 '
193 2619 324 2682 MARIUS
337 2620 507 2683 Macrinus.
526 2619 637 2681 4441444
652 2627 769 2698 praeter
783 2622 855 2681 Vos·
908 2620 1022 2682 addidit
1043 2621 1207 2700 Pelagianis
1229 2623 1364 2700 opposita
1381 2628 1412 2680 et
1429 2622 1626 2681 Nestorianis.

168 2711 224 2772 siin
243 2715 278 2774 ll.
296 2715 325 2775 3.
337 2714 506 2775 audiendus
516 2713 711 2775 casaubonus
719 2713 755 2775 ad
768 2713 855 2793 Spar·
908 2716 986 2777 Sunt
1003 2721 1103 2775 autem
1123 2717 1151 2773 in
1172 2717 1268 2793 prima
1286 2714 1457 2773 Gerberonii
1476 2713 1625 2776 editione:

116 2798 119 2883 ξ
170 2803 222 2865 ilani
235 2807 415 2869 Hadrianum
429 2825 493 2886 cap.
511 2808 539 2870 2.
557 2807 679 2870 Marius
694 2807 853 2870 mmmm
952 2811 978 2882 4)
1006 2808 1266 2870 Commonitorium
1299 2806 1431 2881 Lectori,
1459 2804 1626 2870 aduersum

116 2888 119 2909 '
168 2895 861 2981 Historiaedupustaesariptor(postSvetoniumi
910 2899 1401 2980 baeresinPelagiietCelaestiiuel
1414 2900 1503 2962 etiam
1513 2902 1629 2982 scripta

169 2986 349 3071 interprimos
363 2992 615 3056 elatinis:unde
627 2993 774 3075 pleraque
791 3011 857 3054 con-
908 2995 1033 3055 tuliani:
1050 2996 1070 3054 ὰ
1087 2995 1184 3055 Mario
1198 2997 1372 3070 Mercatore,
1391 3010 1479 3056 seruo
1493 2995 1625 3058 CMristi.

116 3072 119 3125 !
167 3086 351 3149 saramania
368 3104 448 3166 qaae
472 3086 551 3148 bisce
568 3088 754 3149 continentur
770 3086 857 3150 libris
949 3090 978 3164 2)
994 3086 1083 3148 liber
1099 3086 1339 3150 subnotationum
1356 3088 1398 3149 ad
1414 3093 1429 3145 J
1433 3091 1525 3150 uliani
1543 3087 1628 3151 Pela-

116 3184 118 3273 ᾗ
168 3190 235 3254 usque
253 3181 294 3242 ad
321 3179 532 3240 Alemaudrum
560 3183 726 3242 8444444444
748 3180 779 3241 iu
798 3198 857 3260 quo
907 3181 993 3259 praui
1007 3180 1137 3260 capitulo
1154 3201 1190 3243 ex
1211 3184 1293 3244 libris
1313 3184 1349 3244 ad
1373 3185 1494 3245 Florum
1513 3201 1577 3263 pag.
1598 3186 1628 3244 9.

116 3286 119 3345 ;
169 3266 278 3354 Principe
307 3273 430 3335 videtur
453 3273 570 3335 Marias
598 3276 858 3348 (exorsusiTra-
909 3282 987 3334 etex
1004 3275 1172 3335 librotertio
1188 3277 1225 3337 de
1236 3286 1365 3356 quatuor
1378 3278 1416 3338 ad
1427 3281 1626 3340 Turbantium

116 3348 120 3441 4
169 3355 223 3438 iano)
237 3365 505 3446 4444444444
519 3366 627 3444 prem,
646 3366 708 3446 ipse
722 3367 858 3448 444444
910 3380 975 3446 pag.
995 3367 1044 3426 as.

116 3490 120 3543 i
171 3467 248 3519 444444
267 3467 432 3542 temporum
451 3458 599 3540 aequalis.
621 3464 647 3532 4)
666 3461 746 3540 Opus
769 3479 856 3522 suum
951 3464 978 3537 3)
1003 3458 1146 3520 Theodori
1160 3463 1358 3538 Mopsuesteni
1370 3465 1505 3524 sermab
1525 3464 1630 3527 Maria

116 3554 121 3613 4
170 3543 374 3634 limianorum
401 3552 548 3614 librorum
565 3560 657 3615 tomas
672 3553 788 3634 aliquot
803 3556 857 3615 tri·
909 3557 1073 3616 Mercatore
1088 3555 1244 3634 repositas
1265 3560 1294 3615 et
1309 3554 1487 3635 confutatus,
1507 3574 1571 3635 pag.
1589 3558 1626 3617 44

116 3618 123 3719 Ι
173 3632 356 3722 messmam
382 3645 458 3708 alibi
480 3649 506 3723 b)
535 3662 601 3708 eum
630 3648 811 3727 Spartianus
827 3652 856 3708 44
911 3665 981 3710 cum
1000 3647 1273 3729 duabusEpistolis
1290 3651 1370 3710 Marii
1394 3666 1459 3728 pag.
1478 3649 1525 3708 68.
1543 3648 1629 3708 4440

116 3734 121 3835 ξ
175 3737 242 3804 ilino
261 3739 859 3822 septenariolaudat.ScribitAmmianus
912 3748 943 3802 et
964 3747 1097 3802 tractatu
1118 3744 1286 3805 Nestoriani
1307 3742 1468 3821 cujusdam
1493 3743 1509 3803 a
1539 3742 1631 3803 Mario

176 3824 338 3923 4444444444
354 3834 486 3915 siluisse
501 3852 555 3896 suo
567 3834 790 3910 seculomultos,
808 3836 862 3917 qui
912 3837 1074 3896 Mercatore
1091 3837 1235 3896 translato
1247 3880 1254 3907 ,
1266 3839 1317 3915 qui
1336 3837 1459 3914 incipit:
1476 3835 1632 3899 Contremu-

176 3930 196 3975 u
204 3938 303 3987 nmmo
316 3933 457 3989 aetenum.
468 3928 598 3989 amnium
618 3929 800 4007 scriptorum
812 3929 859 4010 fa
914 3926 971 3988 lias
990 3927 1109 4008 quidem
1128 3947 1158 3989 m
1174 3947 1219 3989 me
1237 3928 1460 3990 baereticorum
1480 3927 1627 3993 arbitror.

117 4044 122 4101 3
176 4010 236 4074 444444
251 4017 325 4081 4444
347 4019 443 4081 solum
471 4039 513 4083 444
536 4021 687 4082 historicis
700 4040 738 4095 ,e
763 4022 861 4084 Poetis
915 4039 979 4100 pag.
1001 4022 1050 4083 75.

117 4118 121 4165 4
178 4114 242 4168 Mem
263 4113 435 4176 tricennalem
454 4116 657 4188 mirarentur,
671 4133 708 4177 ar
731 4116 861 4179 studiose
956 4119 1033 4178 Haec
1050 4135 1127 4196 quae
1141 4119 1315 4180 vocatdcta
1329 4116 1425 4179 Marii
1437 4116 1631 4194 llercataris,

118 4176 126 4239 ¹
179 4189 318 4267 letarum.
338 4208 400 4285 Qui
416 4208 443 4270 si
451 4208 566 4289 judicio
577 4209 654 4292 pari
670 4211 807 4273 Maaimi
819 4211 862 4272 bi·
917 4211 948 4272 S.
969 4213 1141 4290 Augustini,
1159 4213 1311 4274 Ecclesise
1327 4211 1462 4273 Doctoris
1484 4210 1631 4292 discipuli,

120 4388 124 4397 Ι
207 4413 225 4471 1)
233 4418 364 4471 mulcetur
376 4420 434 4471 44444
448 4429 503 4482 past
514 4424 673 4482 Adventum,
689 4430 800 4487 tempore
812 4429 870 4476 Me·
961 4423 984 4482 4)
1000 4427 1038 4473 to.
1055 4427 1190 4476 (temerius
1208 4424 1343 4488 prolegom.
1360 4426 1483 4487 pugili.

180 4483 368 4556 mariammes
387 4496 474 4546 ilionis
493 4496 536 4547 lib.
556 4499 595 4547 78.
613 4510 672 4561 pag.
684 4499 740 4551 444.
754 4503 867 4553 valesius
959 4500 985 4560 g)
1008 4502 1035 4548 44
1051 4499 1162 4550 editions
1179 4502 1413 4551 Benedictlonorum
1432 4503 1542 4563 primum
1567 4498 1634 4549 edite

182 4551 223 4607 illl
235 4573 330 4622 4444444.
913 4575 1023 4638 Epistola
1044 4576 1126 4624 444444.
1151 4578 1243 4638 scriptu
1263 4580 1290 4624 Α.
1309 4577 1336 4624 C.
1354 4573 1410 4624 418.
1428 4576 1474 4625 Sed
1492 4574 1537 4625 diu
1558 4575 1634 4623 etism

211 4633 230 4695 i)
242 4642 265 4691 14
280 4649 387 4696 turonio
407 4648 467 4696 (4444
478 4659 535 4708 cap.
552 4647 577 4696 l.
913 4655 969 4711 post
988 4653 1239 4712 4443444144444.
1256 4649 1312 4700 lbi).
1338 4650 1484 4699 defunctum
1508 4652 1635 4711 superstes

214 4708 398 4769 tinnulus.
416 4733 472 4784 cap.
490 4722 515 4770 4.
911 4725 976 4775 sirac
992 4724 1039 4774 luit
1056 4728 1147 4775 Marius
1164 4730 1192 4774 4.
1208 4725 1264 4774 4544.
1281 4733 1309 4775 44
1325 4739 1339 4775 4
1356 4724 1456 4772 44444444
1474 4728 1499 4770 44
1515 4721 1634 4770 4144444-

213 4779 232 4837 i)
245 4790 267 4838 44
278 4796 328 4844 rite
340 4797 419 4846 4444444
431 4833 440 4854 ,
455 4797 601 4856 saturnini,
616 4798 719 4849 Proculi
731 4804 757 4848 et
768 4801 866 4848 4444444.
912 4806 1036 4850 notatum.

215 4855 582 4932 4444444444444444,
595 4871 804 4924 44144444444444
814 4874 867 4923 4444.
952 4875 979 4933 li)
997 4874 1130 4924 arrianam
1159 4879 1227 4924 Tam.
1244 4877 1292 4923 xv.
1311 4872 1452 4920 4444444444.
1473 4881 1531 4931 pag.
1547 4868 1588 4924 44.

120 5000 130 5325 4
