3542 5424
115 309 273 389 separatim
292 305 371 368 edita
392 307 518 368 4444444
535 305 698 380 4044444444,
716 312 747 366 44
773 308 834 367 Pir·
926 309 1055 370 Jonnnoa
1075 307 1111 369 do
1137 307 1360 388 44οΗ044Αο0,
1390 311 1610 374 0044400440.

116 403 245 465 lrairuero
256 399 449 461 dicaiaiiasil.
463 401 515 464 454
523 397 701 478 0440444434
714 399 839 461 4444444
889 404 1019 464 ioannes
1035 402 1247 464 MULTONUS:
1270 405 1367 483 Supra
1383 410 1404 464 t.
1424 405 1473 466 iV.
1494 425 1524 484 p.
1543 407 1614 469 304.

116 497 257 557 4044444
275 495 356 553 versi
372 539 380 569 ,
396 498 427 552 et
441 492 625 553 Declamatio
640 511 700 572 qua
714 492 842 554 Locioni
932 497 1127 558 440004Νο8
1144 496 1181 557 34
1205 498 1330 575 Lentis,
1347 498 1547 576 Florentinus,
1558 503 1618 562 ide·

120 587 335 672 Tyrannicidae
352 586 560 666 respondetur.
578 585 729 667 Epistolae
745 587 783 648 ad
795 587 839 648 di·
894 589 981 650 dicus
997 585 1032 648 ’44
1048 589 1248 651 4444440444
1265 591 1412 667 44445444,
1430 595 1517 656 44444
1537 595 1618 655 Ann-

117 699 223 745 eersos
238 697 308 743 oum
327 681 444 742 Erasini
460 679 497 740 ad
518 682 632 741 blorum
650 681 793 760 Epistolis
810 688 841 741 et
897 687 971 744 tomo
986 681 1119 742 omnium
1133 681 1263 742 hnmani
1279 684 1414 763 corporis
1441 686 1618 748 intervortam

117 779 152 840 ad
171 777 348 840 liuttenium
376 773 414 834 de
441 775 512 834 hiori
542 776 623 849 vita,
640 780 672 835 et
700 775 840 837 Guileinri
895 772 1097 836 membrorum
1112 777 1233 854 saepius
1255 777 1378 856 vulgata
1400 787 1468 856 post
1489 783 1617 860 primam

117 871 237 934 Corvini
254 868 395 929 Nucerini
414 865 451 926 ad
473 866 644 945 Philippum
666 871 840 929 Montanum
895 867 1056 928 editionem
1080 869 1256 946 Papiensem
1279 869 1367 929 Anno
1387 871 1473 932 4473.
1488 872 1561 933 Vide
1572 876 1619 933 444-

115 961 253 1025 eiusdem
275 960 459 1037 argumenti.
480 961 638 1038 Denique,
656 961 752 1040 Opera
771 963 841 1022 43444
895 961 1059 1021 hliothecas
1069 961 1200 1022 Medicas
1219 961 1368 1037 Lindenii,
1385 964 1528 1040 becilini,
1538 967 1619 1026 idan-

115 1057 240 1136 4444344444
253 1054 400 1114 44344444
414 1053 512 1114 lucem
531 1053 624 1114 hond.
643 1055 730 1138 4557.
742 1054 770 1114 l.
896 1056 956 1132 3444
971 1053 1083 1132 quibus
1094 1053 1231 1115 addenda
1250 1053 1340 1117 editio
1357 1074 1404 1118 an.
1426 1058 1503 1118 4550
1519 1060 1619 1138 inspe-

154 1147 398 1211 llOSOhiENSlS
432 1147 605 1208 lionasterii
626 1146 698 1207 043.
731 1147 842 1208 Bened.
896 1155 944 1209 cta
967 1150 1097 1227 0444344,
1118 1149 1148 1207 44
1171 1151 1259 1210 44444
1279 1166 1346 1228 pag.
1366 1149 1433 1211 470.
1452 1152 1565 1211 vixisse
1586 1167 1619 1210 sc

114 1247 143 1304 in
165 1237 296 1304 34444444
315 1242 457 1302 4444444444
477 1239 649 1303 chronicon
664 1241 701 1301 ab
719 1240 753 1301 Α.
772 1240 840 1302 974.
899 1247 1033 1302 testatur
1053 1239 1111 1302 hn.
1135 1242 1222 1304 4345.
1245 1245 1277 1303 44
1301 1241 1406 1304 iisdem
1429 1241 1620 1304 liibliothecis

114 1337 151 1400 ed
173 1333 401 1398 rohaennam
425 1335 442 1394 3
464 1333 653 1396 0445444444.
676 1335 737 1395 vii.
752 1337 842 1412 spici·
897 1341 932 1394 et
955 1335 1090 1401 conones
1111 1333 1245 1419 blandini
1273 1351 1363 1417 snper
1389 1338 1526 1412 43444444,
1549 1353 1618 1398 oum

114 1432 180 1508 legii
202 1445 271 1508 pag.
293 1427 362 1489 683.
383 1443 454 1492 oum
471 1426 638 1506 appendice
656 1427 693 1489 43
709 1426 745 1489 Α.
759 1427 849 1490 iata·
895 1427 1021 1489 ioannis
1042 1429 1162 1488 liesuae
1174 1428 1317 1507 operibus
1332 1431 1453 1508 saepius
1468 1429 1538 1490 editi
1558 1447 1621 1490 me·

115 1523 196 1600 ledit.
218 1538 315 1582 norae
336 1528 409 1582 tom.
432 1521 460 1583 2.
482 1537 549 1600 pag.
573 1522 643 1582 544.
666 1520 746 1592 573.)
895 1527 1060 1580 morantur.
1094 1522 1209 1585 Floruit
1243 1523 1344 1583 444444
1379 1526 1459 1583 inter
1492 1523 1621 1585 liedicos

153 1617 286 1676 Jonnnea
302 1615 443 1677 4404440.
461 1615 568 1693 Supra,
587 1615 838 1694 4104443304.
894 1612 1174 1688 444544444444444,
1196 1605 1307 1676 veiens
1328 1615 1461 1677 medium
1484 1618 1621 1691 seculum

153 1707 297 1788 AEpiriins
316 1707 496 1771 4404448408
518 1707 841 1784 4Μ444444,44444’344
897 1721 1020 1767 nonum.
1043 1705 1091 1767 Ab
1112 1705 1168 1767 hoc
1195 1707 1412 1769 Mundino'alii
1442 1709 1619 1794 4444344444
1687 1742 1690 1748 ·

115 1807 183 1879 etc.)
206 1800 309 1864 hbhas
330 1803 361 1864 S.
382 1803 499 1863 ldartini
521 1803 741 1875 lamacensis,
769 1799 840 1862 043.
894 1799 1041 1862 Medicum
1062 1801 1281 1861 Bononiensem
1303 1799 1513 1880 distinguunt,
1529 1804 1618 1881 eique

115 1897 289 1958 benedab
311 1895 357 1957 nn
394 1895 481 1957 4334.
502 1891 539 1956 43
563 1897 651 1957 4353.
673 1900 840 1973 (44444444.
896 1893 1085 1954 anatomiam
1120 1893 1457 1966 maluntadscribere:
1479 1895 1527 1955 alii
1560 1901 1622 1956 ter-

116 1991 165 2050 33.
187 1989 268 2050 diem
290 1989 364 2049 ohiit
385 2003 574 2068 supremum.
590 1988 724 2068 ‘Scripsit
746 1987 842 2049 04444·
883 1987 970 2046 tium
993 2003 1115 2064 quoque
1135 1985 1317 2070 Mundinum
1337 1987 1485 2048 inducunt
1500 1989 1621 2068 Foroju·

115 2081 202 2143 nr'con
219 2081 256 2144 de
270 2079 365 2143 rebus
379 2081 473 2162 444444
501 2080 651 2144 Comitum
677 2079 842 2146 4444434444-
897 2079 1046 2155 liensem,
1065 2081 1114 2140 eui
1133 2079 1304 2158 synonymo
1324 2078 1453 2141 -Medico
1473 2081 1619 2142 tribuunt.

116 2177 195 2238 risun
224 2177 263 2238 ah
290 2176 347 2238 hn.
376 2165 447 2237 973.
475 2173 511 2237 43
541 2174 621 2236 4348
648 2174 732 2234 4434
750 2175 842 2236 rebus
898 2169 956 2232 Sed
978 2187 1034 2251 ego
1056 2171 1129 2232 nihil
1164 2172 1310 2251 explorati
1330 2170 1368 2232 de
1390 2173 1448 2234 illis
1468 2177 1549 2253 potui
1571 2191 1618 2235 re-

117 2273 212 2348 gestis
232 2267 391 2330 Annorum
414 2266 502 2331 4343.
524 2267 562 2328 43
585 2267 679 2329 43344
700 2267 750 2329 uhi
773 2285 845 2348 pro-r
898 2265 1005 2343 perire.
1246 2287 1250 2298 ·

118 2365 178 2426 lixa
199 2362 238 2423 de
254 2361 464 2423 destructione
484 2359 666 2430 ludaeorum
689 2369 721 2422 et
741 2361 778 2421 444
796 2379 843 2422 se-
939 2358 1028 2422 Ι4443.
1046 2359 1148 2422 Codex
1171 2359 1245 2420 llihl.
1269 2361 1446 2444 Caesenatis
1469 2361 1619 2439 scriptus,

116 2464 164 2518 cta
186 2456 402 2535 flagellantium
421 2455 564 2515 narratio.
583 2455 741 2516 Praeterea
758 2455 844 2516 Vale·
898 2457 932 2513 ut
950 2469 1004 2530 ego
1018 2453 1145 2514 coniioio
1165 2469 1247 2514 saec.
1266 2453 1344 2514 4444.
1362 2446 1420 2514 non
1445 2454 1620 2532 ambiguum

116 2553 182 2612 rius
201 2547 339 2610 Andreas
354 2563 418 2628 pag.
436 2543 577 2610 4444041.
596 2547 676 2626 3443.
692 2555 841 2609 memorat
898 2545 1021 2623 praebet
1042 2552 1255 2626 argumentum
1284 2543 1488 2626 distinguendi
1505 2547 1620 2608 4444444

116 2649 280 2704 tractatum
313 2640 350 2718 de
381 2640 533 2720 hisquae
566 2641 755 2719 temporibus
777 2644 842 2703 suis
899 2655 972 2698 num
990 2637 1119 2700 aiterum
1137 2655 1154 2698 4
1172 2639 1342 2699 Florentino
1364 2639 1500 2700 eiusdem
1526 2642 1620 2700 norni-

1 2783 2 2786 ,
116 2743 189 2797 ante
203 2741 317 2814 etpost
338 2736 559 2814 promotionem
577 2751 664 2794 suam
690 2734 721 2794 in
736 2732 845 2796 Coeno·
899 2733 946 2791 nis
958 2731 1046 2810 piane
1058 2732 1225 2793 3444444444.
1240 2727 1316 2793 Tum
1330 2740 1361 2793 at
1371 2728 1508 2795 errorem
1520 2735 1620 2811 arguit

1 2823 2 2860 ³
117 2825 164 2888 hio
181 2827 368 2888 Martiniano
394 2824 634 2902 condemnet
651 2824 687 2886 34
714 2825 844 2888 044444-
898 2826 1068 2902 eorumqui
1087 2827 1247 2906 synonima
1275 2825 1391 2886 Medica
1417 2825 1558 2886 04434444
1576 2833 1621 2886 at-

1 2931 2 2960 4
120 2919 276 2982 hrdrnabarr
293 2924 322 2980 444
339 2921 389 2981 4444
407 2921 503 2981 solitis
517 2919 738 2980 observari:et
756 2920 845 2980 Golo-
898 2917 1045 2979 tribuunt.
1062 2917 1111 2978 En
1137 2919 1230 2997 igitur
1250 2919 1322 2981 iilud
1340 2917 1419 2997 quod
1437 2919 1510 2980 mihi
1529 2922 1621 2998 inspi-
1721 2979 1723 2986 s

1 3065 2 3072 ,
118 3012 217 3094 lopun
232 3011 384 3074 4435444444
401 3011 544 3090 coenobii
560 3012 612 3073 sni
624 3012 661 3073 43
674 3027 844 3090 sonusque
898 3010 1187 3074 444443444444444444
1202 3013 1329 3075 eandem
1343 3012 1557 3074 bibliothecam
1575 3015 1620 3072 44-

118 3116 266 3184 tempora,
283 3106 428 3184 rhythmo
445 3107 551 3168 Latino
568 3112 599 3167 et
612 3106 743 3167 Gallico:
759 3111 793 3166 ut
811 3106 845 3165 li·
899 3107 977 3164 senti
995 3107 1024 3164 in
1044 3105 1122 3166 Plut.
1137 3107 1215 3167 xiv.
1233 3106 1388 3169 Sinonimo
1406 3104 1552 3185 3444444444
1571 3107 1620 3168 84-

119 3201 210 3261 hrum
222 3200 472 3262 lamentationum
491 3200 609 3277 aliaque
619 3197 760 3277 rhythmo
772 3199 844 3258 scri·
898 3197 993 3258 monn
1009 3197 1046 3258 de
1062 3199 1167 3261 donna
1184 3216 1253 3261 cum
1273 3199 1476 3261 additionibus
1489 3201 1620 3279 Magistri

115 3301 169 3372 pta
189 3293 303 3354 Gallico
321 3297 518 3380 praeteream:
537 3291 633 3372 Supra
651 3295 681 3353 in
698 3289 846 3354 AEGlDiO
898 3289 1034 3352 blandini
1049 3290 1087 3351 34
1105 3292 1177 3351 Foro
1191 3293 1279 3354 lulio.

108 3384 235 3448 4444444
252 3389 450 3464 44444443.
470 3387 524 3450 44.
788 3405 793 3416 =
936 3384 1619 3464 loannesMUNERATUS.snp.t.iv.p.3ai.
1734 3363 1745 3376 ⁸

158 3479 322 3542 Gnr'crrdus
340 3479 376 3541 de
388 3477 563 3548 44004408.
583 3481 646 3559 8444
663 3485 684 3538 t.
704 3479 842 3558 344446.
936 3477 1099 3551 4400408,
1120 3477 1335 3553 4400434408,
1352 3480 1448 3556 44444,
1471 3477 1558 3540 aliu

154 3571 454 3636 44048843οΕ088
469 3573 638 3635 chronicon
653 3616 661 3650 ,
675 3587 765 3651 supra
776 3573 844 3633 440-
936 3571 1056 3632 44οΝ40
1076 3572 1142 3632 sive
1162 3570 1382 3644 4444004008,
1404 3570 1619 3631 hlindoniensis

112 3665 357 3731 ISSlACENSE.
440 3667 443 3672 ’
502 3722 503 3726 ,
898 3665 964 3724 sive
985 3663 1217 3748 Vallohricensis
1239 3665 1268 3723 ln
1290 3664 1431 3742 Hispania
1452 3663 1621 3743 Episcopus

152 3759 373 3835 1004444408,
387 3755 687 3821 intra-nilminus.
898 3757 977 3817 44444
995 3773 1043 3817 an.
1063 3758 1150 3818 4430.
1165 3765 1200 3820 44
1216 3756 1304 3818 docet
1316 3757 1378 3818 Nic.
1396 3756 1546 3818 Antonius
1558 3757 1620 3817 vii.

151 3851 299 3931 4044434444
320 3852 488 3914 44004008
503 3867 593 3929 supra
611 3857 684 3912 tom.
703 3853 731 3912 4.
747 3855 776 3929 p.
794 3851 844 3912 44.
901 3851 927 3910 4.
951 3850 1026 3910 Bibl.
1049 3852 1162 3913 veteris
1184 3852 1333 3930 Hispanae
1354 3856 1427 3910 tom.
1449 3849 1477 3910 2.
1496 3867 1562 3930 pag.
1583 3853 1622 3913 43

111 3954 145 4006 ei
167 3945 271 4025 paullo
288 3952 379 4018 ante,
394 3945 584 4006 4404448408.
899 3943 1078 4022 Quanquam
1101 3945 1234 4022 Gangins
1255 3961 1325 4005 eum
1347 3960 1416 4006 cum
1440 3943 1534 4004 444444
1551 3961 1622 4004 444-

157 4037 330 4102 Valerios
347 4035 383 4098 do
399 4037 525 4111 44003,
542 4037 706 4098 Monachus
728 4037 760 4097 Β.
784 4039 843 4099 illa·
900 4035 1030 4099 lundens
1052 4039 1213 4111 44444444,
1235 4039 1277 4098 nit
1297 4037 1376 4098 diern
1398 4038 1508 4099 obiisse
1533 4039 1622 4099 Anno

111 4135 178 4194 riae
202 4131 240 4192 de
256 4133 378 4193 'rhosan
397 4133 507 4206 404444)
528 4131 560 4190 in
588 4130 748 4205 Fiandria,
765 4131 845 4192 circa
901 4132 988 4193 4430.
1011 4131 1278 4192 citansvasaeum
1299 4132 1437 4193 chronici
1452 4133 1622 4216 'Hispaniae

111 4243 165 4287 444.
179 4225 273 4286 tasi.
285 4227 376 4286 cuius
389 4222 602 4303 compendium
615 4221 697 4283 Vitae
706 4222 739 4283 B.
758 4221 847 4283 Tlror·
900 4243 964 4304 4444.
990 4226 1015 4285 4.
1039 4227 1126 4286 44444
1148 4225 1246 4286 locum
1269 4227 1360 4285 etiam
1378 4226 1479 4286 attulit
1496 4227 1622 4289 Vossius

108 4319 215 4400 4444444
231 4322 298 4380 sive
318 4315 483 4398 Thorfinni‚
496 4317 636 4398 Episcopi
655 4315 847 4379 flammariae
901 4337 966 4398 pag.
991 4317 1059 4378 toa.
1082 4319 1115 4379 44
1137 4335 1173 4378 44
1205 4318 1277 4379 nihil
1299 4317 1336 4378 de
1366 4319 1416 4379 ilio
1447 4333 1545 4396 anno,
1566 4319 1620 4381 sed

113 4417 145 4472 44
165 4414 350 4491 homagia,
369 4411 500 4473 deiuncti
519 4411 682 4485 inexilio,
701 4412 845 4490 scriptum
901 4427 970 4473 cum
994 4411 1081 4472 laude
1104 4415 1217 4473 mentio
1239 4410 1382 4473 4444444444
1413 4403 1621 4493 compostella·

116 4504 265 4565 versibus
297 4505 504 4580 hexametris,
526 4503 619 4565 edidit
651 4504 776 4565 Carolus
801 4500 849 4564 44·
902 4515 1094 4583 4444,’4444444
1116 4523 1186 4567 oum
1209 4505 1362 4568 liUGONii
1384 4505 1499 4582 04444,
1517 4509 1621 4567 Portu-

112 4597 172 4658 sch
198 4597 274 4657 04444.
296 4597 426 4658 cisterc.
449 4615 514 4675 4443.
538 4599 607 4660 345.
629 4596 698 4656 347.
721 4598 811 4674 incip.
902 4599 1015 4661 incensi
1038 4597 1183 4661 4444444444
1204 4602 1373 4680 composuit
1389 4599 1426 4660 de
1441 4598 1619 4678 primordiis,

107 4701 200 4762 ‘rh‘
212 4699 291 4748 444444
304 4697 563 4752 nrmrsooresheetn
576 4695 842 4760 bononiensium
903 4691 1095 4755 successibus
1113 4700 1144 4754 et
1162 4695 1356 4756 incrementis
1367 4693 1517 4753 Ecclesiae
1532 4691 1620 4756 Com-

162 4909 191 4967 4)
211 4911 263 4959 don
278 4913 360 4962 4144444
376 4918 405 4961 44
416 4914 538 4974 bernerus
559 4921 616 4974 443.
636 4906 705 4960 4440.
723 4905 774 4958 hist
791 4907 853 4971 pot·
898 4920 952 4960 aeos
969 4909 1073 4960 44444444
1091 4905 1167 4958 medii
1185 4909 1262 4960 aerii.
