<?xml version="1.0" encoding="UTF-8"?>
<!DOCTYPE html PUBLIC "-//W3C//DTD XHTML 1.0 Transitional//EN"
    "http://www.w3.org/TR/xhtml1/DTD/xhtml1-transitional.dtd">
<html xmlns="http://www.w3.org/1999/xhtml" xml:lang="en" lang="en">
 <head>
  <title>
</title>
<meta http-equiv="Content-Type" content="text/html;charset=utf-8" />
  <meta name='ocr-system' content='tesseract 3.04.00' />
  <meta name='ocr-capabilities' content='ocr_page ocr_carea ocr_par ocr_line ocrx_word'/>
</head>
<body>
  <div class='ocr_page' id='page_1' title='image "./bibliothecalati01gallgoog_0225.png"; bbox 0 0 3368 5362; ppageno 0'>
   <div class='ocr_carea' id='block_1_1' title="bbox 161 198 887 1400">
    <p class='ocr_par' dir='ltr' id='par_1_1' title="bbox 161 198 887 1400">
     <span class='ocr_line' id='line_1_1' title="bbox 166 198 225 258; baseline -0.017 0"><span class='ocrx_word' id='word_1_1' title='bbox 166 198 225 258; x_wconf 74' lang='grc'><strong>4444</strong></span> 
     </span>
     <span class='ocr_line' id='line_1_2' title="bbox 165 299 887 375; baseline -0.011 -13"><span class='ocrx_word' id='word_1_2' title='bbox 165 304 211 362; x_wconf 77' lang='lat' dir='ltr'>ll&#39;.</span> <span class='ocrx_word' id='word_1_3' title='bbox 231 302 322 361; x_wconf 92' lang='lat' dir='ltr'>libros</span> <span class='ocrx_word' id='word_1_4' title='bbox 340 309 560 375; x_wconf 88' lang='lat' dir='ltr'>meteororum,</span> <span class='ocrx_word' id='word_1_5' title='bbox 583 299 620 357; x_wconf 86' lang='lat' dir='ltr'>de</span> <span class='ocrx_word' id='word_1_6' title='bbox 643 315 748 357; x_wconf 93' lang='lat' dir='ltr'>somno</span> <span class='ocrx_word' id='word_1_7' title='bbox 765 307 796 355; x_wconf 86' lang='lat' dir='ltr'>et</span> <span class='ocrx_word' id='word_1_8' title='bbox 815 299 887 375; x_wconf 87' lang='lat' dir='ltr'>vigi-</span> 
     </span>
     <span class='ocr_line' id='line_1_3' title="bbox 166 389 885 471; baseline -0.01 -15"><span class='ocrx_word' id='word_1_9' title='bbox 166 398 224 468; x_wconf 89' lang='lat' dir='ltr'>lia,</span> <span class='ocrx_word' id='word_1_10' title='bbox 243 395 280 454; x_wconf 93' lang='lat' dir='ltr'>de</span> <span class='ocrx_word' id='word_1_11' title='bbox 302 393 486 471; x_wconf 77' lang='lat' dir='ltr'>longitudine</span> <span class='ocrx_word' id='word_1_12' title='bbox 507 401 538 452; x_wconf 90' lang='lat' dir='ltr'>et</span> <span class='ocrx_word' id='word_1_13' title='bbox 560 393 708 452; x_wconf 89' lang='lat' dir='ltr'>brevitate</span> <span class='ocrx_word' id='word_1_14' title='bbox 727 393 826 464; x_wconf 85' lang='lat' dir='ltr'>vitae,</span> <span class='ocrx_word' id='word_1_15' title='bbox 848 389 885 449; x_wconf 92' lang='lat' dir='ltr'>de</span> 
     </span>
     <span class='ocr_line' id='line_1_4' title="bbox 164 484 886 562; baseline -0.004 -18"><span class='ocrx_word' id='word_1_16' title='bbox 164 493 332 549; x_wconf 81' lang='lat' dir='ltr'>iuventute</span> <span class='ocrx_word' id='word_1_17' title='bbox 364 495 395 546; x_wconf 93' lang='lat' dir='ltr'>et</span> <span class='ocrx_word' id='word_1_18' title='bbox 427 487 611 558; x_wconf 71' lang='lat' dir='ltr'>Senectute,</span> <span class='ocrx_word' id='word_1_19' title='bbox 634 484 670 544; x_wconf 93' lang='lat' dir='ltr'>de</span> <span class='ocrx_word' id='word_1_20' title='bbox 692 484 886 562; x_wconf 78' lang='lat' dir='ltr'>respiratione</span> 
     </span>
     <span class='ocr_line' id='line_1_5' title="bbox 163 576 882 657; baseline -0.01 -17"><span class='ocrx_word' id='word_1_21' title='bbox 163 590 193 640; x_wconf 90' lang='lat' dir='ltr'>et</span> <span class='ocrx_word' id='word_1_22' title='bbox 215 582 429 657; x_wconf 81' lang='lat' dir='ltr'>inspiratione,</span> <span class='ocrx_word' id='word_1_23' title='bbox 448 579 485 638; x_wconf 86' lang='lat' dir='ltr'>de</span> <span class='ocrx_word' id='word_1_24' title='bbox 505 587 600 638; x_wconf 89' lang='lat' dir='ltr'>morte</span> <span class='ocrx_word' id='word_1_25' title='bbox 616 585 646 638; x_wconf 90' lang='lat' dir='ltr'>et</span> <span class='ocrx_word' id='word_1_26' title='bbox 663 579 744 651; x_wconf 89' lang='lat' dir='ltr'>vita,</span> <span class='ocrx_word' id='word_1_27' title='bbox 767 576 804 636; x_wconf 89' lang='lat' dir='ltr'>de</span> <span class='ocrx_word' id='word_1_28' title='bbox 819 592 882 634; x_wconf 95' lang='lat' dir='ltr'>mo-</span> 
     </span>
     <span class='ocr_line' id='line_1_6' title="bbox 163 669 885 747; baseline -0.008 -14"><span class='ocrx_word' id='word_1_29' title='bbox 163 675 242 736; x_wconf 90' lang='lat' dir='ltr'>tibns</span> <span class='ocrx_word' id='word_1_30' title='bbox 263 673 447 733; x_wconf 89' lang='lat' dir='ltr'>animalium.</span> <span class='ocrx_word' id='word_1_31' title='bbox 471 674 502 731; x_wconf 90' lang='lat' dir='ltr'>ln</span> <span class='ocrx_word' id='word_1_32' title='bbox 526 671 592 731; x_wconf 84' lang='lat' dir='ltr'>xit.</span> <span class='ocrx_word' id='word_1_33' title='bbox 616 672 706 730; x_wconf 92' lang='lat' dir='ltr'>libros</span> <span class='ocrx_word' id='word_1_34' title='bbox 730 669 885 747; x_wconf 82' lang='lat' dir='ltr'>llletapby-</span> 
     </span>
     <span class='ocr_line' id='line_1_7' title="bbox 161 766 883 844; baseline -0.01 -17"><span class='ocrx_word' id='word_1_35' title='bbox 161 769 300 827; x_wconf 89' lang='lat' dir='ltr'>sicorum.</span> <span class='ocrx_word' id='word_1_36' title='bbox 325 768 422 844; x_wconf 89' lang='lat' dir='ltr'>Super</span> <span class='ocrx_word' id='word_1_37' title='bbox 451 773 544 825; x_wconf 91' lang='lat' dir='ltr'>totam</span> <span class='ocrx_word' id='word_1_38' title='bbox 570 766 705 842; x_wconf 81' lang='lat' dir='ltr'>logicam</span> <span class='ocrx_word' id='word_1_39' title='bbox 739 771 883 822; x_wconf 90' lang='lat' dir='ltr'>veterem.</span> 
     </span>
     <span class='ocr_line' id='line_1_8' title="bbox 161 855 882 936; baseline -0.01 -15"><span class='ocrx_word' id='word_1_40' title='bbox 161 859 235 936; x_wconf 85' lang='lat' dir='ltr'>Ejus</span> <span class='ocrx_word' id='word_1_41' title='bbox 257 867 308 919; x_wconf 89' lang='lat' dir='ltr'>aut</span> <span class='ocrx_word' id='word_1_42' title='bbox 340 860 503 936; x_wconf 87' lang='lat' dir='ltr'>superioris</span> <span class='ocrx_word' id='word_1_43' title='bbox 535 855 709 931; x_wconf 83' lang='lat' dir='ltr'>Quodlibeta</span> <span class='ocrx_word' id='word_1_44' title='bbox 741 858 806 915; x_wconf 92' lang='lat' dir='ltr'>sive</span> <span class='ocrx_word' id='word_1_45' title='bbox 829 872 882 915; x_wconf 87' lang='lat' dir='ltr'>sex</span> 
     </span>
     <span class='ocr_line' id='line_1_9' title="bbox 161 949 882 1028; baseline -0.006 -16"><span class='ocrx_word' id='word_1_46' title='bbox 161 955 360 1025; x_wconf 89' lang='lat' dir='ltr'>Quaestiones</span> <span class='ocrx_word' id='word_1_47' title='bbox 378 951 415 1010; x_wconf 91' lang='lat' dir='ltr'>de</span> <span class='ocrx_word' id='word_1_48' title='bbox 430 950 562 1028; x_wconf 91' lang='lat' dir='ltr'>quolibet</span> <span class='ocrx_word' id='word_1_49' title='bbox 580 949 748 1028; x_wconf 89' lang='lat' dir='ltr'>disputatas</span> <span class='ocrx_word' id='word_1_50' title='bbox 761 994 767 1020; x_wconf 87' lang='lat'><strong>‚</strong></span> <span class='ocrx_word' id='word_1_51' title='bbox 779 951 882 1009; x_wconf 85' lang='lat' dir='ltr'>blanu-</span> 
     </span>
     <span class='ocr_line' id='line_1_10' title="bbox 164 1041 880 1122; baseline -0.008 -18"><span class='ocrx_word' id='word_1_52' title='bbox 164 1052 291 1122; x_wconf 89' lang='lat' dir='ltr'>scriptas</span> <span class='ocrx_word' id='word_1_53' title='bbox 315 1050 460 1103; x_wconf 89' lang='lat' dir='ltr'>memorat</span> <span class='ocrx_word' id='word_1_54' title='bbox 483 1041 637 1103; x_wconf 80' lang='lat' dir='ltr'>sanderus</span> <span class='ocrx_word' id='word_1_55' title='bbox 659 1061 686 1120; x_wconf 93' lang='lat' dir='ltr'>p.</span> <span class='ocrx_word' id='word_1_56' title='bbox 708 1042 776 1101; x_wconf 74' lang='grc'><strong>646.</strong></span> <span class='ocrx_word' id='word_1_57' title='bbox 799 1047 880 1118; x_wconf 91' lang='lat' dir='ltr'>etp.</span> 
     </span>
     <span class='ocr_line' id='line_1_11' title="bbox 163 1132 880 1214; baseline -0.006 -17"><span class='ocrx_word' id='word_1_58' title='bbox 163 1140 223 1197; x_wconf 73' lang='lat'>205</span> <span class='ocrx_word' id='word_1_59' title='bbox 245 1137 280 1196; x_wconf 84' lang='lat' dir='ltr'>de</span> <span class='ocrx_word' id='word_1_60' title='bbox 295 1135 384 1197; x_wconf 86' lang='lat' dir='ltr'>varia</span> <span class='ocrx_word' id='word_1_61' title='bbox 398 1135 612 1214; x_wconf 75' lang='lat' dir='ltr'>significatione</span> <span class='ocrx_word' id='word_1_62' title='bbox 629 1132 801 1196; x_wconf 79' lang='lat' dir='ltr'>verboram.</span> <span class='ocrx_word' id='word_1_63' title='bbox 822 1136 880 1193; x_wconf 87' lang='lat' dir='ltr'>Da·</span> 
     </span>
     <span class='ocr_line' id='line_1_12' title="bbox 162 1227 873 1307; baseline -0.006 -17"><span class='ocrx_word' id='word_1_64' title='bbox 162 1229 288 1290; x_wconf 87' lang='lat' dir='ltr'>ctrinale</span> <span class='ocrx_word' id='word_1_65' title='bbox 319 1247 386 1289; x_wconf 86' lang='lat' dir='ltr'>cnm</span> <span class='ocrx_word' id='word_1_66' title='bbox 406 1229 535 1307; x_wconf 81' lang='lat' dir='ltr'>plessis,</span> <span class='ocrx_word' id='word_1_67' title='bbox 557 1229 686 1288; x_wconf 87' lang='lat' dir='ltr'>lacobus</span> <span class='ocrx_word' id='word_1_68' title='bbox 708 1227 816 1299; x_wconf 87' lang='lat' dir='ltr'>Quetii.</span> <span class='ocrx_word' id='word_1_69' title='bbox 847 1246 873 1305; x_wconf 88' lang='lat' dir='ltr'>p.</span> 
     </span>
     <span class='ocr_line' id='line_1_13' title="bbox 162 1320 881 1400; baseline -0.003 -18"><span class='ocrx_word' id='word_1_70' title='bbox 162 1325 229 1383; x_wconf 87' lang='grc'><strong>496.</strong></span> <span class='ocrx_word' id='word_1_71' title='bbox 248 1324 392 1383; x_wconf 85' lang='lat' dir='ltr'>Libellum</span> <span class='ocrx_word' id='word_1_72' title='bbox 416 1322 451 1381; x_wconf 87' lang='lat' dir='ltr'>ile</span> <span class='ocrx_word' id='word_1_73' title='bbox 473 1320 549 1380; x_wconf 88' lang='lat' dir='ltr'>bona</span> <span class='ocrx_word' id='word_1_74' title='bbox 566 1320 690 1400; x_wconf 73' lang='lat' dir='ltr'>fortuna</span> <span class='ocrx_word' id='word_1_75' title='bbox 708 1337 881 1380; x_wconf 86' lang='lat' dir='ltr'>memorans</span> 
     </span>
    </p>
   </div>
   <div class='ocr_carea' id='block_1_2' title="bbox 162 1415 897 1493">
    <p class='ocr_par' dir='ltr' id='par_1_2' title="bbox 162 1415 897 1493">
     <span class='ocr_line' id='line_1_14' title="bbox 162 1415 897 1493; baseline -0.001 -18"><span class='ocrx_word' id='word_1_76' title='bbox 162 1419 341 1475; x_wconf 85' lang='lat' dir='ltr'>Tomastnus</span> <span class='ocrx_word' id='word_1_77' title='bbox 359 1419 387 1473; x_wconf 89' lang='lat' dir='ltr'>in</span> <span class='ocrx_word' id='word_1_78' title='bbox 407 1417 616 1493; x_wconf 85' lang='lat' dir='ltr'>blanuscriptis</span> <span class='ocrx_word' id='word_1_79' title='bbox 639 1415 794 1474; x_wconf 84' lang='lat' dir='ltr'>Patavinis</span> <span class='ocrx_word' id='word_1_80' title='bbox 817 1426 897 1493; x_wconf 41' lang='lat' dir='ltr'>pag..</span> 
     </span>
    </p>
   </div>
   <div class='ocr_carea' id='block_1_3' title="bbox 158 1506 881 2238">
    <p class='ocr_par' dir='ltr' id='par_1_3' title="bbox 160 1506 879 1662">
     <span class='ocr_line' id='line_1_15' title="bbox 162 1506 879 1586; baseline -0.001 -19"><span class='ocrx_word' id='word_1_81' title='bbox 162 1507 209 1567; x_wconf 99' lang='grc'>37.</span> <span class='ocrx_word' id='word_1_82' title='bbox 236 1507 319 1568; x_wconf 91' lang='lat' dir='ltr'>addit</span> <span class='ocrx_word' id='word_1_83' title='bbox 342 1510 418 1567; x_wconf 90' lang='lat' dir='ltr'>inter</span> <span class='ocrx_word' id='word_1_84' title='bbox 440 1508 506 1583; x_wconf 85' lang='lat' dir='ltr'>ejus</span> <span class='ocrx_word' id='word_1_85' title='bbox 528 1525 615 1586; x_wconf 91' lang='lat' dir='ltr'>opera</span> <span class='ocrx_word' id='word_1_86' title='bbox 637 1507 770 1567; x_wconf 85' lang='lat' dir='ltr'>Venetiis</span> <span class='ocrx_word' id='word_1_87' title='bbox 793 1506 879 1567; x_wconf 90' lang='grc'><strong>4567.</strong></span> 
     </span>
     <span class='ocr_line' id='line_1_16' title="bbox 160 1601 614 1662; baseline -0.007 -2"><span class='ocrx_word' id='word_1_88' title='bbox 160 1601 239 1661; x_wconf 90' lang='lat' dir='ltr'>edita</span> <span class='ocrx_word' id='word_1_89' title='bbox 259 1602 340 1662; x_wconf 93' lang='lat' dir='ltr'>illum</span> <span class='ocrx_word' id='word_1_90' title='bbox 359 1617 416 1660; x_wconf 90' lang='lat' dir='ltr'>non</span> <span class='ocrx_word' id='word_1_91' title='bbox 436 1603 614 1661; x_wconf 90' lang='lat' dir='ltr'>enumerari.</span> 
     </span>
    </p>

    <p class='ocr_par' dir='ltr' id='par_1_4' title="bbox 158 1693 881 2238">
     <span class='ocr_line' id='line_1_17' title="bbox 200 1693 878 1755; baseline 0 -1"><span class='ocrx_word' id='word_1_92' title='bbox 200 1696 345 1755; x_wconf 85' lang='lat' dir='ltr'>PETRUS</span> <span class='ocrx_word' id='word_1_93' title='bbox 360 1694 471 1755; x_wconf 82' lang='lat' dir='ltr'>Ameli&#39;i</span> <span class='ocrx_word' id='word_1_94' title='bbox 485 1693 523 1754; x_wconf 93' lang='lat' dir='ltr'>de</span> <span class='ocrx_word' id='word_1_95' title='bbox 541 1697 673 1754; x_wconf 79' lang='lat' dir='ltr'>Brenaci</span> <span class='ocrx_word' id='word_1_96' title='bbox 689 1695 794 1755; x_wconf 91' lang='lat' dir='ltr'>Gallus</span> <span class='ocrx_word' id='word_1_97' title='bbox 809 1695 878 1755; x_wconf 90' lang='lat' dir='ltr'>Elo-</span> 
     </span>
     <span class='ocr_line' id='line_1_18' title="bbox 159 1789 879 1862; baseline 0.003 -15"><span class='ocrx_word' id='word_1_98' title='bbox 159 1790 292 1862; x_wconf 81' lang='lat' dir='ltr'>mensis,</span> <span class='ocrx_word' id='word_1_99' title='bbox 314 1790 378 1847; x_wconf 90' lang='lat' dir='ltr'>sive</span> <span class='ocrx_word' id='word_1_100' title='bbox 400 1789 589 1862; x_wconf 78' lang='lat' dir='ltr'>blectensis,</span> <span class='ocrx_word' id='word_1_101' title='bbox 612 1806 650 1847; x_wconf 87' lang='lat' dir='ltr'>ex</span> <span class='ocrx_word' id='word_1_102' title='bbox 673 1790 797 1848; x_wconf 84' lang='lat' dir='ltr'>eremita</span> <span class='ocrx_word' id='word_1_103' title='bbox 817 1791 879 1849; x_wconf 83' lang='lat' dir='ltr'>Au-</span> 
     </span>
     <span class='ocr_line' id='line_1_19' title="bbox 158 1879 879 1958; baseline -0.001 -16"><span class='ocrx_word' id='word_1_104' title='bbox 158 1884 329 1958; x_wconf 83' lang='lat' dir='ltr'>gustiniano</span> <span class='ocrx_word' id='word_1_105' title='bbox 343 1882 451 1941; x_wconf 85' lang='lat' dir='ltr'>Urbani</span> <span class='ocrx_word' id='word_1_106' title='bbox 469 1881 502 1941; x_wconf 88' lang='lat' dir='ltr'>V.</span> <span class='ocrx_word' id='word_1_107' title='bbox 519 1881 669 1954; x_wconf 71' lang='grc'><strong>34444444,</strong></span> <span class='ocrx_word' id='word_1_108' title='bbox 685 1879 794 1940; x_wconf 86' lang='lat' dir='ltr'>deinde</span> <span class='ocrx_word' id='word_1_109' title='bbox 806 1882 879 1941; x_wconf 88' lang='lat' dir='ltr'>Gre-</span> 
     </span>
     <span class='ocr_line' id='line_1_20' title="bbox 159 1973 879 2052; baseline -0.001 -19"><span class='ocrx_word' id='word_1_110' title='bbox 159 1977 230 2052; x_wconf 90' lang='lat' dir='ltr'>gorii</span> <span class='ocrx_word' id='word_1_111' title='bbox 243 1975 293 2034; x_wconf 90' lang='lat' dir='ltr'>Xl.</span> <span class='ocrx_word' id='word_1_112' title='bbox 310 1975 559 2034; x_wconf 85' lang='lat' dir='ltr'>Paenitentiarius</span> <span class='ocrx_word' id='word_1_113' title='bbox 573 1989 608 2032; x_wconf 89' lang='lat' dir='ltr'>ac</span> <span class='ocrx_word' id='word_1_114' title='bbox 623 1973 879 2047; x_wconf 74' lang='lat' dir='ltr'>bibliothecarius,</span> 
     </span>
     <span class='ocr_line' id='line_1_21' title="bbox 160 2065 881 2144; baseline -0.003 -19"><span class='ocrx_word' id='word_1_115' title='bbox 160 2075 264 2144; x_wconf 86' lang='lat' dir='ltr'>postea</span> <span class='ocrx_word' id='word_1_116' title='bbox 286 2068 520 2144; x_wconf 87' lang='lat' dir='ltr'>Senogalliensis</span> <span class='ocrx_word' id='word_1_117' title='bbox 540 2066 708 2143; x_wconf 83' lang='lat' dir='ltr'>Episcopus</span> <span class='ocrx_word' id='word_1_118' title='bbox 728 2065 881 2144; x_wconf 84' lang='lat' dir='ltr'>Arcbiepi-</span> 
     </span>
     <span class='ocr_line' id='line_1_22' title="bbox 160 2158 880 2238; baseline 0 -19"><span class='ocrx_word' id='word_1_119' title='bbox 160 2176 269 2238; x_wconf 87' lang='lat' dir='ltr'>scopus</span> <span class='ocrx_word' id='word_1_120' title='bbox 291 2161 491 2231; x_wconf 79' lang='lat' dir='ltr'>Tarentinus,</span> <span class='ocrx_word' id='word_1_121' title='bbox 513 2167 577 2218; x_wconf 87' lang='lat' dir='ltr'>inm</span> <span class='ocrx_word' id='word_1_122' title='bbox 608 2158 789 2218; x_wconf 88' lang='lat' dir='ltr'>Patriarcba·</span> <span class='ocrx_word' id='word_1_123' title='bbox 806 2160 880 2219; x_wconf 87' lang='lat' dir='ltr'>Gra·</span> 
     </span>
    </p>
   </div>
   <div class='ocr_carea' id='block_1_4' title="bbox 801 188 1022 250">
    <p class='ocr_par' dir='ltr' id='par_1_5' title="bbox 801 188 1022 250">
     <span class='ocr_line' id='line_1_23' title="bbox 801 188 1022 250; baseline 0.005 -3"><span class='ocrx_word' id='word_1_124' title='bbox 801 188 1022 250; x_wconf 67' lang='lat' dir='ltr'>Partitis</span> 
     </span>
    </p>
   </div>
   <div class='ocr_carea' id='block_1_5' title="bbox 935 296 1683 2240">
    <p class='ocr_par' dir='ltr' id='par_1_6' title="bbox 941 296 1650 560">
     <span class='ocr_line' id='line_1_24' title="bbox 941 296 1649 377; baseline 0.007 -20"><span class='ocrx_word' id='word_1_125' title='bbox 941 313 1018 374; x_wconf 88' lang='lat' dir='ltr'>quae</span> <span class='ocrx_word' id='word_1_126' title='bbox 1036 298 1113 358; x_wconf 86' lang='lat' dir='ltr'>tiss.</span> <span class='ocrx_word' id='word_1_127' title='bbox 1133 296 1259 356; x_wconf 83' lang='lat' dir='ltr'>Codices</span> <span class='ocrx_word' id='word_1_128' title='bbox 1284 296 1442 359; x_wconf 84' lang='lat' dir='ltr'>Ecclesiae</span> <span class='ocrx_word' id='word_1_129' title='bbox 1464 298 1580 377; x_wconf 80' lang='lat' dir='ltr'>llajoris</span> <span class='ocrx_word' id='word_1_130' title='bbox 1605 305 1649 362; x_wconf 87' lang='lat' dir='ltr'>tu·</span> 
     </span>
     <span class='ocr_line' id='line_1_25' title="bbox 941 389 1650 472; baseline 0.011 -23"><span class='ocrx_word' id='word_1_131' title='bbox 941 392 1041 450; x_wconf 88' lang='lat' dir='ltr'>censis</span> <span class='ocrx_word' id='word_1_132' title='bbox 1053 397 1186 463; x_wconf 80' lang='lat' dir='ltr'>servant,</span> <span class='ocrx_word' id='word_1_133' title='bbox 1205 390 1252 449; x_wconf 94' lang='lat' dir='ltr'>bic</span> <span class='ocrx_word' id='word_1_134' title='bbox 1265 389 1400 451; x_wconf 90' lang='lat' dir='ltr'>indicare</span> <span class='ocrx_word' id='word_1_135' title='bbox 1414 398 1650 472; x_wconf 85' lang='lat' dir='ltr'>operaepretium</span> 
     </span>
     <span class='ocr_line' id='line_1_26' title="bbox 942 481 1054 560; baseline -0.018 -18"><span class='ocrx_word' id='word_1_136' title='bbox 942 481 1054 560; x_wconf 85' lang='lat' dir='ltr'>judico.</span> 
     </span>
    </p>

    <p class='ocr_par' dir='ltr' id='par_1_7' title="bbox 940 575 1656 1210">
     <span class='ocr_line' id='line_1_27' title="bbox 981 575 1653 653; baseline 0.009 -19"><span class='ocrx_word' id='word_1_137' title='bbox 981 576 1012 634; x_wconf 95' lang='lat' dir='ltr'>ln</span> <span class='ocrx_word' id='word_1_138' title='bbox 1036 575 1153 653; x_wconf 87' lang='lat' dir='ltr'>regulas</span> <span class='ocrx_word' id='word_1_139' title='bbox 1171 576 1248 634; x_wconf 79' lang='lat' dir='ltr'>sexti</span> <span class='ocrx_word' id='word_1_140' title='bbox 1280 579 1505 638; x_wconf 87' lang='lat' dir='ltr'>commentaria</span> <span class='ocrx_word' id='word_1_141' title='bbox 1533 581 1653 640; x_wconf 73' lang='lat' dir='ltr'>subtilis</span> 
     </span>
     <span class='ocr_line' id='line_1_28' title="bbox 941 666 1653 750; baseline 0.01 -25"><span class='ocrx_word' id='word_1_142' title='bbox 941 669 1015 727; x_wconf 91' lang='lat' dir='ltr'>sima</span> <span class='ocrx_word' id='word_1_143' title='bbox 1034 668 1200 745; x_wconf 84' lang='lat' dir='ltr'>lncipiunt3</span> <span class='ocrx_word' id='word_1_144' title='bbox 1218 666 1312 727; x_wconf 80' lang='lat' dir='ltr'>solent</span> <span class='ocrx_word' id='word_1_145' title='bbox 1327 666 1403 728; x_wconf 76' lang='lat' dir='ltr'>lcii.</span> <span class='ocrx_word' id='word_1_146' title='bbox 1422 669 1457 728; x_wconf 94' lang='lat' dir='ltr'>ln</span> <span class='ocrx_word' id='word_1_147' title='bbox 1474 669 1535 730; x_wconf 88' lang='lat' dir='ltr'>fine</span> <span class='ocrx_word' id='word_1_148' title='bbox 1552 674 1653 750; x_wconf 86' lang='lat' dir='ltr'>primae</span> 
     </span>
     <span class='ocr_line' id='line_1_29' title="bbox 944 759 1655 842; baseline 0.01 -24"><span class='ocrx_word' id='word_1_149' title='bbox 944 760 1144 837; x_wconf 88' lang='lat' dir='ltr'>praelationes</span> <span class='ocrx_word' id='word_1_150' title='bbox 1166 760 1274 837; x_wconf 90' lang='lat' dir='ltr'>legitur</span> <span class='ocrx_word' id='word_1_151' title='bbox 1287 759 1491 840; x_wconf 79' lang='lat' dir='ltr'>.Repetitiiin</span> <span class='ocrx_word' id='word_1_152' title='bbox 1509 763 1569 842; x_wconf 70' lang='lat' dir='ltr'>fait</span> <span class='ocrx_word' id='word_1_153' title='bbox 1585 764 1655 825; x_wconf 81' lang='lat' dir='ltr'>iitad</span> 
     </span>
     <span class='ocr_line' id='line_1_30' title="bbox 941 851 1656 931; baseline 0.006 -20"><span class='ocrx_word' id='word_1_154' title='bbox 941 861 1033 931; x_wconf 88' lang='lat' dir='ltr'>capnt</span> <span class='ocrx_word' id='word_1_155' title='bbox 1046 867 1101 931; x_wconf 85' lang='lat' dir='ltr'>per</span> <span class='ocrx_word' id='word_1_156' title='bbox 1116 869 1160 912; x_wconf 90' lang='lat' dir='ltr'>nie</span> <span class='ocrx_word' id='word_1_157' title='bbox 1178 851 1304 912; x_wconf 86' lang='lat' dir='ltr'>Petram</span> <span class='ocrx_word' id='word_1_158' title='bbox 1319 852 1356 912; x_wconf 87' lang='lat' dir='ltr'>de</span> <span class='ocrx_word' id='word_1_159' title='bbox 1369 853 1566 915; x_wconf 79' lang='lat' dir='ltr'>Aneliarana</span> <span class='ocrx_word' id='word_1_160' title='bbox 1581 857 1656 915; x_wconf 69' lang='lat' dir='ltr'>nibi-</span> 
     </span>
     <span class='ocr_line' id='line_1_31' title="bbox 942 944 1656 1028; baseline 0.013 -26"><span class='ocrx_word' id='word_1_161' title='bbox 942 962 1025 1004; x_wconf 87' lang='lat' dir='ltr'>mnm</span> <span class='ocrx_word' id='word_1_162' title='bbox 1038 944 1127 1005; x_wconf 84' lang='lat' dir='ltr'>Jnrir</span> <span class='ocrx_word' id='word_1_163' title='bbox 1144 946 1303 1024; x_wconf 81' lang='lat' dir='ltr'>ntriiiipae</span> <span class='ocrx_word' id='word_1_164' title='bbox 1321 947 1488 1008; x_wconf 84' lang='lat' dir='ltr'>Doctorein</span> <span class='ocrx_word' id='word_1_165' title='bbox 1508 950 1542 1009; x_wconf 86' lang='lat' dir='ltr'>in</span> <span class='ocrx_word' id='word_1_166' title='bbox 1559 951 1610 1010; x_wconf 83' lang='lat' dir='ltr'>tae</span> <span class='ocrx_word' id='word_1_167' title='bbox 1621 950 1656 1028; x_wconf 76' lang='lat' dir='ltr'>{e</span> 
     </span>
     <span class='ocr_line' id='line_1_32' title="bbox 944 1037 1655 1103; baseline 0.008 -6"><span class='ocrx_word' id='word_1_168' title='bbox 944 1037 1088 1097; x_wconf 81' lang='lat' dir='ltr'>licissima</span> <span class='ocrx_word' id='word_1_169' title='bbox 1104 1037 1225 1098; x_wconf 85' lang='lat' dir='ltr'>ciuitate</span> <span class='ocrx_word' id='word_1_170' title='bbox 1241 1038 1400 1100; x_wconf 77' lang='lat' dir='ltr'>Bononiae</span> <span class='ocrx_word' id='word_1_171' title='bbox 1416 1040 1591 1103; x_wconf 75' lang='lat' dir='ltr'>stadiorum</span> <span class='ocrx_word' id='word_1_172' title='bbox 1605 1061 1655 1102; x_wconf 78' lang='lat' dir='ltr'>na·</span> 
     </span>
     <span class='ocr_line' id='line_1_33' title="bbox 940 1129 1365 1210; baseline 0 -20"><span class='ocrx_word' id='word_1_173' title='bbox 940 1140 984 1190; x_wconf 89' lang='lat' dir='ltr'>tre</span> <span class='ocrx_word' id='word_1_174' title='bbox 1006 1129 1081 1210; x_wconf 78' lang='lat'><strong>¹397</strong></span> <span class='ocrx_word' id='word_1_175' title='bbox 1100 1131 1146 1190; x_wconf 89' lang='lat' dir='ltr'>die</span> <span class='ocrx_word' id='word_1_176' title='bbox 1160 1129 1189 1190; x_wconf 79' lang='grc'>5.</span> <span class='ocrx_word' id='word_1_177' title='bbox 1204 1130 1365 1193; x_wconf 75' lang='lat' dir='ltr'>Ianuarii.</span> 
     </span>
    </p>

    <p class='ocr_par' dir='ltr' id='par_1_8' title="bbox 937 1223 1654 1676">
     <span class='ocr_line' id='line_1_34' title="bbox 981 1223 1654 1309; baseline 0.01 -27"><span class='ocrx_word' id='word_1_178' title='bbox 981 1223 1123 1283; x_wconf 91' lang='lat' dir='ltr'>Eiusdem</span> <span class='ocrx_word' id='word_1_179' title='bbox 1143 1226 1280 1302; x_wconf 86' lang='lat' dir='ltr'>repetitio</span> <span class='ocrx_word' id='word_1_180' title='bbox 1304 1225 1400 1287; x_wconf 87' lang='lat' dir='ltr'>altera</span> <span class='ocrx_word' id='word_1_181' title='bbox 1419 1229 1548 1306; x_wconf 89' lang='lat' dir='ltr'>incipit:</span> <span class='ocrx_word' id='word_1_182' title='bbox 1566 1247 1654 1309; x_wconf 87' lang='lat' dir='ltr'>pecca-</span> 
     </span>
     <span class='ocr_line' id='line_1_35' title="bbox 941 1317 1654 1396; baseline 0.01 -19"><span class='ocrx_word' id='word_1_183' title='bbox 941 1327 1005 1377; x_wconf 79' lang='lat' dir='ltr'>tum</span> <span class='ocrx_word' id='word_1_184' title='bbox 1023 1335 1084 1376; x_wconf 93' lang='lat' dir='ltr'>non</span> <span class='ocrx_word' id='word_1_185' title='bbox 1110 1317 1278 1379; x_wconf 79' lang='lat' dir='ltr'>dimittitur</span> <span class='ocrx_word' id='word_1_186' title='bbox 1298 1319 1430 1396; x_wconf 87' lang='lat' dir='ltr'>iuliae,</span> <span class='ocrx_word' id='word_1_187' title='bbox 1453 1320 1577 1383; x_wconf 81' lang='lat' dir='ltr'>Publice</span> <span class='ocrx_word' id='word_1_188' title='bbox 1600 1341 1654 1383; x_wconf 84' lang='lat' dir='ltr'>ean</span> 
     </span>
     <span class='ocr_line' id='line_1_36' title="bbox 937 1409 1652 1491; baseline 0.008 -21"><span class='ocrx_word' id='word_1_189' title='bbox 937 1410 1032 1490; x_wconf 85' lang='lat' dir='ltr'>repeti</span> <span class='ocrx_word' id='word_1_190' title='bbox 1043 1409 1124 1470; x_wconf 83' lang='lat' dir='ltr'>Pisis</span> <span class='ocrx_word' id='word_1_191' title='bbox 1136 1409 1187 1471; x_wconf 86' lang='lat' dir='ltr'>abi</span> <span class='ocrx_word' id='word_1_192' title='bbox 1200 1420 1266 1471; x_wconf 89' lang='lat' dir='ltr'>erat</span> <span class='ocrx_word' id='word_1_193' title='bbox 1273 1410 1344 1491; x_wconf 84' lang='lat' dir='ltr'>jain</span> <span class='ocrx_word' id='word_1_194' title='bbox 1356 1430 1485 1475; x_wconf 78' lang='grc'><strong>4444444</strong></span> <span class='ocrx_word' id='word_1_195' title='bbox 1499 1414 1652 1476; x_wconf 77' lang='lat' dir='ltr'>Conciliari</span> 
     </span>
     <span class='ocr_line' id='line_1_37' title="bbox 937 1506 1652 1586; baseline 0.013 -24"><span class='ocrx_word' id='word_1_196' title='bbox 937 1515 1152 1583; x_wconf 62' lang='lat' dir='ltr'>concrepatione</span> <span class='ocrx_word' id='word_1_197' title='bbox 1163 1514 1190 1565; x_wconf 90' lang='lat' dir='ltr'>et</span> <span class='ocrx_word' id='word_1_198' title='bbox 1205 1506 1237 1564; x_wconf 91' lang='lat' dir='ltr'>in</span> <span class='ocrx_word' id='word_1_199' title='bbox 1253 1507 1377 1585; x_wconf 78' lang='lat' dir='ltr'>scriptia</span> <span class='ocrx_word' id='word_1_200' title='bbox 1389 1517 1500 1586; x_wconf 76' lang='lat' dir='ltr'>pastea</span> <span class='ocrx_word' id='word_1_201' title='bbox 1515 1509 1652 1570; x_wconf 84' lang='lat' dir='ltr'>Bononiae</span> 
     </span>
     <span class='ocr_line' id='line_1_38' title="bbox 940 1597 1356 1676; baseline 0.012 -22"><span class='ocrx_word' id='word_1_202' title='bbox 940 1597 1040 1676; x_wconf 79' lang='lat' dir='ltr'>redepi</span> <span class='ocrx_word' id='word_1_203' title='bbox 1056 1598 1134 1658; x_wconf 73' lang='lat' dir='ltr'>itta</span> <span class='ocrx_word' id='word_1_204' title='bbox 1152 1597 1197 1657; x_wconf 91' lang='lat' dir='ltr'>die</span> <span class='ocrx_word' id='word_1_205' title='bbox 1213 1601 1241 1658; x_wconf 90' lang='grc'>3.</span> <span class='ocrx_word' id='word_1_206' title='bbox 1258 1598 1356 1659; x_wconf 75' lang='lat' dir='ltr'>lanii.</span> 
     </span>
    </p>

    <p class='ocr_par' dir='ltr' id='par_1_9' title="bbox 935 1691 1683 2240">
     <span class='ocr_line' id='line_1_39' title="bbox 976 1691 1644 1770; baseline 0.006 -21"><span class='ocrx_word' id='word_1_207' title='bbox 976 1691 1053 1750; x_wconf 83' lang='lat' dir='ltr'>Turn</span> <span class='ocrx_word' id='word_1_208' title='bbox 1083 1698 1259 1768; x_wconf 88' lang='lat' dir='ltr'>sequuntur</span> <span class='ocrx_word' id='word_1_209' title='bbox 1285 1695 1511 1770; x_wconf 88' lang='lat' dir='ltr'>praelectiones</span> <span class='ocrx_word' id='word_1_210' title='bbox 1535 1696 1603 1757; x_wconf 86' lang='lat' dir='ltr'>aliae</span> <span class='ocrx_word' id='word_1_211' title='bbox 1623 1698 1644 1753; x_wconf 92' lang='lat' dir='ltr'>in</span> 
     </span>
     <span class='ocr_line' id='line_1_40' title="bbox 937 1782 1644 1862; baseline 0.01 -22"><span class='ocrx_word' id='word_1_212' title='bbox 937 1782 1073 1842; x_wconf 88' lang='lat' dir='ltr'>eiusdem</span> <span class='ocrx_word' id='word_1_213' title='bbox 1096 1784 1224 1862; x_wconf 85' lang='lat' dir='ltr'>regulas.</span> <span class='ocrx_word' id='word_1_214' title='bbox 1242 1786 1409 1846; x_wconf 87' lang='lat' dir='ltr'>Praelectio</span> <span class='ocrx_word' id='word_1_215' title='bbox 1422 1788 1561 1849; x_wconf 79' lang='lat' dir='ltr'>eiusdem</span> <span class='ocrx_word' id='word_1_216' title='bbox 1576 1789 1644 1849; x_wconf 85' lang='lat' dir='ltr'>adl.</span> 
     </span>
     <span class='ocr_line' id='line_1_41' title="bbox 938 1873 1643 1960; baseline 0.009 -26"><span class='ocrx_word' id='word_1_217' title='bbox 938 1876 965 1934; x_wconf 92' lang='lat' dir='ltr'>l.</span> <span class='ocrx_word' id='word_1_218' title='bbox 984 1875 1013 1935; x_wconf 83' lang='lat' dir='ltr'>ll.</span> <span class='ocrx_word' id='word_1_219' title='bbox 1030 1873 1068 1934; x_wconf 91' lang='lat' dir='ltr'>de</span> <span class='ocrx_word' id='word_1_220' title='bbox 1086 1877 1207 1953; x_wconf 90' lang='lat' dir='ltr'>poenis,</span> <span class='ocrx_word' id='word_1_221' title='bbox 1227 1876 1276 1936; x_wconf 92' lang='lat' dir='ltr'>ubi</span> <span class='ocrx_word' id='word_1_222' title='bbox 1295 1877 1356 1938; x_wconf 88' lang='lat' dir='ltr'>late</span> <span class='ocrx_word' id='word_1_223' title='bbox 1374 1886 1490 1940; x_wconf 87' lang='lat' dir='ltr'>tractat</span> <span class='ocrx_word' id='word_1_224' title='bbox 1506 1897 1643 1960; x_wconf 87' lang='lat' dir='ltr'>argumen-</span> 
     </span>
     <span class='ocr_line' id='line_1_42' title="bbox 935 1966 1641 2035; baseline 0.004 -10"><span class='ocrx_word' id='word_1_225' title='bbox 935 1974 1000 2026; x_wconf 94' lang='lat' dir='ltr'>tum</span> <span class='ocrx_word' id='word_1_226' title='bbox 1020 1966 1057 2027; x_wconf 91' lang='lat' dir='ltr'>de</span> <span class='ocrx_word' id='word_1_227' title='bbox 1077 1970 1220 2028; x_wconf 82' lang='lat' dir='ltr'>mixtione</span> <span class='ocrx_word' id='word_1_228' title='bbox 1238 1970 1290 2029; x_wconf 85' lang='lat' dir='ltr'>fori</span> <span class='ocrx_word' id='word_1_229' title='bbox 1307 1971 1375 2030; x_wconf 84' lang='lat' dir='ltr'>laici</span> <span class='ocrx_word' id='word_1_230' title='bbox 1394 1980 1428 2032; x_wconf 86' lang='lat' dir='ltr'>et</span> <span class='ocrx_word' id='word_1_231' title='bbox 1448 1973 1641 2035; x_wconf 85' lang='lat' dir='ltr'>Ecclesiastiei.</span> 
     </span>
     <span class='ocr_line' id='line_1_43' title="bbox 936 2060 1683 2144; baseline 0.008 -25"><span class='ocrx_word' id='word_1_232' title='bbox 936 2060 969 2120; x_wconf 95' lang='lat' dir='ltr'>ln</span> <span class='ocrx_word' id='word_1_233' title='bbox 989 2061 1048 2120; x_wconf 87' lang='lat' dir='ltr'>line</span> <span class='ocrx_word' id='word_1_234' title='bbox 1074 2062 1180 2140; x_wconf 91' lang='lat' dir='ltr'>prioris</span> <span class='ocrx_word' id='word_1_235' title='bbox 1197 2063 1429 2140; x_wconf 88' lang='lat' dir='ltr'>praelectionis,</span> <span class='ocrx_word' id='word_1_236' title='bbox 1445 2084 1526 2144; x_wconf 89' lang='lat' dir='ltr'>quae</span> <span class='ocrx_word' id='word_1_237' title='bbox 1543 2070 1640 2144; x_wconf 87' lang='lat' dir='ltr'>incipit:</span> <span class='ocrx_word' id='word_1_238' title='bbox 1681 2060 1683 2073; x_wconf 92' lang='lat'>&#39;</span> 
     </span>
     <span class='ocr_line' id='line_1_44' title="bbox 938 2153 1640 2240; baseline 0.006 -27"><span class='ocrx_word' id='word_1_239' title='bbox 938 2153 1047 2213; x_wconf 76' lang='lat' dir='ltr'>laicus</span> <span class='ocrx_word' id='word_1_240' title='bbox 1069 2153 1189 2233; x_wconf 75' lang='lat' dir='ltr'>nitidem</span> <span class='ocrx_word' id='word_1_241' title='bbox 1216 2155 1290 2215; x_wconf 90' lang='lat' dir='ltr'>baec</span> <span class='ocrx_word' id='word_1_242' title='bbox 1315 2157 1483 2233; x_wconf 88' lang='lat' dir='ltr'>leguntur:</span> <span class='ocrx_word' id='word_1_243' title='bbox 1511 2160 1640 2240; x_wconf 74' lang='lat' dir='ltr'>disputati</span> 
     </span>
    </p>
   </div>
   <div class='ocr_carea' id='block_1_6' title="bbox 151 2245 1641 3169">
    <p class='ocr_par' dir='ltr' id='par_1_10' title="bbox 151 2245 1641 3169">
     <span class='ocr_line' id='line_1_45' title="bbox 160 2245 1641 2328; baseline 0.001 -18"><span class='ocrx_word' id='word_1_244' title='bbox 160 2252 264 2311; x_wconf 89' lang='lat' dir='ltr'>densis</span> <span class='ocrx_word' id='word_1_245' title='bbox 294 2259 325 2311; x_wconf 90' lang='lat' dir='ltr'>et</span> <span class='ocrx_word' id='word_1_246' title='bbox 357 2251 579 2311; x_wconf 78' lang='lat' dir='ltr'>Alexandrinus</span> <span class='ocrx_word' id='word_1_247' title='bbox 604 2259 695 2328; x_wconf 85' lang='lat' dir='ltr'>atque</span> <span class='ocrx_word' id='word_1_248' title='bbox 726 2252 878 2312; x_wconf 85' lang='lat' dir='ltr'>Ecclesiae</span> <span class='ocrx_word' id='word_1_249' title='bbox 928 2245 989 2324; x_wconf 78' lang='lat' dir='ltr'>suit</span> <span class='ocrx_word' id='word_1_250' title='bbox 1004 2246 1086 2305; x_wconf 85' lang='lat' dir='ltr'>dicta</span> <span class='ocrx_word' id='word_1_251' title='bbox 1103 2249 1238 2326; x_wconf 82' lang='lat' dir='ltr'>quaestio</span> <span class='ocrx_word' id='word_1_252' title='bbox 1250 2265 1305 2326; x_wconf 87' lang='lat' dir='ltr'>per</span> <span class='ocrx_word' id='word_1_253' title='bbox 1330 2249 1461 2311; x_wconf 84' lang='lat' dir='ltr'>Petram</span> <span class='ocrx_word' id='word_1_254' title='bbox 1486 2253 1522 2313; x_wconf 86' lang='lat' dir='ltr'>de</span> <span class='ocrx_word' id='word_1_255' title='bbox 1545 2253 1641 2314; x_wconf 78' lang='lat' dir='ltr'>Aneia-</span> 
     </span>
     <span class='ocr_line' id='line_1_46' title="bbox 157 2338 1637 2422; baseline 0.002 -18"><span class='ocrx_word' id='word_1_256' title='bbox 157 2344 556 2422; x_wconf 77' lang='lat' dir='ltr'>Aquensisddministrator.</span> <span class='ocrx_word' id='word_1_257' title='bbox 566 2345 650 2407; x_wconf 84' lang='lat' dir='ltr'>Sedit</span> <span class='ocrx_word' id='word_1_258' title='bbox 664 2353 696 2405; x_wconf 92' lang='lat' dir='ltr'>ut</span> <span class='ocrx_word' id='word_1_259' title='bbox 706 2345 876 2406; x_wconf 88' lang='lat' dir='ltr'>Patriarcba</span> <span class='ocrx_word' id='word_1_260' title='bbox 934 2355 1012 2398; x_wconf 87' lang='lat' dir='ltr'>rana</span> <span class='ocrx_word' id='word_1_261' title='bbox 1029 2338 1061 2399; x_wconf 88' lang='lat' dir='ltr'>J.</span> <span class='ocrx_word' id='word_1_262' title='bbox 1083 2339 1116 2400; x_wconf 80' lang='lat' dir='ltr'>ii.</span> <span class='ocrx_word' id='word_1_263' title='bbox 1134 2341 1170 2399; x_wconf 78' lang='lat'>1).</span> <span class='ocrx_word' id='word_1_264' title='bbox 1190 2340 1222 2398; x_wconf 85' lang='lat' dir='ltr'>in</span> <span class='ocrx_word' id='word_1_265' title='bbox 1233 2340 1316 2399; x_wconf 80' lang='lat' dir='ltr'>etna</span> <span class='ocrx_word' id='word_1_266' title='bbox 1332 2341 1459 2404; x_wconf 76' lang='lat' dir='ltr'>civitate</span> <span class='ocrx_word' id='word_1_267' title='bbox 1474 2344 1637 2406; x_wconf 84' lang='lat' dir='ltr'>Bononienii</span> 
     </span>
     <span class='ocr_line' id='line_1_47' title="bbox 157 2430 1638 2518; baseline 0.001 -21"><span class='ocrx_word' id='word_1_268' title='bbox 157 2439 588 2518; x_wconf 79' lang='lat' dir='ltr'>intercardinalesEpiscopos</span> <span class='ocrx_word' id='word_1_269' title='bbox 599 2439 770 2518; x_wconf 66' lang='lat' dir='ltr'>primumn.</span> <span class='ocrx_word' id='word_1_270' title='bbox 786 2441 873 2500; x_wconf 83' lang='grc'><strong>4394.</strong></span> <span class='ocrx_word' id='word_1_271' title='bbox 933 2430 1108 2492; x_wconf 64' lang='lat' dir='ltr'>altiliorum</span> <span class='ocrx_word' id='word_1_272' title='bbox 1123 2432 1258 2492; x_wconf 68' lang='lat' dir='ltr'>omnium</span> <span class='ocrx_word' id='word_1_273' title='bbox 1277 2445 1375 2494; x_wconf 86' lang='lat' dir='ltr'>matre</span> <span class='ocrx_word' id='word_1_274' title='bbox 1390 2478 1401 2510; x_wconf 89' lang='lat'><em>,</em></span> <span class='ocrx_word' id='word_1_275' title='bbox 1421 2438 1454 2497; x_wconf 88' lang='lat' dir='ltr'>in</span> <span class='ocrx_word' id='word_1_276' title='bbox 1471 2457 1533 2518; x_wconf 78' lang='lat' dir='ltr'>aiio</span> <span class='ocrx_word' id='word_1_277' title='bbox 1541 2437 1638 2518; x_wconf 81' lang='lat' dir='ltr'>publice</span> 
     </span>
     <span class='ocr_line' id='line_1_48' title="bbox 158 2523 1638 2610; baseline 0.002 -20"><span class='ocrx_word' id='word_1_278' title='bbox 158 2540 188 2590; x_wconf 93' lang='lat' dir='ltr'>et</span> <span class='ocrx_word' id='word_1_279' title='bbox 216 2535 243 2590; x_wconf 94' lang='lat' dir='ltr'>in</span> <span class='ocrx_word' id='word_1_280' title='bbox 270 2535 349 2592; x_wconf 87' lang='lat' dir='ltr'>vivis</span> <span class='ocrx_word' id='word_1_281' title='bbox 370 2533 468 2593; x_wconf 92' lang='lat' dir='ltr'>adbuc</span> <span class='ocrx_word' id='word_1_282' title='bbox 491 2533 546 2593; x_wconf 90' lang='lat' dir='ltr'>iuit</span> <span class='ocrx_word' id='word_1_283' title='bbox 567 2533 601 2592; x_wconf 85' lang='grc' dir='ltr'>Α.</span> <span class='ocrx_word' id='word_1_284' title='bbox 626 2533 711 2593; x_wconf 79' lang='lat' dir='ltr'>tata.</span> <span class='ocrx_word' id='word_1_285' title='bbox 734 2532 807 2592; x_wconf 88' lang='lat' dir='ltr'>Vide</span> <span class='ocrx_word' id='word_1_286' title='bbox 828 2535 871 2593; x_wconf 91' lang='grc'>44.</span> <span class='ocrx_word' id='word_1_287' title='bbox 929 2523 969 2583; x_wconf 67' lang='lat' dir='ltr'>ad</span> <span class='ocrx_word' id='word_1_288' title='bbox 986 2533 1153 2604; x_wconf 71' lang='grc'><strong>4444444444</strong></span> <span class='ocrx_word' id='word_1_289' title='bbox 1167 2535 1286 2604; x_wconf 70' lang='lat' dir='ltr'>partem</span> <span class='ocrx_word' id='word_1_290' title='bbox 1303 2527 1445 2590; x_wconf 68' lang='lat' dir='ltr'>omnibus</span> <span class='ocrx_word' id='word_1_291' title='bbox 1465 2530 1638 2610; x_wconf 65' lang='lat' dir='ltr'>annitentibus</span> 
     </span>
     <span class='ocr_line' id='line_1_49' title="bbox 155 2617 1639 2704; baseline -0.001 -20"><span class='ocrx_word' id='word_1_292' title='bbox 155 2626 355 2685; x_wconf 88' lang='lat' dir='ltr'>llabilloniuin</span> <span class='ocrx_word' id='word_1_293' title='bbox 372 2634 444 2685; x_wconf 87' lang='lat' dir='ltr'>tom.</span> <span class='ocrx_word' id='word_1_294' title='bbox 462 2627 481 2688; x_wconf 77' lang='lat'><strong>2</strong></span> <span class='ocrx_word' id='word_1_295' title='bbox 499 2629 594 2686; x_wconf 89' lang='lat' dir='ltr'>musei</span> <span class='ocrx_word' id='word_1_296' title='bbox 613 2627 704 2687; x_wconf 91' lang='lat' dir='ltr'>ltalici</span> <span class='ocrx_word' id='word_1_297' title='bbox 721 2643 786 2704; x_wconf 86' lang='lat' dir='ltr'>pag.</span> <span class='ocrx_word' id='word_1_298' title='bbox 802 2628 870 2686; x_wconf 86' lang='grc'><strong>443.</strong></span> <span class='ocrx_word' id='word_1_299' title='bbox 934 2617 1084 2695; x_wconf 75' lang='lat' dir='ltr'>respondit</span> <span class='ocrx_word' id='word_1_300' title='bbox 1110 2635 1237 2697; x_wconf 76' lang='lat' dir='ltr'>nicpnae</span> <span class='ocrx_word' id='word_1_301' title='bbox 1258 2621 1401 2682; x_wconf 76' lang='lat' dir='ltr'>scientiae</span> <span class='ocrx_word' id='word_1_302' title='bbox 1422 2632 1451 2683; x_wconf 93' lang='lat' dir='ltr'>et</span> <span class='ocrx_word' id='word_1_303' title='bbox 1473 2624 1592 2686; x_wconf 76' lang='lat' dir='ltr'>subtilia</span> <span class='ocrx_word' id='word_1_304' title='bbox 1604 2624 1639 2682; x_wconf 90' lang='lat' dir='ltr'>iii·</span> 
     </span>
     <span class='ocr_line' id='line_1_50' title="bbox 154 2711 1639 2798; baseline 0.005 -23"><span class='ocrx_word' id='word_1_305' title='bbox 154 2716 203 2775; x_wconf 92' lang='lat' dir='ltr'>ubi</span> <span class='ocrx_word' id='word_1_306' title='bbox 225 2715 318 2775; x_wconf 89' lang='lat' dir='ltr'>edidit</span> <span class='ocrx_word' id='word_1_307' title='bbox 339 2717 405 2792; x_wconf 86' lang='lat' dir='ltr'>ejus</span> <span class='ocrx_word' id='word_1_308' title='bbox 427 2719 534 2778; x_wconf 93' lang='lat' dir='ltr'>librum</span> <span class='ocrx_word' id='word_1_309' title='bbox 558 2718 594 2778; x_wconf 88' lang='lat' dir='ltr'>de</span> <span class='ocrx_word' id='word_1_310' title='bbox 617 2718 795 2781; x_wconf 74' lang='lat' dir='ltr'>cerimoniis</span> <span class='ocrx_word' id='word_1_311' title='bbox 813 2720 870 2780; x_wconf 68' lang='lat' dir='ltr'>Ec÷</span> <span class='ocrx_word' id='word_1_312' title='bbox 937 2711 1085 2788; x_wconf 63' lang='grc' dir='ltr'><strong>4441ίὶ444</strong></span> <span class='ocrx_word' id='word_1_313' title='bbox 1102 2711 1139 2770; x_wconf 79' lang='lat' dir='ltr'>D·</span> <span class='ocrx_word' id='word_1_314' title='bbox 1156 2711 1302 2774; x_wconf 66' lang='lat' dir='ltr'>Nimiam</span> <span class='ocrx_word' id='word_1_315' title='bbox 1316 2714 1494 2779; x_wconf 70' lang='lat' dir='ltr'>Monachus</span> <span class='ocrx_word' id='word_1_316' title='bbox 1512 2717 1566 2780; x_wconf 85' lang='lat' dir='ltr'>SS.</span> <span class='ocrx_word' id='word_1_317' title='bbox 1581 2734 1639 2798; x_wconf 70' lang='grc'>444</span> 
     </span>
     <span class='ocr_line' id='line_1_51' title="bbox 153 2805 1636 2892; baseline 0.007 -26"><span class='ocrx_word' id='word_1_318' title='bbox 153 2805 261 2867; x_wconf 79' lang='lat' dir='ltr'>clerice</span> <span class='ocrx_word' id='word_1_319' title='bbox 276 2810 426 2870; x_wconf 81' lang='lat' dir='ltr'>Romanae</span> <span class='ocrx_word' id='word_1_320' title='bbox 442 2829 508 2888; x_wconf 89' lang='lat' dir='ltr'>pag.</span> <span class='ocrx_word' id='word_1_321' title='bbox 528 2812 585 2870; x_wconf 90' lang='grc'>448</span> <span class='ocrx_word' id='word_1_322' title='bbox 600 2814 667 2872; x_wconf 90' lang='grc'><strong>544.</strong></span> <span class='ocrx_word' id='word_1_323' title='bbox 682 2820 871 2873; x_wconf 90' lang='lat' dir='ltr'>constantem</span> <span class='ocrx_word' id='word_1_324' title='bbox 930 2812 1022 2876; x_wconf 69' lang='grc'><strong>4404,</strong></span> <span class='ocrx_word' id='word_1_325' title='bbox 1039 2805 1092 2882; x_wconf 59' lang='lat' dir='ltr'>dui</span> <span class='ocrx_word' id='word_1_326' title='bbox 1118 2806 1280 2865; x_wconf 68' lang='grc'><strong>4444444444</strong></span> <span class='ocrx_word' id='word_1_327' title='bbox 1303 2807 1451 2885; x_wconf 69' lang='lat' dir='ltr'>praebuit</span> <span class='ocrx_word' id='word_1_328' title='bbox 1478 2809 1636 2892; x_wconf 67' lang='lat' dir='ltr'>disputmi</span> 
     </span>
     <span class='ocr_line' id='line_1_52' title="bbox 158 2895 1638 2985; baseline 0.007 -26"><span class='ocrx_word' id='word_1_329' title='bbox 158 2899 314 2978; x_wconf 89' lang='lat' dir='ltr'>Capitibus</span> <span class='ocrx_word' id='word_1_330' title='bbox 330 2902 468 2963; x_wconf 85' lang='lat' dir='ltr'>CLXllll.</span> <span class='ocrx_word' id='word_1_331' title='bbox 487 2912 518 2963; x_wconf 87' lang='lat' dir='ltr'>et</span> <span class='ocrx_word' id='word_1_332' title='bbox 531 2906 655 2965; x_wconf 90' lang='lat' dir='ltr'>aliorum</span> <span class='ocrx_word' id='word_1_333' title='bbox 671 2905 873 2966; x_wconf 90' lang='lat' dir='ltr'>additionibus</span> <span class='ocrx_word' id='word_1_334' title='bbox 928 2895 1078 2956; x_wconf 87' lang='lat' dir='ltr'>dictorum</span> <span class='ocrx_word' id='word_1_335' title='bbox 1094 2897 1256 2958; x_wconf 69' lang='grc'><strong>(4444044444</strong></span> <span class='ocrx_word' id='word_1_336' title='bbox 1271 2899 1384 2969; x_wconf 62' lang='lat' dir='ltr'>latiur.</span> <span class='ocrx_word' id='word_1_337' title='bbox 1402 2920 1500 2981; x_wconf 69' lang='lat' dir='ltr'>quam</span> <span class='ocrx_word' id='word_1_338' title='bbox 1510 2923 1564 2985; x_wconf 79' lang='lat' dir='ltr'>per</span> <span class='ocrx_word' id='word_1_339' title='bbox 1578 2903 1638 2963; x_wconf 72' lang='lat' dir='ltr'>aliti</span> 
     </span>
     <span class='ocr_line' id='line_1_53' title="bbox 154 2987 1637 3075; baseline 0.013 -23"><span class='ocrx_word' id='word_1_340' title='bbox 154 2992 336 3071; x_wconf 89' lang='lat' dir='ltr'>quandoque</span> <span class='ocrx_word' id='word_1_341' title='bbox 350 2997 573 3075; x_wconf 87' lang='lat' dir='ltr'>interpolatum.</span> <span class='ocrx_word' id='word_1_342' title='bbox 587 2998 732 3075; x_wconf 78' lang='lat' dir='ltr'>Eiusdem</span> <span class='ocrx_word' id='word_1_343' title='bbox 746 2999 873 3060; x_wconf 84' lang='lat' dir='ltr'>Itinera-</span> <span class='ocrx_word' id='word_1_344' title='bbox 925 2987 1039 3066; x_wconf 68' lang='grc'><strong>7444441</strong></span> <span class='ocrx_word' id='word_1_345' title='bbox 1056 2990 1265 3052; x_wconf 48' lang='lat' dir='ltr'>Comitiali?</span> <span class='ocrx_word' id='word_1_346' title='bbox 1282 2991 1341 3052; x_wconf 65' lang='lat' dir='ltr'>Ad·</span> <span class='ocrx_word' id='word_1_347' title='bbox 1362 2995 1446 3071; x_wconf 69' lang='lat'>⁴4⁴2</span> <span class='ocrx_word' id='word_1_348' title='bbox 1458 2997 1507 3059; x_wconf 66' lang='lat'>‘¹50</span> <span class='ocrx_word' id='word_1_349' title='bbox 1524 3000 1561 3061; x_wconf 68' lang='lat'>2³</span> <span class='ocrx_word' id='word_1_350' title='bbox 1575 3013 1637 3057; x_wconf 64' lang='lat' dir='ltr'>m</span> 
     </span>
     <span class='ocr_line' id='line_1_54' title="bbox 151 3081 1639 3169; baseline 0.008 -25"><span class='ocrx_word' id='word_1_351' title='bbox 151 3102 234 3144; x_wconf 85' lang='lat' dir='ltr'>riam</span> <span class='ocrx_word' id='word_1_352' title='bbox 247 3085 387 3164; x_wconf 69' lang='lat' dir='ltr'>Gregorii</span> <span class='ocrx_word' id='word_1_353' title='bbox 396 3088 444 3147; x_wconf 78' lang='lat' dir='ltr'>XI.</span> <span class='ocrx_word' id='word_1_354' title='bbox 457 3092 543 3166; x_wconf 89' lang='lat' dir='ltr'>quasi</span> <span class='ocrx_word' id='word_1_355' title='bbox 560 3091 712 3165; x_wconf 86' lang='lat' dir='ltr'>versibus,</span> <span class='ocrx_word' id='word_1_356' title='bbox 724 3094 871 3169; x_wconf 90' lang='lat' dir='ltr'>scriptum</span> <span class='ocrx_word' id='word_1_357' title='bbox 931 3081 973 3140; x_wconf 63' lang='lat'>⁸5¹</span> <span class='ocrx_word' id='word_1_358' title='bbox 986 3081 1102 3160; x_wconf 66' lang='grc'><strong>4444444·</strong></span> <span class='ocrx_word' id='word_1_359' title='bbox 1122 3085 1333 3146; x_wconf 70' lang='lat' dir='ltr'>Famosissima</span> <span class='ocrx_word' id='word_1_360' title='bbox 1351 3094 1383 3147; x_wconf 80' lang='lat' dir='ltr'>et</span> <span class='ocrx_word' id='word_1_361' title='bbox 1401 3089 1550 3152; x_wconf 78' lang='lat' dir='ltr'>solemnio</span> <span class='ocrx_word' id='word_1_362' title='bbox 1573 3106 1639 3168; x_wconf 65' lang='lat' dir='ltr'>repe·</span> 
     </span>
    </p>
   </div>
   <div class='ocr_carea' id='block_1_7' title="bbox 153 3177 1633 3356">
    <p class='ocr_par' dir='ltr' id='par_1_11' title="bbox 153 3177 1633 3356">
     <span class='ocr_line' id='line_1_55' title="bbox 153 3177 1633 3256; baseline 0.006 -18"><span class='ocrx_word' id='word_1_363' title='bbox 153 3179 310 3239; x_wconf 82' lang='lat' dir='ltr'>Avenione</span> <span class='ocrx_word' id='word_1_364' title='bbox 331 3182 475 3256; x_wconf 88' lang='lat' dir='ltr'>liomam,</span> <span class='ocrx_word' id='word_1_365' title='bbox 495 3182 614 3242; x_wconf 79' lang='lat' dir='ltr'>edidere</span> <span class='ocrx_word' id='word_1_366' title='bbox 636 3186 765 3245; x_wconf 87' lang='lat' dir='ltr'>Bzovius</span> <span class='ocrx_word' id='word_1_367' title='bbox 782 3186 818 3245; x_wconf 88' lang='lat' dir='ltr'>ad</span> <span class='ocrx_word' id='word_1_368' title='bbox 838 3185 873 3244; x_wconf 85' lang='grc' dir='ltr'>Α.</span> <span class='ocrx_word' id='word_1_369' title='bbox 928 3177 1036 3234; x_wconf 61' lang='lat' dir='ltr'>bimi)-</span> <span class='ocrx_word' id='word_1_370' title='bbox 1055 3178 1132 3236; x_wconf 73' lang='lat' dir='ltr'>Petri</span> <span class='ocrx_word' id='word_1_371' title='bbox 1151 3177 1188 3237; x_wconf 77' lang='lat' dir='ltr'>de</span> <span class='ocrx_word' id='word_1_372' title='bbox 1205 3178 1385 3240; x_wconf 74' lang='lat' dir='ltr'>Ancharauo</span> <span class='ocrx_word' id='word_1_373' title='bbox 1398 3184 1429 3242; x_wconf 88' lang='lat' dir='ltr'>in</span> <span class='ocrx_word' id='word_1_374' title='bbox 1446 3187 1633 3247; x_wconf 72' lang='lat' dir='ltr'>mannase-</span> 
     </span>
     <span class='ocr_line' id='line_1_56' title="bbox 153 3258 1630 3356; baseline 0.01 -37"><span class='ocrx_word' id='word_1_375' title='bbox 153 3258 242 3320; x_wconf 88' lang='grc'><strong>4376.</strong></span> <span class='ocrx_word' id='word_1_376' title='bbox 255 3277 337 3321; x_wconf 92' lang='lat' dir='ltr'>num.</span> <span class='ocrx_word' id='word_1_377' title='bbox 352 3262 399 3322; x_wconf 91' lang='grc'>34.</span> <span class='ocrx_word' id='word_1_378' title='bbox 416 3269 448 3321; x_wconf 93' lang='lat' dir='ltr'>et</span> <span class='ocrx_word' id='word_1_379' title='bbox 464 3261 500 3322; x_wconf 91' lang='lat' dir='ltr'>ad</span> <span class='ocrx_word' id='word_1_380' title='bbox 513 3264 548 3321; x_wconf 87' lang='grc' dir='ltr'>Α.</span> <span class='ocrx_word' id='word_1_381' title='bbox 567 3263 652 3325; x_wconf 88' lang='grc'><strong>4377.</strong></span> <span class='ocrx_word' id='word_1_382' title='bbox 670 3271 701 3323; x_wconf 93' lang='lat' dir='ltr'>et</span> <span class='ocrx_word' id='word_1_383' title='bbox 716 3267 872 3326; x_wconf 87' lang='lat' dir='ltr'>llassoiius</span> <span class='ocrx_word' id='word_1_384' title='bbox 928 3275 1070 3328; x_wconf 90' lang='lat' dir='ltr'>tutorum.</span> <span class='ocrx_word' id='word_1_385' title='bbox 1089 3269 1221 3330; x_wconf 90' lang='lat' dir='ltr'>Consilia</span> <span class='ocrx_word' id='word_1_386' title='bbox 1249 3272 1329 3332; x_wconf 91' lang='lat' dir='ltr'>illius</span> <span class='ocrx_word' id='word_1_387' title='bbox 1357 3291 1445 3335; x_wconf 92' lang='lat' dir='ltr'>num.</span> <span class='ocrx_word' id='word_1_388' title='bbox 1469 3278 1541 3338; x_wconf 75' lang='grc'><strong>432.</strong></span> <span class='ocrx_word' id='word_1_389' title='bbox 1559 3277 1630 3356; x_wconf 80' lang='lat' dir='ltr'>ptine</span> 
     </span>
    </p>
   </div>
   <div class='ocr_carea' id='block_1_8' title="bbox 145 3355 1635 4736">
    <p class='ocr_par' dir='ltr' id='par_1_12' title="bbox 145 3355 1635 4736">
     <span class='ocr_line' id='line_1_57' title="bbox 150 3355 1635 3436; baseline 0.009 -24"><span class='ocrx_word' id='word_1_390' title='bbox 150 3358 243 3430; x_wconf 88' lang='lat' dir='ltr'>atque</span> <span class='ocrx_word' id='word_1_391' title='bbox 264 3355 442 3416; x_wconf 76' lang='lat' dir='ltr'>ciacconius</span> <span class='ocrx_word' id='word_1_392' title='bbox 465 3359 494 3415; x_wconf 93' lang='lat' dir='ltr'>in</span> <span class='ocrx_word' id='word_1_393' title='bbox 517 3359 578 3417; x_wconf 88' lang='lat' dir='ltr'>vita</span> <span class='ocrx_word' id='word_1_394' title='bbox 601 3357 734 3436; x_wconf 83' lang='lat' dir='ltr'>Gregorii</span> <span class='ocrx_word' id='word_1_395' title='bbox 760 3361 811 3419; x_wconf 85' lang='lat' dir='ltr'>xi.</span> <span class='ocrx_word' id='word_1_396' title='bbox 927 3359 1049 3422; x_wconf 85' lang='lat' dir='ltr'>diversa</span> <span class='ocrx_word' id='word_1_397' title='bbox 1075 3362 1112 3422; x_wconf 89' lang='lat' dir='ltr'>ab</span> <span class='ocrx_word' id='word_1_398' title='bbox 1140 3362 1229 3423; x_wconf 90' lang='lat' dir='ltr'>editis</span> <span class='ocrx_word' id='word_1_399' title='bbox 1252 3367 1391 3426; x_wconf 89' lang='lat' dir='ltr'>continet</span> <span class='ocrx_word' id='word_1_400' title='bbox 1418 3369 1563 3432; x_wconf 85' lang='lat' dir='ltr'>volumen</span> <span class='ocrx_word' id='word_1_401' title='bbox 1585 3370 1635 3429; x_wconf 86' lang='grc'><strong>444.</strong></span> 
     </span>
     <span class='ocr_line' id='line_1_58' title="bbox 189 3445 1353 3522; baseline 0.012 -18"><span class='ocrx_word' id='word_1_402' title='bbox 189 3445 335 3506; x_wconf 83' lang='lat' dir='ltr'>PETRUS</span> <span class='ocrx_word' id='word_1_403' title='bbox 356 3445 391 3507; x_wconf 86' lang='lat' dir='ltr'>de</span> <span class='ocrx_word' id='word_1_404' title='bbox 407 3447 589 3508; x_wconf 82' lang='lat' dir='ltr'>Anabaraiio</span> <span class='ocrx_word' id='word_1_405' title='bbox 611 3450 639 3522; x_wconf 82' lang='lat' dir='ltr'>a)</span> <span class='ocrx_word' id='word_1_406' title='bbox 662 3453 871 3510; x_wconf 88' lang='lat' dir='ltr'>Farnesiorum</span> <span class='ocrx_word' id='word_1_407' title='bbox 929 3454 987 3513; x_wconf 86' lang='lat' dir='ltr'>lilS.</span> <span class='ocrx_word' id='word_1_408' title='bbox 1010 3456 1039 3512; x_wconf 94' lang='lat' dir='ltr'>in</span> <span class='ocrx_word' id='word_1_409' title='bbox 1057 3455 1195 3514; x_wconf 78' lang='lat' dir='ltr'>liibliotb.</span> <span class='ocrx_word' id='word_1_410' title='bbox 1212 3457 1353 3517; x_wconf 70' lang='lat' dir='ltr'>Fabae*</span> 
     </span>
     <span class='ocr_line' id='line_1_59' title="bbox 147 3539 1634 3622; baseline 0.011 -24"><span class='ocrx_word' id='word_1_411' title='bbox 147 3539 290 3607; x_wconf 84' lang='lat' dir='ltr'>castello.</span> <span class='ocrx_word' id='word_1_412' title='bbox 313 3540 394 3600; x_wconf 87' lang='lat' dir='ltr'>Baldi</span> <span class='ocrx_word' id='word_1_413' title='bbox 415 3542 450 3602; x_wconf 80' lang='lat' dir='ltr'>A.</span> <span class='ocrx_word' id='word_1_414' title='bbox 474 3543 561 3602; x_wconf 88' lang='grc'><strong>4466.</strong></span> <span class='ocrx_word' id='word_1_415' title='bbox 584 3542 718 3603; x_wconf 77' lang='lat' dir='ltr'>defuncti</span> <span class='ocrx_word' id='word_1_416' title='bbox 743 3542 874 3620; x_wconf 89' lang='lat' dir='ltr'>discipu·</span> <span class='ocrx_word' id='word_1_417' title='bbox 969 3546 1300 3622; x_wconf 68' lang='lat' dir='ltr'>pertusatam,</span> <span class='ocrx_word' id='word_1_418' title='bbox 1321 3551 1481 3615; x_wconf 88' lang='lat' dir='ltr'>Ecclesiae</span> <span class='ocrx_word' id='word_1_419' title='bbox 1497 3555 1634 3619; x_wconf 82' lang='lat' dir='ltr'>Columbi-</span> 
     </span>
     <span class='ocr_line' id='line_1_60' title="bbox 151 3625 1634 3720; baseline 0.01 -29"><span class='ocrx_word' id='word_1_420' title='bbox 151 3632 219 3706; x_wconf 89' lang='lat' dir='ltr'>lus,</span> <span class='ocrx_word' id='word_1_421' title='bbox 240 3633 334 3695; x_wconf 85' lang='lat' dir='ltr'>lCtus</span> <span class='ocrx_word' id='word_1_422' title='bbox 355 3634 483 3694; x_wconf 84' lang='lat' dir='ltr'>celebris</span> <span class='ocrx_word' id='word_1_423' title='bbox 504 3625 723 3708; x_wconf 73' lang='lat' dir='ltr'>B&#39;ononiensis,</span> <span class='ocrx_word' id='word_1_424' title='bbox 746 3642 874 3712; x_wconf 82' lang='lat' dir='ltr'>scriptor</span> <span class='ocrx_word' id='word_1_425' title='bbox 929 3639 1058 3713; x_wconf 88' lang='lat' dir='ltr'>riensis,</span> <span class='ocrx_word' id='word_1_426' title='bbox 1096 3657 1151 3700; x_wconf 87' lang='lat' dir='ltr'>seu</span> <span class='ocrx_word' id='word_1_427' title='bbox 1187 3642 1427 3718; x_wconf 88' lang='lat' dir='ltr'>Colmariensis,</span> <span class='ocrx_word' id='word_1_428' title='bbox 1465 3647 1634 3720; x_wconf 85' lang='lat' dir='ltr'>Canonicus,</span> 
     </span>
     <span class='ocr_line' id='line_1_61' title="bbox 148 3725 1632 3808; baseline 0.005 -20"><span class='ocrx_word' id='word_1_429' title='bbox 148 3725 440 3788; x_wconf 85' lang='lat' dir='ltr'>Commentariorum</span> <span class='ocrx_word' id='word_1_430' title='bbox 467 3730 496 3788; x_wconf 94' lang='lat' dir='ltr'>in</span> <span class='ocrx_word' id='word_1_431' title='bbox 528 3727 721 3802; x_wconf 86' lang='lat' dir='ltr'>Decretales,</span> <span class='ocrx_word' id='word_1_432' title='bbox 751 3734 872 3788; x_wconf 82' lang='lat' dir='ltr'>sertum</span> <span class='ocrx_word' id='word_1_433' title='bbox 928 3731 1155 3794; x_wconf 86' lang='lat' dir='ltr'>Decretoiumm</span> <span class='ocrx_word' id='word_1_434' title='bbox 1179 3734 1306 3808; x_wconf 85' lang='lat' dir='ltr'>Doctor,</span> <span class='ocrx_word' id='word_1_435' title='bbox 1328 3735 1365 3795; x_wconf 91' lang='lat' dir='ltr'>ad</span> <span class='ocrx_word' id='word_1_436' title='bbox 1390 3740 1574 3803; x_wconf 81' lang='lat' dir='ltr'>Eridericum</span> <span class='ocrx_word' id='word_1_437' title='bbox 1595 3741 1632 3801; x_wconf 86' lang='lat' dir='ltr'>tit</span> 
     </span>
     <span class='ocr_line' id='line_1_62' title="bbox 147 3818 1632 3914; baseline 0.012 -41"><span class='ocrx_word' id='word_1_438' title='bbox 147 3821 179 3874; x_wconf 87' lang='lat' dir='ltr'>ot</span> <span class='ocrx_word' id='word_1_439' title='bbox 207 3818 431 3892; x_wconf 85' lang='lat' dir='ltr'>Clementinas,</span> <span class='ocrx_word' id='word_1_440' title='bbox 459 3819 652 3880; x_wconf 89' lang='lat' dir='ltr'>consiliorum</span> <span class='ocrx_word' id='word_1_441' title='bbox 685 3821 872 3896; x_wconf 87' lang='lat' dir='ltr'>aliarumque</span> <span class='ocrx_word' id='word_1_442' title='bbox 930 3825 1003 3901; x_wconf 92' lang='lat' dir='ltr'>lmp.</span> <span class='ocrx_word' id='word_1_443' title='bbox 1026 3828 1076 3901; x_wconf 89' lang='lat' dir='ltr'>qui</span> <span class='ocrx_word' id='word_1_444' title='bbox 1100 3826 1137 3886; x_wconf 90' lang='lat' dir='ltr'>ab</span> <span class='ocrx_word' id='word_1_445' title='bbox 1159 3827 1192 3886; x_wconf 81' lang='lat' dir='ltr'>il&#39;.</span> <span class='ocrx_word' id='word_1_446' title='bbox 1219 3830 1305 3888; x_wconf 86' lang='grc'><strong>4456.</strong></span> <span class='ocrx_word' id='word_1_447' title='bbox 1327 3829 1365 3888; x_wconf 92' lang='lat' dir='ltr'>ad</span> <span class='ocrx_word' id='word_1_448' title='bbox 1389 3833 1482 3894; x_wconf 87' lang='grc'><strong>4494.</strong></span> <span class='ocrx_word' id='word_1_449' title='bbox 1506 3836 1632 3914; x_wconf 76' lang='lat' dir='ltr'>praefuit,</span> 
     </span>
     <span class='ocr_line' id='line_1_63' title="bbox 150 3906 1632 4007; baseline 0.011 -41"><span class='ocrx_word' id='word_1_450' title='bbox 150 3906 402 3970; x_wconf 89' lang='lat' dir='ltr'>lucubrationum.</span> <span class='ocrx_word' id='word_1_451' title='bbox 425 3912 499 3972; x_wconf 85' lang='lat' dir='ltr'>Vide</span> <span class='ocrx_word' id='word_1_452' title='bbox 516 3913 716 3973; x_wconf 90' lang='lat' dir='ltr'>Tritbemium</span> <span class='ocrx_word' id='word_1_453' title='bbox 735 3930 798 3991; x_wconf 85' lang='lat' dir='ltr'>cap.</span> <span class='ocrx_word' id='word_1_454' title='bbox 821 3912 872 3972; x_wconf 87' lang='grc'>75.</span> <span class='ocrx_word' id='word_1_455' title='bbox 929 3913 1022 3976; x_wconf 80' lang='lat' dir='ltr'>libros</span> <span class='ocrx_word' id='word_1_456' title='bbox 1043 3915 1117 3979; x_wconf 82' lang='lat' dir='ltr'>dnos</span> <span class='ocrx_word' id='word_1_457' title='bbox 1134 3917 1169 3979; x_wconf 87' lang='lat' dir='ltr'>de</span> <span class='ocrx_word' id='word_1_458' title='bbox 1191 3920 1494 4004; x_wconf 75' lang='lat' dir='ltr'>impertitionem,</span> <span class='ocrx_word' id='word_1_459' title='bbox 1516 3930 1596 4007; x_wconf 80' lang='lat' dir='ltr'>liegii</span> <span class='ocrx_word' id='word_1_460' title='bbox 1611 3933 1632 3984; x_wconf 88' lang='lat' dir='ltr'>et</span> 
     </span>
     <span class='ocr_line' id='line_1_64' title="bbox 151 3999 1630 4097; baseline 0.018 -42"><span class='ocrx_word' id='word_1_461' title='bbox 151 3999 326 4060; x_wconf 89' lang='lat' dir='ltr'>Forsterum</span> <span class='ocrx_word' id='word_1_462' title='bbox 346 4005 375 4060; x_wconf 93' lang='lat' dir='ltr'>in</span> <span class='ocrx_word' id='word_1_463' title='bbox 395 4003 517 4065; x_wconf 88' lang='lat' dir='ltr'>historia</span> <span class='ocrx_word' id='word_1_464' title='bbox 534 4007 617 4066; x_wconf 88' lang='lat' dir='ltr'>Juris</span> <span class='ocrx_word' id='word_1_465' title='bbox 634 4006 739 4067; x_wconf 87' lang='lat' dir='ltr'>Civilis</span> <span class='ocrx_word' id='word_1_466' title='bbox 756 4023 784 4084; x_wconf 94' lang='lat' dir='ltr'>p.</span> <span class='ocrx_word' id='word_1_467' title='bbox 803 4006 871 4064; x_wconf 87' lang='grc'><strong>664.</strong></span> <span class='ocrx_word' id='word_1_468' title='bbox 928 4009 1056 4086; x_wconf 80' lang='lat' dir='ltr'>Augusti</span> <span class='ocrx_word' id='word_1_469' title='bbox 1088 4015 1239 4072; x_wconf 88' lang='lat' dir='ltr'>creatione</span> <span class='ocrx_word' id='word_1_470' title='bbox 1255 4057 1263 4080; x_wconf 89' lang='lat'>.</span> <span class='ocrx_word' id='word_1_471' title='bbox 1285 4016 1538 4097; x_wconf 84' lang='lat' dir='ltr'>inauguratione,</span> <span class='ocrx_word' id='word_1_472' title='bbox 1555 4020 1630 4082; x_wconf 86' lang='lat' dir='ltr'>admi·</span> 
     </span>
     <span class='ocr_line' id='line_1_65' title="bbox 146 4089 1628 4185; baseline 0.024 -38"><span class='ocrx_word' id='word_1_473' title='bbox 146 4089 315 4150; x_wconf 77' lang='lat' dir='ltr'>lividinem</span> <span class='ocrx_word' id='word_1_474' title='bbox 336 4095 533 4157; x_wconf 86' lang='lat' dir='ltr'>Puncirollum</span> <span class='ocrx_word' id='word_1_475' title='bbox 553 4100 602 4159; x_wconf 94' lang='lat' dir='ltr'>lll.</span> <span class='ocrx_word' id='word_1_476' title='bbox 621 4101 670 4159; x_wconf 79' lang='lat'>26.</span> <span class='ocrx_word' id='word_1_477' title='bbox 687 4101 739 4177; x_wconf 90' lang='lat' dir='ltr'>qui</span> <span class='ocrx_word' id='word_1_478' title='bbox 756 4105 788 4159; x_wconf 91' lang='lat' dir='ltr'>et</span> <span class='ocrx_word' id='word_1_479' title='bbox 805 4099 872 4159; x_wconf 91' lang='lat' dir='ltr'>Col-</span> <span class='ocrx_word' id='word_1_480' title='bbox 929 4102 1124 4178; x_wconf 86' lang='lat' dir='ltr'>nistratione,</span> <span class='ocrx_word' id='word_1_481' title='bbox 1137 4106 1234 4166; x_wconf 83' lang='lat' dir='ltr'>officio</span> <span class='ocrx_word' id='word_1_482' title='bbox 1245 4114 1277 4166; x_wconf 90' lang='lat' dir='ltr'>et</span> <span class='ocrx_word' id='word_1_483' title='bbox 1292 4117 1444 4185; x_wconf 86' lang='lat' dir='ltr'>potestate</span> <span class='ocrx_word' id='word_1_484' title='bbox 1460 4114 1628 4182; x_wconf 72' lang='lat' dir='ltr'>ainaim.</span> 
     </span>
     <span class='ocr_line' id='line_1_66' title="bbox 147 4183 1629 4281; baseline 0.013 -39"><span class='ocrx_word' id='word_1_485' title='bbox 147 4183 258 4261; x_wconf 87' lang='lat' dir='ltr'>legium</span> <span class='ocrx_word' id='word_1_486' title='bbox 281 4184 449 4262; x_wconf 85' lang='lat' dir='ltr'>Pauperuni</span> <span class='ocrx_word' id='word_1_487' title='bbox 473 4191 684 4254; x_wconf 89' lang='lat' dir='ltr'>Studiosorum</span> <span class='ocrx_word' id='word_1_488' title='bbox 702 4193 740 4253; x_wconf 85' lang='lat' dir='ltr'>ab</span> <span class='ocrx_word' id='word_1_489' title='bbox 760 4208 796 4252; x_wconf 87' lang='lat' dir='ltr'>eo</span> <span class='ocrx_word' id='word_1_490' title='bbox 817 4195 872 4251; x_wconf 90' lang='lat' dir='ltr'>Bo·</span> <span class='ocrx_word' id='word_1_491' title='bbox 926 4193 1055 4273; x_wconf 84' lang='lat' dir='ltr'>aliisque</span> <span class='ocrx_word' id='word_1_492' title='bbox 1073 4198 1191 4276; x_wconf 90' lang='lat' dir='ltr'>lmperii</span> <span class='ocrx_word' id='word_1_493' title='bbox 1211 4201 1365 4277; x_wconf 86' lang='lat' dir='ltr'>partibus,</span> <span class='ocrx_word' id='word_1_494' title='bbox 1381 4205 1509 4269; x_wconf 80' lang='lat' dir='ltr'>iuribus</span> <span class='ocrx_word' id='word_1_495' title='bbox 1522 4205 1629 4281; x_wconf 57' lang='lat' dir='ltr'>pritibas</span> 
     </span>
     <span class='ocr_line' id='line_1_67' title="bbox 150 4277 1629 4375; baseline 0.018 -42"><span class='ocrx_word' id='word_1_496' title='bbox 150 4277 256 4335; x_wconf 88' lang='lat' dir='ltr'>noniae</span> <span class='ocrx_word' id='word_1_497' title='bbox 286 4277 457 4338; x_wconf 91' lang='lat' dir='ltr'>institutum</span> <span class='ocrx_word' id='word_1_498' title='bbox 491 4284 641 4345; x_wconf 88' lang='lat' dir='ltr'>celebrat:</span> <span class='ocrx_word' id='word_1_499' title='bbox 676 4287 825 4347; x_wconf 85' lang='lat' dir='ltr'>labbeum</span> <span class='ocrx_word' id='word_1_500' title='bbox 849 4292 869 4342; x_wconf 92' lang='grc'>4.</span> <span class='ocrx_word' id='word_1_501' title='bbox 926 4292 1156 4351; x_wconf 87' lang='lat' dir='ltr'>etceremoniis.</span> <span class='ocrx_word' id='word_1_502' title='bbox 1173 4292 1276 4353; x_wconf 90' lang='lat' dir='ltr'>Edidit</span> <span class='ocrx_word' id='word_1_503' title='bbox 1287 4297 1489 4375; x_wconf 75' lang='lat' dir='ltr'>blorquardus</span> <span class='ocrx_word' id='word_1_504' title='bbox 1504 4300 1629 4363; x_wconf 80' lang='lat' dir='ltr'>Erchems</span> 
     </span>
     <span class='ocr_line' id='line_1_68' title="bbox 146 4367 1625 4456; baseline 0.017 -29"><span class='ocrx_word' id='word_1_505' title='bbox 146 4367 175 4428; x_wconf 72' lang='grc'>4.</span> <span class='ocrx_word' id='word_1_506' title='bbox 190 4367 228 4428; x_wconf 87' lang='lat' dir='ltr'>de</span> <span class='ocrx_word' id='word_1_507' title='bbox 242 4369 273 4429; x_wconf 86' lang='lat' dir='ltr'>S.</span> <span class='ocrx_word' id='word_1_508' title='bbox 286 4370 359 4447; x_wconf 74' lang='lat' dir='ltr'>Ep.</span> <span class='ocrx_word' id='word_1_509' title='bbox 378 4372 445 4430; x_wconf 87' lang='grc'><strong>483.</strong></span> <span class='ocrx_word' id='word_1_510' title='bbox 460 4373 660 4438; x_wconf 88' lang='lat' dir='ltr'>Warthonum</span> <span class='ocrx_word' id='word_1_511' title='bbox 674 4380 709 4440; x_wconf 91' lang='lat' dir='ltr'>ad</span> <span class='ocrx_word' id='word_1_512' title='bbox 724 4382 869 4453; x_wconf 89' lang='lat' dir='ltr'>Caveum,</span> <span class='ocrx_word' id='word_1_513' title='bbox 925 4379 1049 4456; x_wconf 83' lang='lat' dir='ltr'>Argent.</span> <span class='ocrx_word' id='word_1_514' title='bbox 1079 4385 1168 4446; x_wconf 72' lang='grc'><strong>4642.</strong></span> <span class='ocrx_word' id='word_1_515' title='bbox 1195 4388 1221 4444; x_wconf 91' lang='grc'>4.</span> <span class='ocrx_word' id='word_1_516' title='bbox 1254 4394 1285 4447; x_wconf 92' lang='lat' dir='ltr'>et</span> <span class='ocrx_word' id='word_1_517' title='bbox 1304 4388 1414 4452; x_wconf 77' lang='lat' dir='ltr'>Tobiae</span> <span class='ocrx_word' id='word_1_518' title='bbox 1446 4392 1583 4454; x_wconf 86' lang='lat' dir='ltr'>Oellialen</span> <span class='ocrx_word' id='word_1_519' title='bbox 1604 4391 1625 4446; x_wconf 86' lang='lat' dir='ltr'>in</span> 
     </span>
     <span class='ocr_line' id='line_1_69' title="bbox 145 4460 1624 4557; baseline 0.011 -37"><span class='ocrx_word' id='word_1_520' title='bbox 145 4460 297 4523; x_wconf 90' lang='lat' dir='ltr'>Oudinum</span> <span class='ocrx_word' id='word_1_521' title='bbox 321 4469 393 4523; x_wconf 91' lang='lat' dir='ltr'>tom.</span> <span class='ocrx_word' id='word_1_522' title='bbox 419 4467 446 4525; x_wconf 87' lang='grc'>3.</span> <span class='ocrx_word' id='word_1_523' title='bbox 471 4486 535 4545; x_wconf 87' lang='lat' dir='ltr'>pag.</span> <span class='ocrx_word' id='word_1_524' title='bbox 561 4470 647 4530; x_wconf 69' lang='grc'><strong>4439.</strong></span> <span class='ocrx_word' id='word_1_525' title='bbox 671 4480 728 4532; x_wconf 89' lang='lat' dir='ltr'>etc.</span> <span class='ocrx_word' id='word_1_526' title='bbox 915 4474 1039 4552; x_wconf 81' lang='lat' dir='ltr'>sylloge</span> <span class='ocrx_word' id='word_1_527' title='bbox 1065 4478 1187 4557; x_wconf 86' lang='lat' dir='ltr'>vulgata</span> <span class='ocrx_word' id='word_1_528' title='bbox 1215 4480 1348 4541; x_wconf 83' lang='lat' dir='ltr'>Norimb.</span> <span class='ocrx_word' id='word_1_529' title='bbox 1371 4482 1460 4544; x_wconf 85' lang='grc'><strong>4647.</strong></span> <span class='ocrx_word' id='word_1_530' title='bbox 1488 4487 1514 4546; x_wconf 94' lang='grc'>4.</span> <span class='ocrx_word' id='word_1_531' title='bbox 1538 4482 1624 4547; x_wconf 86' lang='lat' dir='ltr'>Conier</span> 
     </span>
     <span class='ocr_line' id='line_1_70' title="bbox 169 4556 1620 4658; baseline 0.016 -44"><span class='ocrx_word' id='word_1_532' title='bbox 169 4556 205 4654; x_wconf 28' lang='grc' dir='ltr'>Ι*</span> <span class='ocrx_word' id='word_1_533' title='bbox 231 4559 295 4618; x_wconf 79' lang='lat' dir='ltr'>icti</span> <span class='ocrx_word' id='word_1_534' title='bbox 315 4557 405 4620; x_wconf 88' lang='lat' dir='ltr'>buius</span> <span class='ocrx_word' id='word_1_535' title='bbox 436 4568 552 4637; x_wconf 88' lang='lat' dir='ltr'>praeter</span> <span class='ocrx_word' id='word_1_536' title='bbox 584 4563 662 4623; x_wconf 88' lang='lat' dir='ltr'>edita</span> <span class='ocrx_word' id='word_1_537' title='bbox 686 4566 770 4643; x_wconf 91' lang='lat' dir='ltr'>plura</span> <span class='ocrx_word' id='word_1_538' title='bbox 798 4571 870 4625; x_wconf 94' lang='lat' dir='ltr'>sunt</span> <span class='ocrx_word' id='word_1_539' title='bbox 925 4566 1620 4658; x_wconf 75' lang='lat' dir='ltr'>llendreicbiipandectaslirandeaburg.p.lbi¹</span> 
     </span>
     <span class='ocr_line' id='line_1_71' title="bbox 146 4651 1619 4736; baseline 0.016 -29"><span class='ocrx_word' id='word_1_540' title='bbox 146 4652 292 4724; x_wconf 88' lang='lat' dir='ltr'>opuscula</span> <span class='ocrx_word' id='word_1_541' title='bbox 310 4653 339 4710; x_wconf 94' lang='lat' dir='ltr'>in</span> <span class='ocrx_word' id='word_1_542' title='bbox 357 4651 511 4715; x_wconf 90' lang='lat' dir='ltr'>codicibus</span> <span class='ocrx_word' id='word_1_543' title='bbox 523 4656 744 4732; x_wconf 85' lang='lat' dir='ltr'>MSS.qu0ruin</span> <span class='ocrx_word' id='word_1_544' title='bbox 760 4659 869 4736; x_wconf 83' lang='lat' dir='ltr'>aliqua,</span> <span class='ocrx_word' id='word_1_545' title='bbox 965 4661 1110 4724; x_wconf 77' lang='lat' dir='ltr'>Parius</span> <span class='ocrx_word' id='word_1_546' title='bbox 1131 4663 1271 4725; x_wconf 77' lang='lat' dir='ltr'>Andreas</span> <span class='ocrx_word' id='word_1_547' title='bbox 1292 4664 1328 4726; x_wconf 84' lang='lat' dir='ltr'>de</span> <span class='ocrx_word' id='word_1_548' title='bbox 1350 4668 1509 4736; x_wconf 77' lang='lat' dir='ltr'>Castanei&#39;s</span> <span class='ocrx_word' id='word_1_549' title='bbox 1525 4672 1619 4734; x_wconf 85' lang='lat' dir='ltr'>Floren-</span> 
     </span>
    </p>
   </div>
   <div class='ocr_carea' id='block_1_9' title="bbox 186 4842 1309 4925">
    <p class='ocr_par' dir='ltr' id='par_1_13' title="bbox 186 4842 1309 4925">
     <span class='ocr_line' id='line_1_72' title="bbox 186 4842 1309 4925; baseline 0.015 -26"><span class='ocrx_word' id='word_1_550' title='bbox 186 4842 210 4899; x_wconf 69' lang='lat' dir='ltr'>fll</span> <span class='ocrx_word' id='word_1_551' title='bbox 224 4846 326 4900; x_wconf 68' lang='lat' dir='ltr'>Ancora</span> <span class='ocrx_word' id='word_1_552' title='bbox 339 4855 409 4901; x_wconf 86' lang='lat' dir='ltr'>lnri&#39;s</span> <span class='ocrx_word' id='word_1_553' title='bbox 425 4855 483 4904; x_wconf 86' lang='lat' dir='ltr'>inite</span> <span class='ocrx_word' id='word_1_554' title='bbox 495 4856 578 4905; x_wconf 80' lang='lat' dir='ltr'>dictus</span> <span class='ocrx_word' id='word_1_555' title='bbox 593 4855 618 4904; x_wconf 92' lang='lat' dir='ltr'>tn</span> <span class='ocrx_word' id='word_1_556' title='bbox 631 4855 784 4918; x_wconf 79' lang='lat' dir='ltr'>prtiipbto</span> <span class='ocrx_word' id='word_1_557' title='bbox 794 4861 875 4906; x_wconf 79' lang='lat' dir='ltr'>nono·</span> <span class='ocrx_word' id='word_1_558' title='bbox 922 4862 980 4910; x_wconf 85' lang='lat' dir='ltr'>atie</span> <span class='ocrx_word' id='word_1_559' title='bbox 994 4862 1020 4910; x_wconf 89' lang='lat' dir='ltr'>tn</span> <span class='ocrx_word' id='word_1_560' title='bbox 1033 4863 1124 4925; x_wconf 82' lang='lat' dir='ltr'>tempto</span> <span class='ocrx_word' id='word_1_561' title='bbox 1135 4867 1158 4915; x_wconf 87' lang='lat' dir='ltr'>s.</span> <span class='ocrx_word' id='word_1_562' title='bbox 1172 4867 1309 4916; x_wconf 80' lang='lat' dir='ltr'>bomiuler.</span> 
     </span>
    </p>
   </div>
   <div class='ocr_carea' id='block_1_10' title="bbox 0 0 1688 5362">
    <p class='ocr_par' dir='ltr' id='par_1_14' title="bbox 0 0 1688 5362">
     <span class='ocr_line' id='line_1_73' title="bbox 0 0 1688 5362; baseline 0 6"><span class='ocrx_word' id='word_1_563' title='bbox 0 0 1688 5362; x_wconf 95' lang='lat' dir='ltr'> </span> 
     </span>
    </p>
   </div>
  </div>
 </body>
</html>
