3630 5422
1140 1 1179 3 ἡ
1259 1 1300 3 -“
1321 1 1748 8 '--h———-*
1772 3 1783 5 -

699 235 1018 316 uvrsvout'e.
1551 237 1621 300 esa·

130 376 288 438 nobiscum
310 389 436 452 pacem,
457 377 549 449 atque
565 362 803 434 fraternitatem,
821 363 852 418 et
904 373 921 416 a
944 353 1028 414 vobis
1050 351 1104 413 hac
1127 353 1155 410 io
1178 367 1210 411 ro
1232 355 1356 427 exorto,
1383 352 1516 421 motare,
1542 347 1622 423 opti-

129 472 296 533 amicitiam
307 469 414 529 bonam
431 464 520 526 simol
534 461 718 524 habeamus:
737 473 774 516 ex
790 469 849 533 qua
905 465 953 510 mo
977 445 1101 508 consilio
1129 450 1248 523 pertula
1278 440 1444 521 putandum
1472 445 1540 514 ‘⁸22
1558 447 1622 500 11ῑῦ

129 580 224 625 eausa
244 580 298 623 nos
312 561 481 642 juravimus
495 573 594 618 coram
618 553 723 614 nuntio
745 549 852 612 Excel·
904 540 1197 622 providentissimis,
1216 538 1506 617 sapientissimisque
1516 534 1625 614 princi·

131 659 244 720 tentiae
273 655 419 730 Vestrae,
441 653 584 714 Videlicet
606 647 738 727 Stoylra,
770 641 849 721 qnod
907 635 1011 715 uibus,
1035 650 1069 696 ³0
1095 649 1270 711 magnarum
1293 629 1491 709 gerendarum
1520 643 1620 689 iesum

131 767 189 813 nos
206 767 274 811 cum
294 749 476 811 Excellenria
492 751 593 806 vestra
610 743 737 810 bonam,
756 746 787 799 et
801 737 853 798 So·
906 728 1134 806 expertissimis·
1146 725 1346 799 Qu³m0btem
1359 723 1462 798 tobis,
1482 729 1513 781 ti
1528 720 1624 782 timii

130 845 224 907 lidam
250 861 352 924 pacem
376 842 540 902 habeamus
555 839 623 899 sine
641 837 742 913 aliquo
762 831 850 906 dolo,
906 823 1115 888 Christicolum
1129 822 1313 898 Religiosae,
1330 825 1421 897 atque
1438 814 1625 876 excolendis·

132 939 184 1000 ,rep
205 937 309 998 paupe
327 953 422 1014 usque
438 934 474 996 ag
489 949 585 994 annos
602 931 716 991 decem,
734 931 776 991 pe
793 942 853 1006 quo
906 918 1000 977 simae
1017 914 1197 995 expeditioni
1215 914 1357 984 meliora,
1390 911 1579 988 felicioraque
1594 924 1626 968 o·

132 1049 191 1094 nos
213 1034 360 1092 narramus
392 1035 528 1090 nostrum
557 1024 674 1088 oderem
704 1022 851 1094 noavrem,
907 1012 986 1071 moia
1014 1026 1134 1088 semper
1156 1024 1334 1069 successura
1352 1021 1519 1086 speramus.
1547 1004 1625 1079 opto

132 1135 167 1189 et
189 1126 344 1206 egregium
363 1121 581 1201 Solymasbeg,
603 1118 757 1189 videlicet,
772 1111 852 1194 quod
908 1104 983 1166 hene
1000 1105 1134 1166 valeatis.
1154 1104 1198 1164 Eu
1215 1100 1425 1178 Hadrianopoli
1442 1097 1536 1176 pridie
1552 1096 1624 1158 idus

133 1222 250 1301 placeat
276 1220 481 1281 Excellentiae
513 1217 637 1277 Vestrae
656 1209 855 1292 personaliter
908 1199 1018 1260 diluuii·
1038 1199 1112 1277 Eug·
1132 1199 1215 1258 Ρθῦῑ·
1234 1195 1292 1257 du·
1308 1192 1390 1256 XlV·
1405 1192 1440 1252 Ε·
1458 1195 1485 1253 J·
1502 1192 1534 1253 0·
1552 1192 1587 1251 T·

130 1313 257 1395 jurare,
281 1321 383 1386 recte,
410 1318 441 1372 et
458 1308 586 1371 fideliter
602 1309 669 1368 eine
685 1306 785 1383 aliquo
803 1302 854 1363 do-

134 1409 182 1484 lo,
208 1406 287 1485 quod
321 1424 374 1487 per
403 1419 499 1465 annos
530 1401 634 1463 decem
664 1399 794 1471 bonam,
823 1402 855 1456 et

133 1503 261 1566 solidam
285 1517 387 1582 pacem
401 1498 554 1559 nobiscum
573 1492 728 1556 habebitis.
742 1492 852 1552 Datum

134 1596 342 1676 hadrianopoli
358 1595 423 1663 ΧΗ,
440 1593 530 1654 lunii.
1248 1597 1296 1660 lv.

175 1695 338 1769 Postquam
357 1703 409 1767 per
423 1686 596 1764 illyricum,
617 1690 648 1744 et
668 1683 732 1761 ipsa
750 1681 779 1739 in
797 1679 852 1740 ha·

102 1763 110 1786 κ
133 1787 222 1865 {iu-im
247 1785 396 1857 civitate,
419 1778 600 1852 ultissimis
622 1782 713 1853 aiuue
735 1775 852 1851 Magna·
951 1724 1154 1864 scripsimus
1176 1784 1232 1846 hec
1252 1801 1290 1844 ex
1307 1779 1523 1860 hadrianopoli,
1539 1778 1625 1841 Chri-

135 1881 218 1940 ὓῑῐῦθ
249 1871 695 1954 puticulis,00l15⁸l³¹⁰iiiil¹¹e
719 1867 852 1938 nuntiis,
908 1881 1094 1941 stianissime
1111 1874 1265 1958 Princeps,
1292 1879 1321 1938 ira
1336 1876 1498 1947 Barbaros,
1527 1870 1625 1951 quoad

137 1973 296 2052 ludiciime
317 1968 485 2030 cardinalis
505 1965 639 2044 ΟΡῑῑῐῦῑι
671 1969 702 2022 ei
720 1959 852 2040 Ᾱῦὅθῖῗῦῑ
908 1975 1052 2048 licuerat,
1080 1970 1252 2047 moderate,
1279 1981 1312 2034 ut
1328 1969 1491 2031 Barbarum
1521 1981 1629 2044 nempe

138 2065 268 2126 nominis
290 2062 441 2123 vonrrnera
460 2066 608 2140 Ρῡῑθὸῑθῑθ
640 2057 741 2134 Lutati
774 2055 855 2114 Vitis
910 2083 1034 2128 saevam
1049 2066 1209 2145 perniciem
1224 2063 1480 2126 vitaremus.Nam
1492 2057 1629 2122 latiusde

141 2158 283 2232 ElusiOlis
317 2157 477 2229 ¹¹⁰V5m¹¹⁵a
503 2161 635 2231 quanta,
658 2150 796 2229 qualiave
817 2145 854 2207 ad
911 2162 952 2222 rei
969 2158 1152 2231 conditione,
1181 2159 1280 2238 dequo
1304 2174 1407 2219 eorum
1435 2161 1536 2216 coacta
1556 2169 1629 2234 pace

139 2251 345 2312 Christianum
364 2250 444 2328 l‘ium
457 2244 680 2326 Pi⁰lli¹3³⁰d⁰¹¹¹
693 2242 856 2322 ¹¹¹¹llirium
911 2253 1069 2314 dixissem.
1090 2251 1165 2315 Cum
1185 2262 1216 2314 et
1232 2253 1345 2333 ingenti
1364 2247 1520 2312 tormidine
1543 2247 1630 2308 terri·

138 2353 339 2426 persitesstffl·
361 2352 392 2403 et
420 2340 611 2420 insuperabili
646 2339 759 2399 virture
784 2344 856 2411 tua,
912 2333 979 2420 tos,
1009 2353 1076 2407 ute
1101 2347 1211 2407 vestris
1239 2347 1298 2408 late
1325 2345 1470 2406 noveritis
1496 2341 1630 2421 quotidie

137 2442 241 2519 utique
255 2438 457 2502 florentissimi
473 2437 624 2497 exercitus
639 2434 783 2515 probitate
794 2449 860 2511 pro·
912 2439 1043 2500 Teucros
1061 2443 1176 2501 moenia
1195 2457 1353 2520 reparare,
1370 2440 1543 2516 Tomosque
1566 2449 1633 2513 pro-

140 2534 232 2606 vide,
251 2540 453 2607 constanter,
477 2532 760 2610 magnininviterque
791 2543 858 2607 ges·
914 2534 1089 2612 pugnaculis
1108 2534 1186 2613 ligno
1209 2536 1345 2609 munire,
1373 2533 1496 2593 militem
1515 2528 1553 2589 ad
1584 2529 1631 2591 iu-

140 2631 207 2690 sisti
229 2637 344 2690 lovere
363 2628 509 2704 insignem
530 2626 639 2704 pietate
671 2623 857 2699 Principem,
913 2643 979 2706 gana
1012 2629 1218 2707 potiusquam
1236 2627 1273 2689 ad
1293 2643 1424 2706 pugnam
1447 2635 1550 2704 aptare
1578 2639 1627 2685 co-

142 2724 513 2803 Sitatugcmiphut'umque
532 2719 652 2779 militiae
671 2717 800 2790 Ducem,
815 2714 858 2774 di·
912 2725 1083 2801 gnavimus,
1095 2721 1158 2784 Alia
1172 2739 1243 2782 vero
1260 2739 1296 2782 eg
1310 2727 1393 2800 parte
1404 2720 1628 2781 Charamauum

139 2835 313 2898 girumque,
336 2831 371 2877 dc
393 2830 498 2875 verum
528 2811 714 2874 Christianae
736 2809 859 2886 Religio·
912 2818 941 2877 in
959 2817 1030 2878 Asia
1048 2818 1076 2877 in
1093 2817 1190 2896 ipsum
1210 2815 1354 2878 Amoralh
1378 2823 1493 2877 molum
1523 2815 1553 2876 in
1581 2831 1628 2875 at·-

139 2931 212 2987 sae,
236 2913 501 2988 Pientissimaeque
523 2909 622 2987 gentis
643 2905 773 2985 pugilem
806 2917 858 2961 vo·
912 2911 989 2977 mis,
1010 2916 1041 2970 et
1069 2911 1152 2984 ioca,
1179 2910 1348 2990 oppidaque
1373 2928 1428 2972 sua
1453 2916 1632 2981 vastatum,

138 3004 603 3086 citandum,appellan.lumque
622 3003 683 3064 iore
696 3001 856 3064 censebam
913 3003 1192 3084 pessundatumque
1222 3005 1255 3064 iri
1286 3017 1355 3067 cum
1390 3007 1553 3085 Tyrannus
1584 3001 1631 3063 hio

141 3106 344 3175 Potestatem,
368 3102 587 3180 imperiumque
609 3105 694 3160 tunm
723 3094 857 3171 Oceano,
912 3097 1068 3179 Superbus
1087 3101 1292 3179 percepisset;
1308 3103 1336 3162 in
1355 3117 1424 3162 eum
1444 3101 1568 3171 iurene,
1587 3115 1632 3160 re·

142 3201 270 3260 honores
293 3213 384 3268 vero,
414 3203 444 3255 et
466 3195 589 3269 laudes,
623 3200 714 3272 atque
746 3206 857 3251 nomen
912 3193 1174 3254 lictoinThracia
1195 3190 1633 3274 Cialabyiilio,cumetCha·

141 3295 232 3356 astris
253 3299 284 3352 te
305 3291 427 3369 dignum
450 3291 612 3349 terminare
634 3287 747 3367 potavi·
781 3285 860 3358 Qua
913 3288 942 3348 iil
961 3289 1063 3350 Bassia
1084 3289 1203 3368 Collega
1220 3291 1360 3367 primario
1376 3305 1451 3362 suo,
1479 3292 1543 3350 suis
1562 3305 1631 3350 cum

142 3393 263 3468 propter
284 3387 418 3446 animum
441 3400 542 3444 meum
576 3399 718 3457 omnem,
745 3380 856 3457 iidem,
917 3382 1067 3462 plerisque
1093 3381 1285 3461 cohortibus;
1317 3385 1379 3464 ipse
1407 3385 1633 3462 Hellespontum

144 3489 358 3560 mentemque,
381 3488 411 3540 et
427 3480 635 3549 affectionem,
657 3494 692 3538 ac
710 3477 857 3556 meipsum
913 3477 1130 3553 transfretare,
1147 3484 1178 3537 et
1195 3480 1297 3558 copias
1317 3495 1422 3556 magna
1438 3479 1466 3536 vi
1486 3479 1513 3538 in
1530 3478 1633 3540 Asiam

145 3580 241 3632 totum
261 3571 391 3650 inclytae
410 3571 533 3643 virtuti,
551 3576 581 3628 et
596 3567 773 3632 celsitudini
790 3576 860 3630 tuae
914 3570 1064 3631 ductitare
1083 3569 1243 3649 delegerat.
1266 3574 1305 3635 Ut
1319 3575 1375 3634 etsi
1396 3589 1450 3633 vos
1471 3571 1631 3636 Christiani

141 3666 248 3725 devovi
263 3711 270 3741 ,
284 3664 497 3742 dedicavique,
521 3679 627 3741 magne
641 3667 860 3738 τροπαιοφιρστς
912 3666 1026 3746 optumi
1044 3667 1196 3745 principes
1214 3685 1318 3746 pacem
1343 3668 1420 3729 hane
1444 3668 1629 3748 improbam,

98 3814 101 3823 .
141 3743 223 3836 ἆυηρε
246 3778 315 3823 cum
338 3777 409 3820 vero
431 3757 538 3819 deinde
562 3775 609 3819 me
631 3758 667 3819 ad
688 3759 857 3820 Threiciam
912 3769 944 3822 et
962 3763 1082 3840 penitus
1098 3761 1297 3822 execrandam
1320 3762 1482 3824 observare
1502 3764 1635 3842 coeperi-

143 3857 379 3935 hadrianopolim
399 3855 530 3932 regiam,
552 3859 583 3912 et
597 3853 656 3914 beu
673 3853 795 3915 barbara
816 3853 860 3913 di·
912 3857 974 3932 tis,
993 3855 1095 3917 statim
1114 3855 1271 3929 conflicto,
1291 3857 1450 3936 iugatove,
1466 3864 1519 3919 aut
1534 3858 1634 3937 aliqua

143 3957 223 4016 tione
245 3952 400 4014 subactam
423 3949 683 4027 opulentissimam
708 3948 812 4009 urbem
828 3955 859 4008 et
913 3950 1082 4013 conditione
1105 3958 1209 4030 pacato
1233 3951 1423 4014 Charamano
1441 3954 1554 4032 ingenti
1571 3951 1636 4013 ani·

143 4050 211 4111 elati
227 4049 315 4125 Regis
327 4046 414 4107 Asiae
429 4045 638 4123 praesentiam:
652 4042 813 4121 Plerisque,
828 4049 859 4103 et
914 4063 962 4105 mo
983 4045 1080 4105 auctis
1095 4045 1123 4102 in
1142 4043 1211 4105 Asia
1226 4046 1340 4124 copiis,
1373 4046 1565 4124 Hellesponto
1587 4064 1633 4106 re·

144 4143 279 4204 honestis
292 4139 328 4200 de
343 4139 443 4200 causis
463 4138 669 4212 contulissem,
680 4139 787 4219 hagios
805 4157 860 4200 nu·
915 4155 1039 4213 menso,
1057 4139 1086 4198 in
1105 4138 1260 4200 Thraciam
1280 4142 1387 4201 iterum
1407 4140 1541 4203 validiori
1559 4159 1630 4204 curn

144 4253 215 4316 per,
236 4243 267 4296 ct
288 4231 483 4297 celsitudinis
503 4233 583 4295 Tuae
605 4231 782 4313 Georgiique
806 4235 860 4294 lie-
913 4237 1048 4295 exercitu
1082 4249 1235 4310 remeare,
1267 4242 1299 4294 et
1329 4236 1489 4312 ltoesiam,
1518 4235 1636 4297 Panno-

144 4337 246 4410 spotae
258 4330 393 4409 egregios
404 4333 538 4388 oratores
549 4326 690 4402 vidimus,
705 4335 736 4389 et
747 4335 859 4407 quanta
915 4329 1055 4406 uiamque
1070 4332 1132 4388 tota
1146 4343 1201 4389 sua
1219 4345 1288 4389 cum
1308 4334 1456 4407 potestate
1475 4337 1634 4407 repetens,

144 4423 220 4504 apud
244 4425 340 4502 ipsum
366 4422 478 4483 elatum
512 4423 677 4500 principem
710 4425 860 4500 gesserint
917 4423 1396 4500 praeteritam,recentemquea
1418 4422 1503 4482 vobis
1523 4420 1635 4484 illatam

142 4515 332 4589 audivimus,
366 4521 399 4574 ut
432 4515 531 4576 omnia
569 4514 654 4575 vobis
698 4530 736 4575 ex
766 4515 860 4577 relatu
916 4514 971 4575 sibi
999 4513 1113 4575 cladem
1149 4516 1237 4576 enixe
1265 4515 1419 4576 vindicare
1448 4515 1572 4576 curabit.
1595 4515 1635 4577 ht

146 4617 265 4670 restrae
297 4609 473 4690 legationis,
509 4615 540 4668 et
571 4606 709 4686 ejusdem
742 4609 861 4672 liurath
916 4610 993 4681 etsi,
1024 4607 1103 4686 quod
1123 4611 1218 4688 magis
1248 4607 1436 4688 putandum,
1469 4616 1500 4669 et
1531 4610 1629 4688 ipsum

144 4705 202 4782 lleg
225 4703 324 4782 [legiis
346 4704 440 4766 litoris
462 4710 531 4765 nota
553 4709 662 4780 erunt,
684 4703 813 4783 adquae
831 4711 861 4765 et
917 4700 1074 4764 lormidare
1092 4701 1154 4782 jam
1172 4704 1346 4776 cernimus,
1371 4717 1424 4763 vos
1445 4718 1518 4781 pace
1551 4703 1636 4764 mali·

145 4798 296 4859 lormanda
319 4799 472 4860 vobiscum
503 4796 620 4858 taedere
649 4797 861 4879 Solymamheg
914 4812 972 4874 gna
990 4798 1110 4875 penitus
1128 4803 1248 4874 spreta,
1274 4798 1303 4856 in
1322 4813 1392 4856 eum
1422 4804 1541 4874 paratas
1571 4795 1632 4877 jam

144 4893 300 4953 barbarum
325 4891 442 4953 fidelem
465 4908 577 4960 suum:
599 4899 629 4951 et
650 4893 781 4954 Graecae
803 4895 860 4954 uti·
915 4899 1034 4952 vestras
1058 4891 1211 4965 invictas,
1241 4897 1272 4950 et
1297 4881 1439 4950 iloreotes
1471 4890 1573 4972 copias
1604 4893 1634 4951 in

144 5001 202 5066 que
224 4986 353 5048 nationis
374 4985 512 5049 homines
535 4987 635 5048 mittit.
665 4984 723 5048 Sed
759 4990 860 5049 omnia
916 4984 1071 5049 Thraciam
1090 4986 1186 5067 ipsam
1204 4983 1376 5047 admovisse
1393 4972 1586 5065 cognoverit,
1601 4993 1633 5049 et

1057 1362 1211 1432 Devotus,
1228 1363 1258 1416 et
1273 1323 1476 1416 dicatissimus

1056 1453 1208 1532 livriacus
1225 1451 1442 1524 anconitanus.
