3658 5412
295 222 355 284 itit
896 217 1187 280 saliceto

293 344 362 405 qam
378 325 470 386 444444
484 325 560 386 inid.
574 323 1015 405 Lindeubrogiusprimosepa·
1069 325 1111 384 le.
1142 325 1320 386 Guilielmus
1353 323 1560 400 Hoimannus,
1589 347 1673 407 quern
1708 329 1757 392 lata

294 421 381 480 ratim
398 419 536 493 Parisiis,
555 417 641 478 46944.
661 417 688 476 4.
712 417 821 477 444444
851 419 879 478 44
906 418 1014 480 Codice
1068 417 1154 478 uubis
1176 435 1271 496 nuper
1292 419 1451 481 admodum
1471 425 1759 499 matureeripuerunt.

272 501 276 506 ⁸
296 515 406 592 Legum
425 513 587 584 Veterum,
605 511 740 571 Francoi.
759 511 845 572 ista.
862 511 909 571 iol.
924 519 955 572 et
976 529 1012 572 44
1070 513 1098 570 44
1119 511 1202 572 libris
1222 511 1339 573 duabus
1352 509 1592 573 Observationum
1602 515 1684 575 luris
1696 515 1759 575 64·-

294 607 349 666 bae
363 604 492 664 editione
512 601 676 664 Galdastus
696 611 777 663 torno
794 605 843 665 iil.
861 605 1013 664 Constitu·
1068 603 1196 679 moru'ei,
1219 605 1296 682 Lips.
1319 605 1404 665 4738.
1428 607 1455 664 8.
1477 603 1574 679 editis,
1595 607 1671 666 varia
1696 623 1759 684 quo

292 699 406 758 tionum
425 695 636 774 Imperialium.
656 697 822 757 Parroeam
841 696 923 757 dedit
947 697 1014 758 ilie-
1068 715 1127 775 que
1150 697 1237 776 Legis
1258 699 1370 759 Saliene
1390 699 1453 759 loca
1472 715 1509 758 ex
1530 699 1624 776 lingua
1651 699 1758 778 Germa·

291 805 437 866 rouymus
457 787 622 867 bignonius
643 805 678 848 ex
697 789 881 867 autographo
901 789 1012 849 Pithoei
1069 791 1135 850 nico
1157 790 1282 850 feliciter
1303 791 1473 868 explicavit.

290 899 359 942 4444
374 881 526 942 Glaesaria
542 881 637 951 illius,
654 881 1013 944 etannotatiauibussuis
1108 882 1125 918 ¹*
1145 883 1293 944 Omissam
1317 881 1365 942 irio
1385 899 1451 943 esse
1468 881 1686 960 descriptionem
1705 883 1758 942 edi·

290 975 499 1052 Farmuiisque
521 973 653 1034 44444446
671 972 801 1048 additis,
818 977 909 1036 Paris.
925 977 1013 1038 ilidii.
1069 975 1158 1034 tionis
1177 976 1263 1052 Legis
1284 973 1640 1035 84444444448444414444
1659 975 1757 1053 Argen·

290 1070 317 1128 8.
335 1067 480 1146 Sequitur
501 1065 673 1144 Stephanus
690 1067 849 1142 Baluzius,
865 1071 915 1147 qui
943 1087 1013 1131 ean·
1069 1069 1211 1127 torstensi
1233 1074 1371 1144 paratae,
1392 1083 1479 1144 quam
1502 1069 1545 1125 vir
1565 1066 1636 1126 alter
1661 1067 1755 1127 dectus

287 1163 357 1222 dem
377 1163 454 1220 iuter
470 1159 654 1240 Capitularia
685 1161 799 1238 liegum
833 1164 1013 1225 Francorum
1069 1159 1209 1236 perficit,
1230 1159 1359 1219 loannes
1380 1159 1480 1220 4444444
1506 1159 1673 1236 praelatione
1700 1158 1757 1219 4144

288 1254 401 1328 edidit,
422 1272 492 1316 cum
516 1253 655 1315 undecim
673 1253 827 1314 codicibus
841 1257 1014 1335 antiquissi·
1069 1251 1181 1311 stravit
1201 1258 1231 1311 et
1252 1253 1296 1310 44
1314 1253 1420 1330 Georg.
1434 1251 1587 1313 Scheraius
1604 1253 1630 1310 in
1647 1247 1755 1310 liniver-

288 1349 347 1408 mis
363 1347 517 1408 collatam.
532 1345 636 1423 Neque
651 1345 837 1406 omittendus
854 1355 902 1407 est
919 1349 1015 1409 Gode·
1069 1345 1159 1404 444444
1177 1344 1420 1421 Argentoratensi
1439 1345 1582 1423 proiessor
1597 1345 1711 1403 inseruit
1729 1344 1753 1400 io

288 1440 384 1501 tridua
417 1438 636 1513 Wendelinus,
665 1438 717 1516 qui
745 1455 761 1498 a
790 1441 874 1500 ioan.
905 1442 1013 1502 Jacubo
1069 1437 1128 1496 vol.
1151 1437 1187 1496 14.
1208 1437 1287 1498 Thes
1318 1439 1452 1514 antiquit.
1474 1437 1687 1496 teutonicarum
1712 1433 1754 1494 lll-

288 1534 438 1595 chiffletio
456 1534 619 1606 incitatus,
640 1530 801 1592 editionem
821 1533 1012 1595 llernldinam
1069 1545 1136 1590 mae
1155 1528 1241 1591 4747.
1260 1530 1310 1590 444.
1330 1531 1477 1609 Expressa
1496 1536 1541 1590 est
1553 1528 1638 1589 editio
1653 1529 1703 1587 ista
1720 1527 1751 1587 44

186 1667 189 1676 -
288 1627 348 1688 hue
381 1641 477 1704 usque
503 1627 647 1685 amissam
678 1628 852 1700 revocavit,
884 1643 1012 1706 eamque
1069 1623 1223 1684 vetustiss.
1245 1621 1752 1702 Cod.liegium,turuadduaturra·

284 1737 354 1780 cum
368 1719 520 1780 Glossario
535 1733 591 1778 suo
605 1725 636 1776 et
653 1717 867 1779 dissertatione
900 1718 938 1780 de
961 1737 1013 1781 ua·
1067 1713 1179 1777 riautes
1190 1733 1228 1776 44
1244 1716 1372 1777 editione
1387 1715 1509 1777 44444444
1523 1722 1553 1776 44
1564 1711 1751 1775 4444446444-

287 1812 336 1874 tali
349 1812 413 1872 solo
423 1815 534 1889 legum
548 1811 1010 1890 Saliearumdntwerpiaetdbd.
1067 1809 1257 1887 plrerbytani.
1271 1810 1474 1872 subiiciuntur
1487 1811 1540 1868 viri
1552 1806 1693 1870 cuiusdam
1707 1804 1751 1864 do·

286 1907 313 1965 4.
329 1909 358 1965 44
377 1905 474 1967 lucem
494 1903 643 1982 produxit.
663 1905 794 1966 Palmam
814 1907 938 1984 reliquis
949 1923 1014 1966 orn-
1067 1903 1108 1962 eti
1128 1901 1345 1962 adnotationes.
1366 1901 1504 1963 Succedit
1524 1901 1569 1961 144
1602 1899 1686 1959 Salios
1713 1913 1751 1956 re

286 2000 375 2059 nibus
391 1999 557 2077 praeripuit
584 1999 629 2057 lo.
656 1997 803 2075 Georgius
834 1998 1011 2077 Eeoardus,
1067 1997 1183 2056 cautior
1203 1995 1360 2056 emendata
1379 2005 1409 2055 et
1430 1995 1607 2074 promulgata
1628 1992 1705 2072 jussu
1724 1995 1750 2048 et

287 2094 340 2169 qui
356 2092 470 2168 aliquot
488 2091 646 2151 codicibus
663 2089 742 2150 biSS.
763 2107 855 2166 usus,
878 2091 934 2152 has
960 2094 1013 2152 Le·
1067 2087 1249 2149 authoritate
1266 2089 1361 2150 Caroli
1383 2089 1418 2149 44.
1444 2105 1468 2150 e.
1495 2105 1523 2147 4.
1546 2087 1679 2147 Francisei
1702 2082 1748 2160 94-

289 2200 342 2260 ges
359 2183 459 2244 denuo
476 2183 534 2244 sub
554 2182 693 2243 incudem
711 2186 885 2258 revocavit,
913 2186 1013 2245 varias
1068 2181 1157 2249 44444.
1170 2181 1344 2260 Hieronymi
1366 2183 1497 2261 Bignunii
1514 2187 1547 2241 et
1566 2179 1659 2256 Stepb.
1674 2177 1748 2238 3444-

291 2293 395 2336 444444
411 2276 557 2336 editionos
565 2283 599 2336 44
610 2274 728 2337 4444444
740 2277 865 2337 444444444
876 2280 1012 2352 eontulit,
1068 2275 1110 2334 tii.
1130 2277 1211 2335 44444
1230 2275 1367 2352 equidem
1388 2273 1543 2334 editionem
1558 2277 1651 2350 utpote
1665 2268 1750 2348 44444

289 2377 322 2430 44
339 2370 561 2432 Commentario
573 2377 620 2432 444
632 2370 786 2431 444414444
798 2369 1011 2446 44444444444,,44
1068 2366 1167 2428 didam
1184 2367 1214 2428 44
1231 2374 1410 2442 accuratam,
1428 2367 1606 2446 praeteriisse
1618 2359 1750 2442 pigeret‘

289 2480 349 2542 quo
364 2466 521 2544 praecipue
536 2467 1013 2547 vueeegermanicasetymolagi-
1106 2459 1123 2496 ¹
1150 2459 1397 2522 Bartholomaeus
1427 2462 1468 2520 lle
1499 2455 1671 2520 snticuro
1697 2454 1750 2528 {lie

290 2574 324 2618 co
348 2558 621 2636 illustrat3quain
641 2558 818 2619 remultum
838 2577 1012 2638 saneprae-
1066 2567 1125 2628 quo
1157 2552 1205 2614 hio
1241 2563 1377 2616 acturum
1400 2569 1465 2614 sese
1486 2552 1751 2625 Fabriciusspopou·

287 2653 380 2727 stitit,
396 2655 420 2712 si
433 2652 581 2730 quaedam
597 2653 751 2729 44444444,
781 2655 810 2711 44
839 2652 950 2732 quibus
978 2671 1011 2714 se
1066 2644 1153 2706 derat
1173 2663 1229 2707 nec
1250 2646 1339 2708 tidem
1362 2649 1429 2708 4444
1449 2645 1559 2706 exolvit
1578 2641 1675 2704 author
1691 2655 1751 2715 444

286 2745 385 2823 444414
402 2745 588 2806 audaciorem
607 2743 738 2805 exhibet.
755 2747 794 2806 Et
812 2747 881 2807 buic
904 2748 1010 2807 444444-
1068 2741 1233 2818 piamenti)
1254 2743 1486 2802 Barrononiansis
1506 2733 1632 2798 44444444
1648 2732 1749 2793 Salieeti

287 2835 590 2898 dodebeturnotitia
614 2836 803 2913 editionum,
832 2856 922 2917 quam
953 2841 1011 2902 huc
1062 2832 1140 2910 juris
1169 2837 1291 2895 seientia
1323 2842 1420 2895 aetate
1451 2849 1504 2894 sua
1535 2831 1601 2891 clari
1620 2844 1653 2888 ex
1674 2826 1750 2884 tratre

288 2945 385 3006 usqae
402 2931 498 2991 attuli.
513 2931 621 2992 Editus
639 2938 687 2990 444
714 2931 796 2991 liber.
825 2933 1009 2994 Francolurti
1066 2942 1160 3004 nepos
1184 2925 1221 2986 ab
1247 2929 1429 2987 eminentem
1446 2923 1522 3002 juris
1535 2922 1676 2983 seientiam
1695 2915 1750 2976 444

287 3026 319 3079 44
337 3023 462 3100 444444,
481 3021 634 3083 sumtibus
651 3024 760 3084 Nicolai
777 3027 946 3100 Foersteri,
964 3028 1011 3086 ur-
1064 3017 1179 3079 nareis
1187 3019 1273 3099 juris
1286 3021 1452 3100 appellatus
1468 3017 1564 3078 docuit
1577 3013 1691 3084 Piltlfis
1707 3012 1750 3069 Pl·

285 3113 679 3192 444444144444444444444,
709 3116 796 3178 ⁴720.
825 3119 873 3179 tol.
900 3119 1007 3182 446444
1064 3111 1140 3172 duae
1161 3119 1193 3172 44
1215 3116 1381 3188 Bononiae,
1403 3111 1566 3188 autbarque
1582 3108 1633 3168 luit
1649 3109 1677 3164 ul
1692 3103 1751 3161 Fer

286 3215 359 3268 suut
375 3207 414 3268 ab
429 3207 564 3269 Eccardo
586 3211 691 3270 varia:
716 3213 743 3271 4.
764 3209 934 3274 auditiones
950 3207 1010 3274 'va-
1065 3205 1159 3264 rariae
1186 3203 1263 3282 juris
1285 3205 1385 3266 4444444
1407 3203 1519 3281 publica
1546 3199 1750 3263 institueretur,

285 3299 408 3362 rrae‘ed
438 3299 515 3361 bane
548 3298 660 3381 Legem
689 3305 777 3364 annis
810 3305 1009 3384 sequentibus
1064 3298 1170 3375 inqua
1191 3306 1221 3359 44
1242 3299 1352 3359 444444.
1383 3297 1462 3360 Obiit
1483 3295 1538 3355 44.
1558 3288 1689 3354 4442444
1708 3287 1749 3344 48.

284 3413 300 3455 4
323 3393 473 3456 Ludovico
495 3393 563 3468 Pio,
586 3396 688 3474 944444
709 3403 740 3455 44
753 3396 890 3458 Gnidone
908 3398 1009 3458 ltaliae
1066 3390 1246 3451 Decembris.
1260 3391 1412 3451 videndus
1425 3383 1676 3449 Paneirolusiiecl.
1690 3383 1749 3456 444.

285 3489 425 3569 regibus,
446 3486 629 3563 ottonibus,
651 3490 786 3551 Haurieis
814 3498 846 3550 44
877 3491 944 3551 44444
969 3491 1011 3552 ia·
1065 3483 1188 3560 44449444.
1213 3485 1243 3544 L.
1266 3487 1303 3544 ll.
1323 3502 1350 3545 c.
1370 3483 1419 3544 78.
1442 3483 1562 3560 Scripsit
1591 3476 1752 3540 0444444444-

283 3590 364 3643 ctae.
383 3599 412 3661 p.
437 3582 503 3642 483.
525 3581 555 3641 2.
577 3583 643 3643 Leoe
665 3581 904 3661 flammarum,
938 3601 1009 3644 cum
1064 3575 1127 3636 rias
1145 3575 1176 3635 in
1196 3574 1553 3638 eadmemlustimbnieui
1569 3571 1643 3648 operi
1662 3564 1751 3626 solidis

284 3673 489 3736 additionibus
510 3675 607 3735 Caroli
630 3677 667 3735 44.
689 3691 716 3753 4.
738 3675 807 3734 titt.
832 3675 1007 3735 3.Formu-
1066 3669 1114 3729 48.
1145 3673 1234 3730 44444
1267 3671 1409 3732 incubuit.
1441 3667 1548 3730 Prodiit
1568 3664 1686 3724 44444444
1709 3673 1749 3760 an.

284 3765 331 3826 loe
350 3766 509 3845 antiquae,
528 3784 606 3844 quas
636 3766 825 3828 liabillonius
855 3765 1009 3830 Alsaticas
1067 3761 1145 3822 4476
1167 3771 1198 3823 44
1220 3763 1307 3825 4476.
1329 3765 1431 3824 Venet.
1457 3761 1530 3821 4483
1551 3755 1664 3832 Scripsit
1683 3767 1751 3826 9344·

284 3866 391 3930 vocnt,
412 3859 568 3921 Ecoardus
589 3857 800 3939 Sanpallemes
823 3861 960 3936 mavult,
980 3880 1008 3942 p.
1064 3865 1109 3917 ter
1136 3863 1167 3916 et
1195 3857 1226 3918 in
1251 3855 1401 3936 bipesium
1436 3860 1519 3916 uetus
1540 3851 1646 3914 Brixiae
1675 3843 1751 3904 4499.

284 3953 355 4012 434.
377 3954 402 4011 4.
424 3952 871 4016 644.84414444444444444444.
890 3953 926 4015 de
944 3955 1011 4016 Ori·
1066 3949 1300 4016 consultationes
1330 3949 1436 4010 uarias
1467 3949 1536 4007 Ven.
1567 3941 1646 4005 4478.
1675 3938 1690 3996 i.
1721 3934 1748 3994 44

283 4042 351 4120 pina
373 4047 563 4106 Francorum
578 4093 585 4122 ,
601 4065 669 4107 curn
688 4047 936 4108 annotationibus
953 4049 1010 4110 Ec·
1064 4044 1246 4106 collectione
1264 4045 1376 4104 Veneta
1399 4042 1479 4102 Zileti
1499 4047 1520 4098 t.
1540 4037 1566 4097 6.
1587 4053 1612 4115 4.
1633 4033 1659 4092 4.
1676 4031 1751 4090 erint

285 4135 367 4194 cardi
382 4180 389 4208 ,
411 4153 439 4214 p.
459 4136 528 4198 947.
541 4141 568 4199 8.
580 4137 711 4200 Ananim
725 4139 870 4200 Froneiei
881 4157 898 4200 a
911 4141 1010 4202 Theo·
1064 4138 1242 4217 opuseulum
1260 4135 1376 4198 eiusde
1391 4152 1476 4195 mara
1491 4135 1520 4193 el
1532 4131 1591 4191 44444
1606 4118 1748 4205 affaldus

286 4225 386 4287 derico
406 4227 550 4289 Ruinarto
570 4233 698 4292 coniecti
720 4239 750 4293 et
776 4232 918 4311 Gregorio
950 4236 1009 4295 Tu·
1061 4235 1137 4294 Eius
1156 4231 1192 4292 de
1214 4247 1272 4293 usu
1293 4228 1418 4290 Feudar.
1438 4229 1542 4290 librum
1560 4212 1750 4284 unumlaudat

286 4321 406 4380 4444444
428 4320 539 4396 additi,
562 4341 592 4402 p.
618 4325 686 4387 864.
717 4327 745 4386 6.
778 4324 1008 4388 Emendalr'anes
1064 4325 1247 4387 Tritbemius
1267 4323 1305 4385 de
1325 4323 1432 4402 Script.
1453 4319 1530 4383 Eeel.
1551 4335 1577 4396 4.
1605 4313 1657 4374 336
1684 4307 1749 4368 liius

284 4414 316 4476 in
329 4411 443 4495 otfridi
453 4414 667 4495 Paraplrrusin
678 4417 919 4500 annpeliorum,
932 4437 1009 4499 quas
1063 4421 1208 4498 Repetitio
1225 4421 1255 4479 4.
1271 4415 1368 4481 Semel
1383 4433 1466 4476 maru
1483 4415 1510 4474 il.
1525 4411 1571 4472 39.
1588 4403 1683 4486 prodiit
1702 4399 1750 4457 Se·

283 4527 322 4570 44
344 4509 452 4571 Codice
472 4511 615 4571 Vaticano
647 4515 807 4593 exscripsit
841 4513 1008 4576 Fridericas
1065 4517 1179 4592 444444
1197 4515 1354 4576 4444444444
1370 4501 1644 4572 44444144444964.
1660 4493 1751 4597 deSa-

284 4601 459 4682 Rostgaard.
480 4603 612 4665 Tandem
636 4612 821 4684 postremum
845 4609 940 4686 Leges
957 4607 1010 4669 Sa·
1060 4605 1148 4667 liceto
1170 4603 1332 4671 Consilium
1351 4619 1416 4683 sup.
1435 4599 1510 4682 faeta
1530 4593 1751 4692 Sebismotuptn

284 4695 358 4756 licas
378 4695 472 4756 edidit
504 4700 611 4780 Petrus
641 4699 805 4779 Georgiseb
839 4703 867 4758 iu
900 4700 1008 4762 Codice
1065 4697 1183 4758 Urbana
1215 4701 1262 4761 Vl.
1283 4703 1366 4758 extat
1387 4699 1415 4756 iu
1442 4695 1498 4756 llS.
1521 4687 1587 4750 Cod.
1616 4683 1751 4779 Felrnrana

285 4790 398 4866 Legum
419 4791 694 4869 Veterum,llelac
724 4795 810 4855 4739.
846 4795 872 4852 i.
905 4793 1007 4871 Neque
1062 4793 1130 4854 244.
1153 4790 1285 4856 Consilia
1303 4787 1506 4868 l'npiaoil89.
1527 4775 1704 4858 depetiiimes
1722 4785 1748 4826 ur

286 4881 333 4942 bic
365 4883 483 4942 silentio
505 4885 743 4962 praetereundus
764 4894 811 4946 est
832 4891 882 4948 Vir
906 4885 1006 4946 Celeh.
1066 4885 1197 4946 Caruilio
1217 4883 1305 4945 4444444Ι
1322 4885 1424 4961 944444
1443 4879 1525 4942 4489.
1544 4875 1558 4912 ⁶
