3630 5422
608 247 641 312 P.
677 247 850 312 LhE'l'l
884 247 1134 313 mouture
1551 251 1605 317 631

102 368 252 432 campos,
283 354 364 430 lora,
400 357 522 434 pontes,
554 353 703 428 thermas,
732 352 837 431 janos,
890 359 960 414 sent
975 352 1165 431 Pomponiani
1183 351 1302 432 plurimi
1316 350 1469 434 discipuli,
1487 353 1517 414 in
1536 371 1610 435 quo·

106 453 241 526 atquae,
265 447 414 527 capitolia,
436 448 669 527 amphitheatra,
689 447 834 522 colossos,
890 464 957 508 rum
975 446 1152 507 excellentia
1173 453 1311 508 cerneret
1328 464 1436 508 nomen
1450 463 1539 510 suum
1565 451 1610 510 io·

107 541 293 615 columnas,
317 542 455 612 macella.
477 543 609 617 theatra,
628 542 728 615 ludos,
747 559 835 621 nym-
887 541 1608 615 clarere,sicutSoorates,etfactitavitChristus:

108 635 208 714 phoa,
230 653 325 715 equos
346 653 468 713 aeneos,
499 638 666 714 eburneos,
700 638 832 713 tabulas,
888 637 1023 714 quicum
1043 635 1096 712 ipsi
1115 634 1179 711 (sed
1202 634 1289 713 longe
1309 636 1394 696 aliter
1406 635 1465 709 hic,
1482 637 1610 698 etaliter

104 731 219 806 signa,
242 746 343 804 arcus,
366 730 534 809 lupanaria,
551 732 689 807 latrinas,
705 731 830 808 uexilla,
886 727 944 805 ille)
965 728 1128 789 doctissimi
1156 729 1607 803 consummatissimiessent,in

103 831 224 894 castra,
247 824 400 898 cohortes,
422 841 520 898 saera,
543 826 693 905 prophana
717 828 829 901 omnia,
888 821 1044 902 discipulis
1061 829 1092 883 et
1110 824 1314 885 ministrorum
1327 822 1487 900 splendore
1507 824 1610 886 volue-

103 925 175 979 tam
198 921 291 996 perite
311 936 401 997 quam
424 921 557 999 proprios
578 921 686 1000 digitos
720 920 831 1000 percal·
886 924 957 978 runt
974 932 1082 977 nomen
1100 923 1131 977 et
1151 917 1260 978 lamam
1277 933 1380 995 suam3
1396 917 1506 996 ingenii
1517 925 1547 979 et
1564 917 1609 978 di·

104 1011 170 1074 luit
189 1012 477 1092 discriminavitque.
503 1015 714 1092 Deprehensus
740 1030 830 1093 saepe
886 1011 1023 1071 vinitatis
1040 1010 1230 1092 majestatem
1248 1013 1378 1074 elucere.
1394 1011 1452 1072 Sed
1469 1019 1517 1074 est
1535 1011 1608 1072 deli-

102 1106 190 1166 intra
221 1107 390 1168 cinereset
411 1106 498 1168 busta
533 1106 679 1185 majorum
715 1123 830 1186 vagans
886 1106 983 1165 rantis
1000 1105 1185 1167 simillimum
1205 1106 1344 1184 persequi
1364 1105 1468 1168 istaad
1485 1113 1530 1179 te,
1547 1121 1607 1184 quo

106 1200 283 1262 iunctorum
296 1203 420 1279 spiritus
436 1206 484 1262 esi
497 1201 640 1262 creditus.
658 1203 732 1262 Erat
747 1202 828 1262 eninr
885 1214 956 1260 cum
973 1205 1056 1261 tanta
1083 1200 1270 1261 consuetudo
1294 1202 1363 1276 luit,
1390 1206 1535 1280 lentaque
1564 1199 1605 1259 illi

106 1296 300 1375 proceritatis
322 1295 397 1356 inira
420 1295 617 1374 mediocrem3
646 1295 830 1358 habitudinis
888 1293 1097 1370 familiaritate,
1117 1301 1199 1356 tanta
1214 1295 1423 1355 benevolentia
1448 1291 1605 1372 copulabo·

105 1405 170 1448 non
192 1388 293 1462 laxae,
313 1386 367 1449 sed
395 1405 489 1467 genae
520 1392 723 1468 spatiosioris,
745 1398 778 1452 et
799 1392 831 1451 li-
887 1405 933 1462 re,
961 1395 992 1449 et
1020 1405 1055 1450 ea
1082 1388 1203 1468 quidem
1225 1389 1379 1468 prosequi,
1396 1405 1487 1467 quam
1518 1405 1606 1449 uerno

104 1491 271 1543 neamento
302 1481 415 1562 reliquo
444 1481 549 1545 vultus
573 1502 630 1544 non
662 1489 764 1546 taruen
793 1484 830 1546 ad
888 1498 967 1543 onos
985 1482 1072 1544 modo
1090 1486 1180 1545 otiam
1197 1484 1272 1544 lorte
1290 1483 1389 1543 inians
1404 1489 1458 1542 aut
1484 1480 1606 1561 paulum

110 1575 335 1638 delormitatem
368 1578 524 1654 oblongae;
561 1579 637 1639 dens
669 1595 768 1655 rarus,
801 1585 832 1640 et
888 1576 990 1638 literas
1008 1577 1133 1640 edoctus
1152 1579 1237 1638 visus
1255 1583 1303 1637 est
1321 1578 1467 1655 ignorare.
1488 1576 1608 1656 Signifi-

113 1671 236 1748 sceber;
258 1672 405 1733 balbutire
427 1675 513 1733 visus
538 1690 607 1734 curn
641 1672 831 1751 expeditissi·
887 1685 955 1732 care
974 1671 1024 1732 tibi
1041 1671 1266 1732 acerbissimam
1283 1669 1608 1732 omnibusilliusmor-

110 1782 182 1825 mae
205 1765 324 1844 linguae
347 1773 447 1840 esset,
470 1766 593 1827 haerere
625 1785 754 1845 namque
785 1784 836 1846 pa·
889 1769 949 1825 tem
969 1764 1048 1826 volui
1068 1763 1286 1826 tantummodo.
1305 1762 1362 1824 Sed
1381 1766 1464 1824 vexit
1489 1779 1537 1824 me
1556 1779 1609 1842 per

109 1855 173 1915 lato
194 1855 310 1934 lingua,
331 1861 362 1916 et
382 1857 442 1918 oris
456 1871 626 1917 convexum
642 1855 833 1933 subquaterc.
888 1857 966 1919 hano
978 1859 1057 1920 vitae
1070 1873 1143 1918 suae
1158 1862 1297 1937 exiguam
1310 1858 1530 1931 recitationem,
1543 1861 1609 1916 tan·

109 1949 152 2012 Ar
174 1948 231 2009 hoc
252 1950 299 2008 vis
321 1949 431 2028 ingenii
450 1955 480 2009 et
502 1957 694 2028 contemptus
710 1949 832 2028 quidam
889 1968 979 2030 quem
992 1969 1045 2031 per
1062 1952 1285 2030 rapidissimum
1303 1959 1466 2014 torrentem
1483 1949 1607 2012 laudum

111 2044 142 2104 in
167 2059 256 2104 usum
288 2046 432 2120 trajectus
464 2043 607 2121 pariebat3
644 2042 729 2115 Quod
762 2043 833 2104 mihi
889 2061 1011 2107 suarum
1028 2061 1114 2106 meus
1138 2050 1290 2108 maximus
1315 2045 1410 2107 dolor.
1426 2047 1465 2107 Et
1491 2050 1525 2106 tu
1548 2061 1606 2104 non

114 2136 223 2199 indicio
244 2141 325 2211 erat;
348 2153 416 2197 nam
452 2137 500 2197 ubi
534 2135 728 2215 profitebatur
760 2135 834 2196 nibil
888 2138 1024 2201 desivisti
1038 2157 1171 2219 unquam
1191 2141 1274 2202 illum
1291 2139 1327 2202 ad
1339 2146 1420 2202 astra
1433 2141 1518 2202 ierre.
1533 2140 1606 2202 Nolo

116 2227 834 2304 sonantius.nihilmobilius,nihileoncinnins
889 2236 941 2296 tibi
976 2238 1176 2296 ostentatione
1202 2234 1331 2313 quadam
1370 2235 1531 2296 verborum
1561 2233 1609 2294 lu-

109 2323 213 2404 lingua
235 2322 314 2384 illius
334 2321 430 2383 audiri
450 2339 537 2402 posse
552 2321 729 2400 judicasses.
750 2323 834 2385 llndo
888 2337 971 2391 ctum
983 2329 1304 2407 meumgrarissimum
1317 2345 1483 2390 recensere.
1494 2329 1606 2388 Verum

122 2426 153 2480 et
174 2418 286 2479 fortuiti
304 2417 352 2476 isti
369 2418 596 2494 compellaturus
609 2423 641 2477 et
656 2416 834 2478 allocutores
888 2423 995 2484 deesse
1010 2423 1081 2483 inihi
1094 2439 1215 2501 semper
1228 2420 1339 2500 aliquid
1356 2421 1497 2501 quiddam
1513 2428 1544 2482 ot
1557 2438 1606 2481 ur·

113 2511 272 2574 adventitii
299 2513 452 2590 stupuisse
484 2513 541 2572 visi
573 2519 660 2587 sunt,
691 2513 770 2591 quod
802 2515 830 2572 in
886 2500 1618 2594 geroetpercellereoorardeturanrietasquee'

108 2604 324 2685 congressibus
343 2622 412 2667 cum
436 2606 578 2667 relertum
602 2607 686 2668 illum
704 2608 826 2685 quidem
885 2609 953 2670 dam
972 2609 1108 2669 sollicita.
1125 2607 1210 2680 Quod
1224 2651 1232 2676 .
1248 2624 1317 2669 cum
1332 2606 1410 2669 unde
1422 2615 1469 2667 est
1482 2621 1601 2668 mecum

108 2699 138 2760 in
160 2701 241 2758 omni
262 2699 465 2761 doctrinarum
489 2717 599 2778 genere
617 2703 777 2774 sentirent,
797 2702 826 2759 in
881 2704 1048 2781 impensius
1058 2701 1341 2781 revolvo‚protinus
1352 2701 1387 2762 ad
1403 2702 1487 2762 illurn
1498 2701 1598 2760 omnis

109 2791 250 2852 cathedra
272 2799 303 2852 et
323 2810 375 2872 pro
396 2794 468 2853 sella
491 2793 520 2852 in
551 2795 708 2871 gymnasio
739 2793 827 2876 proli·
881 2797 1029 2874 percurrit
1046 2794 1222 2870 recordatio,
1251 2803 1283 2856 et
1311 2797 1339 2854 io
1367 2795 1447 2855 illius
1471 2809 1600 2854 occursu

110 2884 200 2946 teudo
212 2886 306 2951 multo
321 2888 394 2947 Divo
409 2888 525 2965 propior
539 2904 630 2965 quum
647 2887 762 2947 mortali
776 2885 827 2944 ho·
881 2888 1201 2967 largissimisingultus
1210 2895 1383 2966 erumpunt.
1392 2890 1523 2949 Primum
1535 2888 1602 2966 qul·

110 2979 196 3051 mini,
213 2986 274 3039 tam
293 2979 445 3040 cumulata
471 2986 625 3058 poetarum
643 2988 674 3041 et
692 2979 827 3040 historia·
880 2982 949 3043 dem
962 2983 999 3044 ob
1009 2983 1036 3042 id
1050 2982 1129 3062 quod
1143 2989 1265 3062 ceptum
1280 2984 1449 3044 mortalium
1463 2983 1600 3046 omnium

109 3088 175 3133 rum
194 3074 440 3152 interpretatione
458 3072 626 3135 haberetur.
651 3073 778 3152 Legebat
796 3075 824 3133 in
881 3093 1097 3156 supergressus
1108 3079 1180 3137 estl
1186 3076 1264 3138 ullus
1281 3080 1460 3157 Pomponius
1475 3078 1598 3152 Laetae,

108 3163 262 3227 Gallicinio
280 3183 419 3246 semper3
438 3184 495 3228 non
517 3168 643 3244 imbres,
655 3168 828 3229 nondesae-
882 3171 985 3244 laelrr,
1004 3173 1193 3248 fortunatus3
1213 3171 1353 3247 subinde,
1370 3171 1448 3250 quod
1464 3185 1606 3230 meame-

108 3262 196 3322 viens
213 3261 321 3340 frigus,
339 3279 398 3322 non
416 3264 557 3323 immanis
576 3264 634 3324 ulle
664 3271 828 3343 tempestas
882 3274 941 3342 ret,
956 3283 1013 3326 non
1029 3273 1230 3345 postremum3
1246 3264 1299 3327 sed
1313 3266 1418 3327 iccirco
1429 3264 1605 3343 praesertim

111 3355 262 3416 hominem
274 3356 444 3425 coercebat,
462 3359 625 3435 quominus
635 3360 826 3437 praeeipitem
883 3361 962 3438 quod
979 3361 1027 3421 ille
1046 3361 1117 3421 mini
1136 3368 1207 3422 ante
1222 3365 1345 3439 ereptus
1362 3365 1422 3433 est,
1444 3373 1534 3435 quam
1557 3357 1605 3418 illo

111 3467 145 3511 se
161 3467 199 3512 ex
227 3450 274 3510 illo
298 3451 442 3523 Quirinali
467 3451 540 3528 jugo
565 3451 602 3512 ad
628 3451 826 3530 Gymnasium
882 3471 951 3516 cum
971 3459 1075 3515 noctes
1100 3461 1130 3514 et
1157 3454 1237 3528 dies,
1256 3455 1335 3514 sicut
1359 3452 1537 3531 cupiebam,
1553 3449 1607 3511 all-

115 3544 214 3621 deret;
230 3552 262 3605 et
280 3545 406 3606 ruebant
424 3546 564 3622 agmineti
581 3545 628 3606 illa
647 3546 695 3606 vel
711 3545 779 3606 hora
791 3543 827 3606 ad
883 3546 1004 3627 quando
1022 3566 1074 3626 per
1090 3549 1247 3610 meliorem
1273 3547 1427 3608 lorlunam
1457 3545 1605 3624 potuerim

117 3639 197 3699 illum
216 3637 384 3712 auditores,
402 3645 550 3717 quantum
569 3637 670 3699 schola
695 3640 758 3718 ipsa
778 3641 828 3699 rix
882 3641 1049 3706 traducere.
1065 3643 1126 3704 Non
1145 3642 1279 3720 improbo
1301 3640 1383 3702 illam
1410 3637 1605 3700 consuetudi·

111 3740 226 3812 poterat
242 3734 319 3810 capi.
337 3731 492 3793 interdum
516 3749 569 3810 pro
596 3735 671 3792 ostio
696 3733 753 3794 sub
780 3730 828 3791 dio
884 3751 952 3796 nem
972 3738 1180 3816 antiquorum,
1200 3743 1234 3798 ut
1249 3751 1318 3796 cum
1347 3734 1458 3796 iunctis
1483 3732 1604 3793 carissi·

113 3826 315 3904 longissimam
328 3825 412 3886 velut
425 3825 568 3904 caudam,
583 3843 661 3905 quae
676 3825 828 3886 testudine
885 3847 967 3892 nrum
985 3831 1127 3910 quodque
1147 3834 1344 3910 conjungeret
1353 3874 1364 3905 ,
1396 3843 1433 3888 ne
1457 3824 1605 3887 desiderio

114 3921 202 3999 recipi
221 3922 377 3998 nequiret,
392 3919 547 3981 ducerent.
561 3921 643 3992 Quae
656 3920 767 3997 legeret
781 3921 828 3982 illo
883 3927 1052 3988 tabesceret
1068 3932 1237 4006 superstes,
1266 3923 1345 4004 quod
1377 3921 1602 4001 optatissimum

113 4014 205 4077 semel
223 4015 377 4076 volumina
394 4014 643 4075 emendatissima
662 4016 689 4074 in
708 4030 828 4075 omnem
883 4022 912 4080 in
930 4023 991 4080 vita
1009 4019 1174 4081 habuisset.
1196 4022 1292 4099 Roga,
1311 4019 1351 4080 mi
1369 4017 1543 4096 Antiquari,
1562 4015 1606 4076 ul·

114 4110 225 4198 ltaliam
243 4108 374 4168 exibant.
388 4111 461 4170 Nam
474 4106 657 4185 corrigendi,
673 4110 831 4185 eterigen-
884 4121 945 4176 tam
965 4115 1004 4175 illi
1022 4120 1177 4176 aeternam
1195 4113 1273 4192 apud
1293 4113 1373 4175 coeli
1387 4112 1504 4173 labrum
1518 4126 1607 4174 mun-

116 4202 142 4264 di
160 4203 280 4264 latinam
301 4202 431 4280 linguam
444 4193 606 4262 'studiosus
622 4197 696 4261 adeo
711 4200 781 4275 luit,
797 4207 830 4262 ut
883 4209 975 4286 dique
991 4225 1145 4270 summum
1169 4207 1315 4269 artificem
1344 4205 1380 4268 ad
1405 4221 1496 4285 quem
1523 4211 1606 4266 certo

116 4314 171 4358 oon
188 4313 281 4358 unum
301 4297 350 4356 ille
368 4296 509 4356 volumen
529 4294 732 4372 profiteretur,
750 4294 829 4372 quod
884 4304 994 4363 Laetus
1012 4303 1060 4362 ille
1077 4301 1217 4363 evolavit.
1236 4303 1309 4364 Nam
1332 4302 1412 4361 inter
1438 4299 1606 4361 clarissima

117 4392 190 4454 idem
210 4407 300 4452 manu
317 4407 371 4450 sua
385 4406 444 4449 non
455 4387 643 4448 translerret.
656 4389 831 4467 Composuit
884 4397 964 4456 vitae
975 4396 1055 4457 illius
1071 4395 1195 4457 consilia
1210 4395 1281 4458 illud
1294 4395 1504 4475 perspicuum,
1523 4390 1603 4471 quod

119 4486 225 4561 multa3
244 4491 274 4546 et
291 4483 384 4546 edidit
401 4483 458 4545 sub
475 4499 531 4544 suo
549 4484 668 4542 nomine
693 4491 754 4543 lam
779 4482 831 4543 ho·
885 4505 1039 4550 summum
1055 4505 1176 4568 semper
1193 4491 1364 4552 Creatorem
1378 4488 1466 4550 unice
1483 4485 1600 4547 dilexit.

70 4593 75 4600 ·
118 4578 736 4659 norisquamlaborissuilargitoretiam
750 4579 830 4638 miri·
885 4583 1055 4644 leviusculi
1091 4581 1248 4659 homines,
1285 4580 1408 4660 quidam
1444 4579 1604 4659 gerriloqui

112 4675 189 4738 licus
206 4675 398 4754 paucissima:
416 4673 642 4752 etcolliguntur
660 4673 740 4734 nulla
769 4691 829 4734 non
885 4675 1071 4756 gattulones,
1100 4682 1224 4755 poetas,
1251 4683 1282 4736 et
1310 4681 1443 4734 oratores
1471 4687 1608 4752 quosque

118 4771 336 4849 elegantissima
360 4771 440 4830 illius
469 4769 621 4828 volumina
647 4785 725 4846 quae
751 4767 830 4829 haud
885 4771 1034 4847 eximios,
1051 4771 1228 4849 gentilitatis
1241 4766 1400 4848 cuiusdam
1415 4772 1559 4828 accusant
1576 4771 1608 4827 et

119 4881 197 4926 mora
215 4864 320 4925 audies
336 4864 466 4925 evolare.
484 4862 672 4940 Quamquam
702 4862 832 4924 delecta·
886 4864 1036 4943 perfidiae.
1051 4865 1129 4925 blors
1146 4869 1276 4938 testata,
1297 4877 1387 4941 quam
1415 4860 1606 4922 sanctissima

119 4959 201 5022 batur
219 4961 315 5037 magis
331 4956 439 5020 docere
454 4973 546 5036 quam
564 4957 710 5034 scribere,
727 4961 762 5017 nt
784 4974 832 5019 es·
887 4957 968 5021 illius
992 4959 1067 5021 vita.
1096 4957 1161 5021 Non
1185 4957 1272 5018 lateri
1298 4953 1386 5018 modo
1408 4961 1507 5018 erratu
1534 4971 1605 5016 curn
