<?xml version="1.0" encoding="UTF-8"?>
<!DOCTYPE html PUBLIC "-//W3C//DTD XHTML 1.0 Transitional//EN"
    "http://www.w3.org/TR/xhtml1/DTD/xhtml1-transitional.dtd">
<html xmlns="http://www.w3.org/1999/xhtml" xml:lang="en" lang="en">
 <head>
  <title>
</title>
<meta http-equiv="Content-Type" content="text/html;charset=utf-8" />
  <meta name='ocr-system' content='tesseract 3.04.00' />
  <meta name='ocr-capabilities' content='ocr_page ocr_carea ocr_par ocr_line ocrx_word'/>
</head>
<body>
  <div class='ocr_page' id='page_1' title='image "./bibliothecalati01gallgoog_0213.png"; bbox 0 0 3368 5362; ppageno 0'>
   <div class='ocr_carea' id='block_1_1' title="bbox 153 197 1029 270">
    <p class='ocr_par' dir='ltr' id='par_1_1' title="bbox 153 197 1029 270">
     <span class='ocr_line' id='line_1_1' title="bbox 153 197 1029 270; baseline -0.013 0"><span class='ocrx_word' id='word_1_1' title='bbox 153 210 216 270; x_wconf 77' lang='lat' dir='ltr'><strong>ato</strong></span> <span class='ocrx_word' id='word_1_2' title='bbox 781 197 1029 260; x_wconf 80' lang='lat' dir='ltr'>PE&#39;slTUS</span> 
     </span>
    </p>
   </div>
   <div class='ocr_carea' id='block_1_2' title="bbox 74 301 1660 3276">
    <p class='ocr_par' dir='ltr' id='par_1_2' title="bbox 74 301 1660 3276">
     <span class='ocr_line' id='line_1_2' title="bbox 155 301 1648 389; baseline -0.007 -17"><span class='ocrx_word' id='word_1_3' title='bbox 155 318 200 374; x_wconf 89' lang='lat' dir='ltr'><strong>vit</strong></span> <span class='ocrx_word' id='word_1_4' title='bbox 221 322 293 374; x_wconf 93' lang='lat' dir='ltr'>tom.</span> <span class='ocrx_word' id='word_1_5' title='bbox 316 314 367 372; x_wconf 85' lang='lat' dir='ltr'>tx.</span> <span class='ocrx_word' id='word_1_6' title='bbox 396 313 472 389; x_wconf 93' lang='lat' dir='ltr'>Opp.</span> <span class='ocrx_word' id='word_1_7' title='bbox 494 307 653 385; x_wconf 77' lang='lat' dir='ltr'>Augustini</span> <span class='ocrx_word' id='word_1_8' title='bbox 680 307 752 367; x_wconf 87' lang='lat' dir='ltr'>edit.</span> <span class='ocrx_word' id='word_1_9' title='bbox 781 312 878 368; x_wconf 85' lang='lat' dir='ltr'>Bene·</span> <span class='ocrx_word' id='word_1_10' title='bbox 934 303 1040 365; x_wconf 87' lang='lat' dir='ltr'>diuum</span> <span class='ocrx_word' id='word_1_11' title='bbox 1059 302 1250 370; x_wconf 76' lang='lat' dir='ltr'>humellum,</span> <span class='ocrx_word' id='word_1_12' title='bbox 1270 301 1447 381; x_wconf 81' lang='lat' dir='ltr'>Philippum</span> <span class='ocrx_word' id='word_1_13' title='bbox 1466 303 1648 368; x_wconf 87' lang='lat' dir='ltr'>Gesualdum.</span> 
     </span>
     <span class='ocr_line' id='line_1_3' title="bbox 157 394 1651 482; baseline -0.007 -16"><span class='ocrx_word' id='word_1_14' title='bbox 157 409 260 467; x_wconf 89' lang='lat' dir='ltr'>dictin.</span> <span class='ocrx_word' id='word_1_15' title='bbox 274 406 347 467; x_wconf 87' lang='lat' dir='ltr'><strong>Vide</strong></span> <span class='ocrx_word' id='word_1_16' title='bbox 359 400 721 482; x_wconf 88' lang='lat' dir='ltr'>siplaeetTiilemontium</span> <span class='ocrx_word' id='word_1_17' title='bbox 737 401 879 460; x_wconf 80' lang='grc'><strong>4441483.</strong></span> <span class='ocrx_word' id='word_1_18' title='bbox 936 398 1099 457; x_wconf 87' lang='grc'><strong>1134334334</strong></span> <span class='ocrx_word' id='word_1_19' title='bbox 1116 394 1153 455; x_wconf 87' lang='lat' dir='ltr'><strong>de</strong></span> <span class='ocrx_word' id='word_1_20' title='bbox 1171 396 1320 474; x_wconf 79' lang='lat' dir='ltr'><strong>Tempore</strong></span> <span class='ocrx_word' id='word_1_21' title='bbox 1339 402 1371 455; x_wconf 91' lang='lat' dir='ltr'><strong>et</strong></span> <span class='ocrx_word' id='word_1_22' title='bbox 1387 395 1593 457; x_wconf 80' lang='lat' dir='ltr'>Alexandrum</span> <span class='ocrx_word' id='word_1_23' title='bbox 1606 398 1651 455; x_wconf 82' lang='lat' dir='ltr'><strong>l&#39;e</strong></span> 
     </span>
     <span class='ocr_line' id='line_1_4' title="bbox 197 488 1652 567; baseline -0.008 -6"><span class='ocrx_word' id='word_1_24' title='bbox 197 498 359 561; x_wconf 88' lang='lat' dir='ltr'>Guilelmus</span> <span class='ocrx_word' id='word_1_25' title='bbox 380 495 550 556; x_wconf 85' lang='lat' dir='ltr'>PETlTUS.</span> <span class='ocrx_word' id='word_1_26' title='bbox 568 494 641 553; x_wconf 84' lang='lat' dir='ltr'><strong>Vide</strong></span> <span class='ocrx_word' id='word_1_27' title='bbox 659 492 879 553; x_wconf 80' lang='lat' dir='ltr'>GVlLELllUS</span> <span class='ocrx_word' id='word_1_28' title='bbox 935 490 1095 551; x_wconf 89' lang='lat' dir='ltr'>tutellurn:</span> <span class='ocrx_word' id='word_1_29' title='bbox 1112 490 1164 567; x_wconf 86' lang='lat' dir='ltr'><strong>qui</strong></span> <span class='ocrx_word' id='word_1_30' title='bbox 1183 488 1254 548; x_wconf 89' lang='lat' dir='ltr'>mibi</span> <span class='ocrx_word' id='word_1_31' title='bbox 1276 490 1442 550; x_wconf 72' lang='lat' dir='ltr'>innotuere</span> <span class='ocrx_word' id='word_1_32' title='bbox 1461 488 1490 547; x_wconf 92' lang='lat' dir='ltr'><strong>hi</strong></span> <span class='ocrx_word' id='word_1_33' title='bbox 1509 496 1596 563; x_wconf 85' lang='lat' dir='ltr'>sunt,</span> <span class='ocrx_word' id='word_1_34' title='bbox 1615 507 1652 549; x_wconf 88' lang='lat' dir='ltr'><strong>or-</strong></span> 
     </span>
     <span class='ocr_line' id='line_1_5' title="bbox 156 582 1379 670; baseline -0.002 -28"><span class='ocrx_word' id='word_1_35' title='bbox 156 594 382 670; x_wconf 67' lang='lat' dir='ltr'>Neubstgensis.</span> <span class='ocrx_word' id='word_1_36' title='bbox 935 583 1005 643; x_wconf 90' lang='lat' dir='ltr'>dine</span> <span class='ocrx_word' id='word_1_37' title='bbox 1027 582 1173 660; x_wconf 71' lang='lat' dir='ltr'>descripti</span> <span class='ocrx_word' id='word_1_38' title='bbox 1195 582 1379 643; x_wconf 88' lang='lat' dir='ltr'>litterarum.</span> 
     </span>
     <span class='ocr_line' id='line_1_6' title="bbox 196 672 1655 750; baseline -0.005 -6"><span class='ocrx_word' id='word_1_39' title='bbox 196 684 325 744; x_wconf 80' lang='lat' dir='ltr'>loannes</span> <span class='ocrx_word' id='word_1_40' title='bbox 338 683 505 744; x_wconf 84' lang='lat' dir='ltr'>PETlTUS.</span> <span class='ocrx_word' id='word_1_41' title='bbox 522 679 596 739; x_wconf 86' lang='lat' dir='ltr'>Vide</span> <span class='ocrx_word' id='word_1_42' title='bbox 614 672 784 738; x_wconf 77' lang='lat' dir='ltr'>JOANNES</span> <span class='ocrx_word' id='word_1_43' title='bbox 801 678 880 736; x_wconf 85' lang='lat' dir='ltr'>Sari·</span> <span class='ocrx_word' id='word_1_44' title='bbox 975 674 1150 737; x_wconf 82' lang='lat' dir='ltr'>Leonordus</span> <span class='ocrx_word' id='word_1_45' title='bbox 1171 675 1337 750; x_wconf 73' lang='lat' dir='ltr'>dratinus,</span> <span class='ocrx_word' id='word_1_46' title='bbox 1356 676 1504 737; x_wconf 80' lang='lat' dir='ltr'>Perusiae</span> <span class='ocrx_word' id='word_1_47' title='bbox 1521 677 1606 739; x_wconf 85' lang='grc'><strong>4671.</strong></span> <span class='ocrx_word' id='word_1_48' title='bbox 1618 680 1655 739; x_wconf 90' lang='grc'><strong>43.</strong></span> 
     </span>
     <span class='ocr_line' id='line_1_7' title="bbox 144 768 1653 849; baseline -0.005 -10"><span class='ocrx_word' id='word_1_49' title='bbox 144 770 321 839; x_wconf 67' lang='grc'><strong>’3333433343</strong></span> <span class='ocrx_word' id='word_1_50' title='bbox 935 773 1065 832; x_wconf 86' lang='lat' dir='ltr'>Floreat.</span> <span class='ocrx_word' id='word_1_51' title='bbox 1088 768 1177 830; x_wconf 84' lang='grc'><strong>1673.</strong></span> <span class='ocrx_word' id='word_1_52' title='bbox 1198 770 1246 831; x_wconf 93' lang='grc'><strong>43.</strong></span> <span class='ocrx_word' id='word_1_53' title='bbox 1269 776 1300 828; x_wconf 89' lang='grc'><strong>34</strong></span> <span class='ocrx_word' id='word_1_54' title='bbox 1318 769 1400 848; x_wconf 91' lang='lat' dir='ltr'>apud</span> <span class='ocrx_word' id='word_1_55' title='bbox 1421 771 1616 831; x_wconf 80' lang='lat' dir='ltr'>Pomasinum</span> <span class='ocrx_word' id='word_1_56' title='bbox 1631 790 1653 849; x_wconf 89' lang='lat' dir='ltr'><strong>p.</strong></span> 
     </span>
     <span class='ocr_line' id='line_1_8' title="bbox 196 860 1657 943; baseline -0.004 -12"><span class='ocrx_word' id='word_1_57' title='bbox 196 873 325 931; x_wconf 83' lang='grc'><strong>4333333</strong></span> <span class='ocrx_word' id='word_1_58' title='bbox 343 868 508 930; x_wconf 77' lang='grc'><strong>44444438</strong></span> <span class='ocrx_word' id='word_1_59' title='bbox 524 868 589 925; x_wconf 87' lang='lat' dir='ltr'>sive</span> <span class='ocrx_word' id='word_1_60' title='bbox 603 865 753 926; x_wconf 79' lang='grc'><strong>34444413</strong></span> <span class='ocrx_word' id='word_1_61' title='bbox 769 861 806 921; x_wconf 90' lang='lat' dir='ltr'><strong>de</strong></span> <span class='ocrx_word' id='word_1_62' title='bbox 820 877 880 939; x_wconf 88' lang='lat' dir='ltr'>quo</span> <span class='ocrx_word' id='word_1_63' title='bbox 936 864 1004 925; x_wconf 82' lang='grc'><strong>307.</strong></span> <span class='ocrx_word' id='word_1_64' title='bbox 1016 860 1183 924; x_wconf 83' lang='lat' dir='ltr'>Ludeuicus</span> <span class='ocrx_word' id='word_1_65' title='bbox 1201 860 1395 923; x_wconf 84' lang='lat' dir='ltr'>Beccadellus</span> <span class='ocrx_word' id='word_1_66' title='bbox 1413 863 1554 942; x_wconf 83' lang='lat' dir='ltr'>brebiep.</span> <span class='ocrx_word' id='word_1_67' title='bbox 1573 866 1657 943; x_wconf 63' lang='grc'><strong>44333-</strong></span> 
     </span>
     <span class='ocr_line' id='line_1_9' title="bbox 157 954 1654 1043; baseline -0.007 -17"><span class='ocrx_word' id='word_1_68' title='bbox 157 982 247 1043; x_wconf 86' lang='grc'><strong>33343</strong></span> <span class='ocrx_word' id='word_1_69' title='bbox 266 971 328 1024; x_wconf 85' lang='grc'><strong>4343</strong></span> <span class='ocrx_word' id='word_1_70' title='bbox 358 963 406 1023; x_wconf 84' lang='lat' dir='ltr'><strong>lV.</strong></span> <span class='ocrx_word' id='word_1_71' title='bbox 424 980 490 1040; x_wconf 86' lang='lat' dir='ltr'>pag.</span> <span class='ocrx_word' id='word_1_72' title='bbox 510 959 579 1020; x_wconf 85' lang='grc'><strong>397.</strong></span> <span class='ocrx_word' id='word_1_73' title='bbox 937 954 1469 1035; x_wconf 88' lang='lat' dir='ltr'>sanusapudeundemTomasinum</span> <span class='ocrx_word' id='word_1_74' title='bbox 1483 977 1511 1035; x_wconf 89' lang='lat' dir='ltr'><strong>p.</strong></span> <span class='ocrx_word' id='word_1_75' title='bbox 1526 958 1593 1019; x_wconf 84' lang='grc'><strong>343.</strong></span> <span class='ocrx_word' id='word_1_76' title='bbox 1603 975 1654 1035; x_wconf 81' lang='lat' dir='ltr'>seq.</span> 
     </span>
     <span class='ocr_line' id='line_1_10' title="bbox 200 1047 1657 1132; baseline -0.005 -15"><span class='ocrx_word' id='word_1_77' title='bbox 200 1057 382 1118; x_wconf 81' lang='lat' dir='ltr'>Franciscus</span> <span class='ocrx_word' id='word_1_78' title='bbox 400 1052 626 1116; x_wconf 76' lang='lat' dir='ltr'>Parnassus</span> <span class='ocrx_word' id='word_1_79' title='bbox 649 1072 685 1113; x_wconf 87' lang='lat' dir='ltr'><strong>cx</strong></span> <span class='ocrx_word' id='word_1_80' title='bbox 704 1053 880 1132; x_wconf 90' lang='lat' dir='ltr'>parentibus</span> <span class='ocrx_word' id='word_1_81' title='bbox 975 1048 1158 1111; x_wconf 79' lang='grc'><strong>4343333443</strong></span> <span class='ocrx_word' id='word_1_82' title='bbox 1169 1047 1452 1129; x_wconf 83' lang='lat' dir='ltr'>lleissardusparte</span> <span class='ocrx_word' id='word_1_83' title='bbox 1467 1053 1495 1111; x_wconf 95' lang='grc'><strong>4.</strong></span> <span class='ocrx_word' id='word_1_84' title='bbox 1508 1051 1657 1130; x_wconf 87' lang='lat' dir='ltr'>imaginun</span> 
     </span>
     <span class='ocr_line' id='line_1_11' title="bbox 158 1124 1076 1225; baseline -0.01 -13"><span class='ocrx_word' id='word_1_85' title='bbox 158 1152 339 1212; x_wconf 83' lang='lat' dir='ltr'>Florentinis</span> <span class='ocrx_word' id='word_1_86' title='bbox 368 1157 458 1209; x_wconf 92' lang='lat' dir='ltr'>natus</span> <span class='ocrx_word' id='word_1_87' title='bbox 480 1146 734 1207; x_wconf 71' lang='grc'><strong>1443444343414.</strong></span> <span class='ocrx_word' id='word_1_88' title='bbox 764 1124 882 1223; x_wconf 82' lang='lat' dir='ltr'>ingenio</span> <span class='ocrx_word' id='word_1_89' title='bbox 938 1164 1005 1225; x_wconf 84' lang='lat' dir='ltr'>pag.</span> <span class='ocrx_word' id='word_1_90' title='bbox 1027 1145 1076 1204; x_wconf 88' lang='lat'><strong>78.</strong></span> 
     </span>
     <span class='ocr_line' id='line_1_12' title="bbox 159 1235 1659 1317; baseline -0.005 -13"><span class='ocrx_word' id='word_1_91' title='bbox 159 1260 215 1304; x_wconf 91' lang='lat' dir='ltr'><strong>suo</strong></span> <span class='ocrx_word' id='word_1_92' title='bbox 232 1251 263 1303; x_wconf 89' lang='lat' dir='ltr'><strong>et</strong></span> <span class='ocrx_word' id='word_1_93' title='bbox 285 1242 432 1303; x_wconf 85' lang='lat' dir='ltr'>industria</span> <span class='ocrx_word' id='word_1_94' title='bbox 457 1240 577 1299; x_wconf 87' lang='lat' dir='ltr'>Latinas</span> <span class='ocrx_word' id='word_1_95' title='bbox 598 1246 690 1317; x_wconf 90' lang='lat' dir='ltr'>atque</span> <span class='ocrx_word' id='word_1_96' title='bbox 715 1238 883 1297; x_wconf 88' lang='lat' dir='ltr'>Hetruscas</span> <span class='ocrx_word' id='word_1_97' title='bbox 980 1240 1104 1300; x_wconf 83' lang='lat' dir='ltr'>isaacus</span> <span class='ocrx_word' id='word_1_98' title='bbox 1126 1235 1296 1299; x_wconf 80' lang='grc'><strong>3344344433</strong></span> <span class='ocrx_word' id='word_1_99' title='bbox 1329 1244 1403 1296; x_wconf 92' lang='lat' dir='ltr'>tom.</span> <span class='ocrx_word' id='word_1_100' title='bbox 1435 1238 1464 1296; x_wconf 89' lang='grc'><strong>3.</strong></span> <span class='ocrx_word' id='word_1_101' title='bbox 1495 1236 1659 1297; x_wconf 76' lang='lat' dir='ltr'>Academiae</span> 
     </span>
     <span class='ocr_line' id='line_1_13' title="bbox 159 1321 1397 1409; baseline -0.002 -14"><span class='ocrx_word' id='word_1_102' title='bbox 159 1336 275 1395; x_wconf 83' lang='lat' dir='ltr'>litteras</span> <span class='ocrx_word' id='word_1_103' title='bbox 312 1334 435 1393; x_wconf 84' lang='grc'><strong>43444333</strong></span> <span class='ocrx_word' id='word_1_104' title='bbox 470 1332 632 1391; x_wconf 77' lang='lat' dir='ltr'>illust-ravit</span> <span class='ocrx_word' id='word_1_105' title='bbox 665 1328 884 1408; x_wconf 69' lang='lat' dir='ltr'>Philosophus,</span> <span class='ocrx_word' id='word_1_106' title='bbox 941 1335 1139 1393; x_wconf 84' lang='lat' dir='ltr'>scientiarum</span> <span class='ocrx_word' id='word_1_107' title='bbox 1163 1349 1227 1409; x_wconf 86' lang='lat' dir='ltr'>pag.</span> <span class='ocrx_word' id='word_1_108' title='bbox 1251 1332 1321 1392; x_wconf 89' lang='grc'><strong>344.</strong></span> <span class='ocrx_word' id='word_1_109' title='bbox 1394 1321 1397 1325; x_wconf 66' lang='grc'>’</span> 
     </span>
     <span class='ocr_line' id='line_1_14' title="bbox 160 1421 1660 1503; baseline -0.005 -14"><span class='ocrx_word' id='word_1_110' title='bbox 160 1426 271 1489; x_wconf 82' lang='grc'><strong>44443434</strong></span> <span class='ocrx_word' id='word_1_111' title='bbox 292 1434 321 1488; x_wconf 89' lang='grc'><strong>34</strong></span> <span class='ocrx_word' id='word_1_112' title='bbox 342 1426 433 1486; x_wconf 75' lang='lat' dir='ltr'>eoum</span> <span class='ocrx_word' id='word_1_113' title='bbox 453 1421 686 1497; x_wconf 80' lang='lat' dir='ltr'>celeberrimus,</span> <span class='ocrx_word' id='word_1_114' title='bbox 710 1422 764 1502; x_wconf 83' lang='lat' dir='ltr'><strong>qui</strong></span> <span class='ocrx_word' id='word_1_115' title='bbox 780 1421 883 1481; x_wconf 79' lang='lat' dir='ltr'>huma·</span> <span class='ocrx_word' id='word_1_116' title='bbox 983 1427 1046 1486; x_wconf 88' lang='lat' dir='ltr'>Nic.</span> <span class='ocrx_word' id='word_1_117' title='bbox 1062 1426 1229 1487; x_wconf 70' lang='lat' dir='ltr'>Comoediis</span> <span class='ocrx_word' id='word_1_118' title='bbox 1248 1422 1440 1503; x_wconf 84' lang='lat' dir='ltr'>Pepodopoli</span> <span class='ocrx_word' id='word_1_119' title='bbox 1451 1426 1526 1484; x_wconf 88' lang='lat' dir='ltr'>bist.</span> <span class='ocrx_word' id='word_1_120' title='bbox 1544 1424 1660 1502; x_wconf 71' lang='lat' dir='ltr'>Gymna-</span> 
     </span>
     <span class='ocr_line' id='line_1_15' title="bbox 160 1514 1453 1599; baseline -0.005 -19"><span class='ocrx_word' id='word_1_121' title='bbox 160 1538 260 1581; x_wconf 87' lang='lat' dir='ltr'>meres</span> <span class='ocrx_word' id='word_1_122' title='bbox 281 1517 454 1598; x_wconf 77' lang='lat' dir='ltr'>disciplinas</span> <span class='ocrx_word' id='word_1_123' title='bbox 467 1523 536 1599; x_wconf 89' lang='lat' dir='ltr'>pest</span> <span class='ocrx_word' id='word_1_124' title='bbox 561 1514 652 1596; x_wconf 78' lang='grc'><strong>43433</strong></span> <span class='ocrx_word' id='word_1_125' title='bbox 669 1514 790 1576; x_wconf 87' lang='lat' dir='ltr'>silentiu</span> <span class='ocrx_word' id='word_1_126' title='bbox 807 1532 886 1575; x_wconf 89' lang='lat' dir='ltr'>mer·</span> <span class='ocrx_word' id='word_1_127' title='bbox 943 1523 976 1580; x_wconf 79' lang='lat' dir='ltr'><strong>sii</strong></span> <span class='ocrx_word' id='word_1_128' title='bbox 1001 1521 1136 1581; x_wconf 77' lang='lat' dir='ltr'>Patavini</span> <span class='ocrx_word' id='word_1_129' title='bbox 1158 1525 1229 1578; x_wconf 88' lang='lat' dir='ltr'>tem.</span> <span class='ocrx_word' id='word_1_130' title='bbox 1249 1520 1276 1579; x_wconf 90' lang='grc'><strong>4.</strong></span> <span class='ocrx_word' id='word_1_131' title='bbox 1293 1535 1361 1596; x_wconf 86' lang='lat' dir='ltr'>pag.</span> <span class='ocrx_word' id='word_1_132' title='bbox 1379 1518 1453 1578; x_wconf 87' lang='grc'><strong>386,</strong></span> 
     </span>
     <span class='ocr_line' id='line_1_16' title="bbox 162 1608 1658 1693; baseline -0.005 -19"><span class='ocrx_word' id='word_1_133' title='bbox 162 1619 248 1688; x_wconf 81' lang='grc'><strong>4333,</strong></span> <span class='ocrx_word' id='word_1_134' title='bbox 263 1611 303 1672; x_wconf 83' lang='grc'><strong>33</strong></span> <span class='ocrx_word' id='word_1_135' title='bbox 320 1610 425 1693; x_wconf 79' lang='lat' dir='ltr'>inferis</span> <span class='ocrx_word' id='word_1_136' title='bbox 438 1610 590 1672; x_wconf 85' lang='lat' dir='ltr'>revocavit</span> <span class='ocrx_word' id='word_1_137' title='bbox 607 1608 648 1669; x_wconf 84' lang='lat' dir='ltr'><strong>ed</strong></span> <span class='ocrx_word' id='word_1_138' title='bbox 664 1626 809 1689; x_wconf 85' lang='lat' dir='ltr'>superes,</span> <span class='ocrx_word' id='word_1_139' title='bbox 828 1626 886 1667; x_wconf 87' lang='lat' dir='ltr'><strong>nen</strong></span> <span class='ocrx_word' id='word_1_140' title='bbox 981 1615 1026 1672; x_wconf 89' lang='grc'><strong>43.</strong></span> <span class='ocrx_word' id='word_1_141' title='bbox 1048 1611 1172 1673; x_wconf 86' lang='lat' dir='ltr'>Murius</span> <span class='ocrx_word' id='word_1_142' title='bbox 1202 1608 1448 1672; x_wconf 72' lang='lat' dir='ltr'>crescimbenius</span> <span class='ocrx_word' id='word_1_143' title='bbox 1469 1612 1522 1672; x_wconf 91' lang='lat' dir='ltr'>lib.</span> <span class='ocrx_word' id='word_1_144' title='bbox 1555 1612 1582 1671; x_wconf 85' lang='grc'><strong>3.</strong></span> <span class='ocrx_word' id='word_1_145' title='bbox 1602 1611 1658 1669; x_wconf 84' lang='lat' dir='ltr'>hist.</span> 
     </span>
     <span class='ocr_line' id='line_1_17' title="bbox 161 1701 1480 1785; baseline -0.002 -19"><span class='ocrx_word' id='word_1_146' title='bbox 161 1705 260 1766; x_wconf 86' lang='lat' dir='ltr'>miuus</span> <span class='ocrx_word' id='word_1_147' title='bbox 279 1711 385 1766; x_wconf 84' lang='lat' dir='ltr'>saneto</span> <span class='ocrx_word' id='word_1_148' title='bbox 405 1703 627 1766; x_wconf 86' lang='lat' dir='ltr'>conuersatione</span> <span class='ocrx_word' id='word_1_149' title='bbox 647 1719 739 1781; x_wconf 84' lang='lat' dir='ltr'>quom</span> <span class='ocrx_word' id='word_1_150' title='bbox 759 1701 885 1763; x_wconf 85' lang='lat' dir='ltr'>seieniia</span> <span class='ocrx_word' id='word_1_151' title='bbox 942 1713 1069 1785; x_wconf 81' lang='lat' dir='ltr'>poeseos</span> <span class='ocrx_word' id='word_1_152' title='bbox 1092 1705 1212 1765; x_wconf 86' lang='lat' dir='ltr'>italicae</span> <span class='ocrx_word' id='word_1_153' title='bbox 1232 1721 1298 1782; x_wconf 83' lang='lat' dir='ltr'>pag.</span> <span class='ocrx_word' id='word_1_154' title='bbox 1317 1705 1387 1765; x_wconf 86' lang='grc'><strong>3941.</strong></span> <span class='ocrx_word' id='word_1_155' title='bbox 1413 1722 1480 1782; x_wconf 88' lang='lat' dir='ltr'>seq.</span> 
     </span>
     <span class='ocr_line' id='line_1_18' title="bbox 160 1794 1657 1878; baseline -0.005 -18"><span class='ocrx_word' id='word_1_156' title='bbox 160 1799 265 1860; x_wconf 77' lang='lat' dir='ltr'>charus</span> <span class='ocrx_word' id='word_1_157' title='bbox 281 1799 423 1860; x_wconf 75' lang='lat' dir='ltr'>emacuit:</span> <span class='ocrx_word' id='word_1_158' title='bbox 444 1799 524 1878; x_wconf 91' lang='lat' dir='ltr'>quod</span> <span class='ocrx_word' id='word_1_159' title='bbox 545 1801 745 1858; x_wconf 84' lang='lat' dir='ltr'>verissimum</span> <span class='ocrx_word' id='word_1_160' title='bbox 756 1798 887 1875; x_wconf 86' lang='lat' dir='ltr'>elogium</span> <span class='ocrx_word' id='word_1_161' title='bbox 983 1800 1131 1858; x_wconf 77' lang='lat' dir='ltr'>ductores</span> <span class='ocrx_word' id='word_1_162' title='bbox 1144 1796 1248 1855; x_wconf 85' lang='lat' dir='ltr'>Dierii</span> <span class='ocrx_word' id='word_1_163' title='bbox 1258 1794 1451 1857; x_wconf 78' lang='lat' dir='ltr'>eruditorum</span> <span class='ocrx_word' id='word_1_164' title='bbox 1464 1795 1596 1857; x_wconf 83' lang='lat' dir='ltr'>ltaliaet</span> <span class='ocrx_word' id='word_1_165' title='bbox 1617 1796 1657 1857; x_wconf 77' lang='grc'><strong>44.</strong></span> 
     </span>
     <span class='ocr_line' id='line_1_19' title="bbox 161 1890 1639 1972; baseline -0.005 -17"><span class='ocrx_word' id='word_1_166' title='bbox 161 1913 197 1954; x_wconf 87' lang='lat' dir='ltr'><strong>ex</strong></span> <span class='ocrx_word' id='word_1_167' title='bbox 217 1895 375 1955; x_wconf 89' lang='lat' dir='ltr'>Trithemii</span> <span class='ocrx_word' id='word_1_168' title='bbox 389 1911 453 1970; x_wconf 89' lang='lat' dir='ltr'>cap.</span> <span class='ocrx_word' id='word_1_169' title='bbox 468 1893 526 1952; x_wconf 82' lang='grc'><strong>633</strong></span> <span class='ocrx_word' id='word_1_170' title='bbox 550 1892 712 1969; x_wconf 89' lang='grc'><strong>4333444334</strong></span> <span class='ocrx_word' id='word_1_171' title='bbox 730 1908 800 1966; x_wconf 86' lang='grc'><strong>3433</strong></span> <span class='ocrx_word' id='word_1_172' title='bbox 819 1908 888 1949; x_wconf 80' lang='lat' dir='ltr'>sex·</span> <span class='ocrx_word' id='word_1_173' title='bbox 944 1911 1009 1972; x_wconf 91' lang='lat' dir='ltr'>pag.</span> <span class='ocrx_word' id='word_1_174' title='bbox 1034 1890 1100 1953; x_wconf 76' lang='lat' dir='ltr'>tas.</span> <span class='ocrx_word' id='word_1_175' title='bbox 1124 1908 1189 1968; x_wconf 90' lang='lat' dir='ltr'>seq.</span> <span class='ocrx_word' id='word_1_176' title='bbox 1212 1898 1286 1949; x_wconf 90' lang='lat' dir='ltr'>torn.</span> <span class='ocrx_word' id='word_1_177' title='bbox 1309 1891 1373 1951; x_wconf 86' lang='lat' dir='ltr'>XV.</span> <span class='ocrx_word' id='word_1_178' title='bbox 1399 1909 1468 1970; x_wconf 87' lang='lat' dir='ltr'>pag.</span> <span class='ocrx_word' id='word_1_179' title='bbox 1491 1892 1564 1952; x_wconf 88' lang='grc'><strong>371.</strong></span> <span class='ocrx_word' id='word_1_180' title='bbox 1584 1909 1639 1969; x_wconf 85' lang='lat' dir='ltr'>seq.</span> 
     </span>
     <span class='ocr_line' id='line_1_20' title="bbox 162 1982 1658 2066; baseline -0.003 -20"><span class='ocrx_word' id='word_1_181' title='bbox 162 1989 260 2047; x_wconf 89' lang='lat' dir='ltr'>centis</span> <span class='ocrx_word' id='word_1_182' title='bbox 292 1989 359 2047; x_wconf 89' lang='lat' dir='ltr'>aliis</span> <span class='ocrx_word' id='word_1_183' title='bbox 390 1987 529 2046; x_wconf 84' lang='lat' dir='ltr'>subicere</span> <span class='ocrx_word' id='word_1_184' title='bbox 556 1982 705 2043; x_wconf 78' lang='grc'><strong>34434433.</strong></span> <span class='ocrx_word' id='word_1_185' title='bbox 729 1985 764 2043; x_wconf 80' lang='grc' dir='ltr'><strong>Α.</strong></span> <span class='ocrx_word' id='word_1_186' title='bbox 799 1985 886 2045; x_wconf 90' lang='grc'><strong>4344.</strong></span> <span class='ocrx_word' id='word_1_187' title='bbox 982 1985 1131 2066; x_wconf 70' lang='lat' dir='ltr'>insopitus</span> <span class='ocrx_word' id='word_1_188' title='bbox 1149 1982 1326 2044; x_wconf 72' lang='lat' dir='ltr'>Alexander</span> <span class='ocrx_word' id='word_1_189' title='bbox 1344 1985 1508 2047; x_wconf 79' lang='lat' dir='ltr'>Feriettus</span> <span class='ocrx_word' id='word_1_190' title='bbox 1525 1982 1658 2066; x_wconf 85' lang='grc'><strong>33334344</strong></span> 
     </span>
     <span class='ocr_line' id='line_1_21' title="bbox 162 2077 1494 2158; baseline -0.001 -18"><span class='ocrx_word' id='word_1_191' title='bbox 162 2083 213 2157; x_wconf 91' lang='lat' dir='ltr'><strong>qui</strong></span> <span class='ocrx_word' id='word_1_192' title='bbox 229 2082 337 2139; x_wconf 84' lang='lat' dir='ltr'>aetatis</span> <span class='ocrx_word' id='word_1_193' title='bbox 355 2079 403 2140; x_wconf 88' lang='grc'><strong>37.</strong></span> <span class='ocrx_word' id='word_1_194' title='bbox 421 2085 485 2138; x_wconf 90' lang='grc'><strong>3334</strong></span> <span class='ocrx_word' id='word_1_195' title='bbox 499 2122 506 2149; x_wconf 84' lang='grc'><em>,</em></span> <span class='ocrx_word' id='word_1_196' title='bbox 519 2077 677 2136; x_wconf 88' lang='lat' dir='ltr'>Petrarcha</span> <span class='ocrx_word' id='word_1_197' title='bbox 696 2078 725 2134; x_wconf 94' lang='lat' dir='ltr'><strong>in</strong></span> <span class='ocrx_word' id='word_1_198' title='bbox 745 2077 888 2154; x_wconf 86' lang='lat' dir='ltr'>Capitolio</span> <span class='ocrx_word' id='word_1_199' title='bbox 943 2081 1145 2142; x_wconf 85' lang='lat' dir='ltr'>Barziziorum</span> <span class='ocrx_word' id='word_1_200' title='bbox 1165 2096 1253 2155; x_wconf 93' lang='grc'><strong>33333</strong></span> <span class='ocrx_word' id='word_1_201' title='bbox 1275 2095 1342 2157; x_wconf 83' lang='lat' dir='ltr'>pag.</span> <span class='ocrx_word' id='word_1_202' title='bbox 1363 2080 1403 2139; x_wconf 85' lang='lat' dir='ltr'>X.</span> <span class='ocrx_word' id='word_1_203' title='bbox 1427 2095 1494 2158; x_wconf 87' lang='lat' dir='ltr'>seq.</span> 
     </span>
     <span class='ocr_line' id='line_1_22' title="bbox 164 2169 1657 2250; baseline -0.001 -18"><span class='ocrx_word' id='word_1_204' title='bbox 164 2176 296 2233; x_wconf 83' lang='grc'><strong>11343333</strong></span> <span class='ocrx_word' id='word_1_205' title='bbox 307 2175 335 2250; x_wconf 83' lang='grc'><strong>3)</strong></span> <span class='ocrx_word' id='word_1_206' title='bbox 352 2170 635 2250; x_wconf 82' lang='lat' dir='ltr'>agubematoribus</span> <span class='ocrx_word' id='word_1_207' title='bbox 653 2169 741 2230; x_wconf 90' lang='lat' dir='ltr'>Urbis</span> <span class='ocrx_word' id='word_1_208' title='bbox 760 2169 888 2240; x_wconf 84' lang='lat' dir='ltr'>hedera,</span> <span class='ocrx_word' id='word_1_209' title='bbox 983 2175 1047 2232; x_wconf 90' lang='grc'><strong>433.</strong></span> <span class='ocrx_word' id='word_1_210' title='bbox 1068 2171 1202 2232; x_wconf 84' lang='lat' dir='ltr'>Goddius</span> <span class='ocrx_word' id='word_1_211' title='bbox 1217 2173 1255 2233; x_wconf 88' lang='lat' dir='ltr'><strong>de</strong></span> <span class='ocrx_word' id='word_1_212' title='bbox 1273 2172 1476 2249; x_wconf 89' lang='lat' dir='ltr'>scriptoribus</span> <span class='ocrx_word' id='word_1_213' title='bbox 1487 2191 1547 2234; x_wconf 91' lang='lat' dir='ltr'><strong>non</strong></span> <span class='ocrx_word' id='word_1_214' title='bbox 1561 2174 1657 2235; x_wconf 85' lang='lat' dir='ltr'>Eccles.</span> 
     </span>
     <span class='ocr_line' id='line_1_23' title="bbox 163 2261 1657 2344; baseline -0.001 -18"><span class='ocrx_word' id='word_1_215' title='bbox 163 2274 263 2344; x_wconf 82' lang='lat' dir='ltr'>myrto</span> <span class='ocrx_word' id='word_1_216' title='bbox 277 2274 307 2325; x_wconf 97' lang='grc'><strong>34</strong></span> <span class='ocrx_word' id='word_1_217' title='bbox 319 2267 421 2326; x_wconf 91' lang='grc'><strong>433333</strong></span> <span class='ocrx_word' id='word_1_218' title='bbox 440 2265 556 2341; x_wconf 84' lang='grc'><strong>3334433</strong></span> <span class='ocrx_word' id='word_1_219' title='bbox 568 2263 732 2324; x_wconf 83' lang='lat' dir='ltr'>honorifice</span> <span class='ocrx_word' id='word_1_220' title='bbox 754 2263 887 2324; x_wconf 90' lang='lat' dir='ltr'>decorari</span> <span class='ocrx_word' id='word_1_221' title='bbox 983 2265 1135 2326; x_wconf 80' lang='lat' dir='ltr'>Martinus</span> <span class='ocrx_word' id='word_1_222' title='bbox 1156 2261 1313 2325; x_wconf 83' lang='lat' dir='ltr'>Hanelrius</span> <span class='ocrx_word' id='word_1_223' title='bbox 1342 2265 1380 2324; x_wconf 89' lang='lat' dir='ltr'><strong>de</strong></span> <span class='ocrx_word' id='word_1_224' title='bbox 1399 2266 1602 2328; x_wconf 85' lang='lat' dir='ltr'>Romanarum</span> <span class='ocrx_word' id='word_1_225' title='bbox 1623 2283 1657 2324; x_wconf 86' lang='lat' dir='ltr'><strong>re·</strong></span> 
     </span>
     <span class='ocr_line' id='line_1_24' title="bbox 163 2355 1596 2439; baseline 0 -20"><span class='ocrx_word' id='word_1_226' title='bbox 163 2361 282 2420; x_wconf 90' lang='lat' dir='ltr'>meruit.</span> <span class='ocrx_word' id='word_1_227' title='bbox 301 2360 422 2437; x_wconf 86' lang='lat' dir='ltr'>Cepiam</span> <span class='ocrx_word' id='word_1_228' title='bbox 446 2357 658 2431; x_wconf 78' lang='lat' dir='ltr'>humationis,</span> <span class='ocrx_word' id='word_1_229' title='bbox 674 2357 739 2415; x_wconf 88' lang='lat' dir='ltr'>sive</span> <span class='ocrx_word' id='word_1_230' title='bbox 754 2355 885 2434; x_wconf 84' lang='lat' dir='ltr'>diploma</span> <span class='ocrx_word' id='word_1_231' title='bbox 944 2377 1010 2419; x_wconf 89' lang='lat' dir='ltr'><strong>rum</strong></span> <span class='ocrx_word' id='word_1_232' title='bbox 1030 2357 1226 2436; x_wconf 89' lang='lat' dir='ltr'>scriptoribus</span> <span class='ocrx_word' id='word_1_233' title='bbox 1244 2357 1293 2418; x_wconf 91' lang='lat' dir='ltr'>lib.</span> <span class='ocrx_word' id='word_1_234' title='bbox 1314 2361 1341 2418; x_wconf 93' lang='grc'><strong>4.</strong></span> <span class='ocrx_word' id='word_1_235' title='bbox 1360 2365 1391 2418; x_wconf 90' lang='grc'><strong>34</strong></span> <span class='ocrx_word' id='word_1_236' title='bbox 1411 2359 1440 2418; x_wconf 97' lang='grc'><strong>3.</strong></span> <span class='ocrx_word' id='word_1_237' title='bbox 1462 2376 1531 2439; x_wconf 90' lang='lat' dir='ltr'>cap.</span> <span class='ocrx_word' id='word_1_238' title='bbox 1551 2361 1596 2421; x_wconf 89' lang='grc'><strong>43.</strong></span> 
     </span>
     <span class='ocr_line' id='line_1_25' title="bbox 162 2449 1654 2532; baseline -0.001 -21"><span class='ocrx_word' id='word_1_239' title='bbox 162 2453 242 2513; x_wconf 90' lang='grc'><strong>414133</strong></span> <span class='ocrx_word' id='word_1_240' title='bbox 267 2453 370 2513; x_wconf 89' lang='grc'><strong>333344</strong></span> <span class='ocrx_word' id='word_1_241' title='bbox 405 2452 551 2512; x_wconf 91' lang='lat' dir='ltr'>tributum</span> <span class='ocrx_word' id='word_1_242' title='bbox 575 2449 699 2509; x_wconf 85' lang='lat' dir='ltr'>exbibet</span> <span class='ocrx_word' id='word_1_243' title='bbox 727 2449 886 2511; x_wconf 84' lang='lat' dir='ltr'>Cornelius</span> <span class='ocrx_word' id='word_1_244' title='bbox 982 2450 1097 2512; x_wconf 85' lang='lat' dir='ltr'>Paulus</span> <span class='ocrx_word' id='word_1_245' title='bbox 1109 2451 1220 2512; x_wconf 80' lang='lat' dir='ltr'>levius</span> <span class='ocrx_word' id='word_1_246' title='bbox 1234 2453 1262 2510; x_wconf 92' lang='lat' dir='ltr'><strong>in</strong></span> <span class='ocrx_word' id='word_1_247' title='bbox 1279 2453 1384 2529; x_wconf 87' lang='lat' dir='ltr'>elegiis</span> <span class='ocrx_word' id='word_1_248' title='bbox 1399 2451 1561 2515; x_wconf 86' lang='lat' dir='ltr'>doctorum</span> <span class='ocrx_word' id='word_1_249' title='bbox 1578 2470 1604 2532; x_wconf 88' lang='lat' dir='ltr'><strong>p.</strong></span> <span class='ocrx_word' id='word_1_250' title='bbox 1617 2451 1654 2510; x_wconf 82' lang='grc'><strong>43.</strong></span> 
     </span>
     <span class='ocr_line' id='line_1_26' title="bbox 161 2544 1651 2623; baseline -0.001 -19"><span class='ocrx_word' id='word_1_251' title='bbox 161 2545 298 2606; x_wconf 87' lang='lat' dir='ltr'>Zantlliet</span> <span class='ocrx_word' id='word_1_252' title='bbox 314 2547 342 2603; x_wconf 88' lang='lat' dir='ltr'><strong>in</strong></span> <span class='ocrx_word' id='word_1_253' title='bbox 360 2544 508 2606; x_wconf 84' lang='lat' dir='ltr'>Chronico</span> <span class='ocrx_word' id='word_1_254' title='bbox 527 2550 598 2601; x_wconf 92' lang='lat' dir='ltr'>tom.</span> <span class='ocrx_word' id='word_1_255' title='bbox 616 2544 650 2601; x_wconf 89' lang='lat' dir='ltr'>V.</span> <span class='ocrx_word' id='word_1_256' title='bbox 674 2547 887 2603; x_wconf 89' lang='lat' dir='ltr'>monumento·</span> <span class='ocrx_word' id='word_1_257' title='bbox 980 2544 1138 2605; x_wconf 81' lang='grc'><strong>4344334434</strong></span> <span class='ocrx_word' id='word_1_258' title='bbox 1171 2546 1323 2606; x_wconf 71' lang='lat' dir='ltr'>Marcellus</span> <span class='ocrx_word' id='word_1_259' title='bbox 1355 2545 1440 2623; x_wconf 90' lang='lat' dir='ltr'>apud</span> <span class='ocrx_word' id='word_1_260' title='bbox 1473 2546 1651 2606; x_wconf 86' lang='lat' dir='ltr'>Tomasinun</span> 
     </span>
     <span class='ocr_line' id='line_1_27' title="bbox 162 2635 1645 2718; baseline 0.001 -20"><span class='ocrx_word' id='word_1_261' title='bbox 162 2657 228 2700; x_wconf 91' lang='lat' dir='ltr'><strong>rum</strong></span> <span class='ocrx_word' id='word_1_262' title='bbox 244 2637 397 2699; x_wconf 86' lang='lat' dir='ltr'>Edmundi</span> <span class='ocrx_word' id='word_1_263' title='bbox 416 2640 548 2698; x_wconf 85' lang='grc'><strong>41344333</strong></span> <span class='ocrx_word' id='word_1_264' title='bbox 561 2653 627 2714; x_wconf 88' lang='lat' dir='ltr'>pag.</span> <span class='ocrx_word' id='word_1_265' title='bbox 646 2636 716 2695; x_wconf 83' lang='grc'><strong>336.</strong></span> <span class='ocrx_word' id='word_1_266' title='bbox 728 2635 776 2696; x_wconf 89' lang='grc'><strong>334</strong></span> <span class='ocrx_word' id='word_1_267' title='bbox 793 2636 883 2694; x_wconf 90' lang='grc'><strong>344334</strong></span> <span class='ocrx_word' id='word_1_268' title='bbox 941 2658 968 2718; x_wconf 88' lang='grc'><strong>3.</strong></span> <span class='ocrx_word' id='word_1_269' title='bbox 992 2640 1050 2701; x_wconf 82' lang='grc'><strong>495</strong></span> <span class='ocrx_word' id='word_1_270' title='bbox 1078 2641 1158 2715; x_wconf 83' lang='grc'><strong>(347.</strong></span> <span class='ocrx_word' id='word_1_271' title='bbox 1177 2645 1208 2699; x_wconf 88' lang='grc'><strong>34</strong></span> <span class='ocrx_word' id='word_1_272' title='bbox 1226 2640 1356 2699; x_wconf 86' lang='lat' dir='ltr'>Florent.</span> <span class='ocrx_word' id='word_1_273' title='bbox 1375 2639 1465 2700; x_wconf 86' lang='grc'><strong>4747.</strong></span> <span class='ocrx_word' id='word_1_274' title='bbox 1484 2642 1513 2700; x_wconf 93' lang='grc'><strong>8.</strong></span> <span class='ocrx_word' id='word_1_275' title='bbox 1531 2638 1645 2706; x_wconf 79' lang='grc'><strong>484444</strong></span> 
     </span>
     <span class='ocr_line' id='line_1_28' title="bbox 161 2727 1649 2811; baseline -0.003 -19"><span class='ocrx_word' id='word_1_276' title='bbox 161 2733 431 2792; x_wconf 80' lang='lat' dir='ltr'>Civitatellomana</span> <span class='ocrx_word' id='word_1_277' title='bbox 445 2730 574 2790; x_wconf 91' lang='lat' dir='ltr'>donatus</span> <span class='ocrx_word' id='word_1_278' title='bbox 587 2747 651 2807; x_wconf 84' lang='lat' dir='ltr'>pag.</span> <span class='ocrx_word' id='word_1_279' title='bbox 664 2730 732 2788; x_wconf 89' lang='grc'><strong>338.</strong></span> <span class='ocrx_word' id='word_1_280' title='bbox 745 2727 882 2789; x_wconf 86' lang='lat' dir='ltr'>traditur.</span> <span class='ocrx_word' id='word_1_281' title='bbox 979 2734 1014 2790; x_wconf 89' lang='grc'><strong>43</strong></span> <span class='ocrx_word' id='word_1_282' title='bbox 1039 2730 1190 2811; x_wconf 82' lang='lat' dir='ltr'>Pupprius</span> <span class='ocrx_word' id='word_1_283' title='bbox 1212 2733 1311 2791; x_wconf 80' lang='lat' dir='ltr'>Masso</span> <span class='ocrx_word' id='word_1_284' title='bbox 1333 2740 1422 2810; x_wconf 88' lang='lat' dir='ltr'>parte</span> <span class='ocrx_word' id='word_1_285' title='bbox 1448 2733 1480 2795; x_wconf 77' lang='grc'><strong>3.</strong></span> <span class='ocrx_word' id='word_1_286' title='bbox 1508 2733 1649 2810; x_wconf 83' lang='lat' dir='ltr'>elegiarum</span> 
     </span>
     <span class='ocr_line' id='line_1_29' title="bbox 163 2821 1162 2903; baseline 0 -19"><span class='ocrx_word' id='word_1_287' title='bbox 163 2827 232 2884; x_wconf 89' lang='lat' dir='ltr'>Post</span> <span class='ocrx_word' id='word_1_288' title='bbox 249 2822 403 2884; x_wconf 89' lang='lat' dir='ltr'>conditum</span> <span class='ocrx_word' id='word_1_289' title='bbox 423 2821 457 2883; x_wconf 89' lang='grc' dir='ltr'><strong>Α.</strong></span> <span class='ocrx_word' id='word_1_290' title='bbox 478 2821 564 2882; x_wconf 82' lang='lat' dir='ltr'>tato.</span> <span class='ocrx_word' id='word_1_291' title='bbox 588 2823 616 2881; x_wconf 90' lang='grc'><strong>43</strong></span> <span class='ocrx_word' id='word_1_292' title='bbox 646 2821 718 2881; x_wconf 92' lang='grc'><strong>3433</strong></span> <span class='ocrx_word' id='word_1_293' title='bbox 741 2823 884 2880; x_wconf 90' lang='lat' dir='ltr'>Patavina</span> <span class='ocrx_word' id='word_1_294' title='bbox 942 2842 1007 2902; x_wconf 85' lang='lat' dir='ltr'>pag.</span> <span class='ocrx_word' id='word_1_295' title='bbox 1029 2825 1076 2886; x_wconf 89' lang='grc'><strong>34.</strong></span> <span class='ocrx_word' id='word_1_296' title='bbox 1098 2843 1162 2903; x_wconf 89' lang='lat' dir='ltr'>seq.</span> 
     </span>
     <span class='ocr_line' id='line_1_30' title="bbox 163 2914 1646 2987; baseline -0.001 -11"><span class='ocrx_word' id='word_1_297' title='bbox 163 2923 380 2978; x_wconf 90' lang='lat' dir='ltr'>testamentum</span> <span class='ocrx_word' id='word_1_298' title='bbox 398 2961 404 2987; x_wconf 91' lang='lat'><strong>‚</strong></span> <span class='ocrx_word' id='word_1_299' title='bbox 425 2915 504 2975; x_wconf 90' lang='lat' dir='ltr'>diem</span> <span class='ocrx_word' id='word_1_300' title='bbox 521 2915 554 2975; x_wconf 83' lang='grc' dir='ltr'><strong>Α.</strong></span> <span class='ocrx_word' id='word_1_301' title='bbox 575 2914 660 2975; x_wconf 73' lang='lat' dir='ltr'>tait.</span> <span class='ocrx_word' id='word_1_302' title='bbox 681 2915 729 2974; x_wconf 88' lang='lat' dir='ltr'><strong>die</strong></span> <span class='ocrx_word' id='word_1_303' title='bbox 748 2917 796 2974; x_wconf 89' lang='grc'><strong>48.</strong></span> <span class='ocrx_word' id='word_1_304' title='bbox 814 2914 885 2974; x_wconf 89' lang='grc'><strong>43444</strong></span> <span class='ocrx_word' id='word_1_305' title='bbox 981 2916 1047 2978; x_wconf 76' lang='lat' dir='ltr'><strong>tue</strong></span> <span class='ocrx_word' id='word_1_306' title='bbox 1056 2916 1404 2979; x_wconf 75' lang='lat' dir='ltr'>distemuslluretorzus</span> <span class='ocrx_word' id='word_1_307' title='bbox 1422 2921 1453 2978; x_wconf 93' lang='lat' dir='ltr'><strong>in</strong></span> <span class='ocrx_word' id='word_1_308' title='bbox 1473 2923 1537 2981; x_wconf 86' lang='lat' dir='ltr'>vita</span> <span class='ocrx_word' id='word_1_309' title='bbox 1549 2922 1646 2979; x_wconf 86' lang='lat' dir='ltr'>Petrar-</span> 
     </span>
     <span class='ocr_line' id='line_1_31' title="bbox 163 3009 1646 3091; baseline -0.001 -20"><span class='ocrx_word' id='word_1_310' title='bbox 163 3013 235 3072; x_wconf 90' lang='lat' dir='ltr'>obiit</span> <span class='ocrx_word' id='word_1_311' title='bbox 256 3009 375 3087; x_wconf 81' lang='lat' dir='ltr'>Arquae</span> <span class='ocrx_word' id='word_1_312' title='bbox 395 3011 422 3067; x_wconf 88' lang='lat' dir='ltr'><strong>in</strong></span> <span class='ocrx_word' id='word_1_313' title='bbox 442 3011 549 3069; x_wconf 82' lang='lat' dir='ltr'>Castro</span> <span class='ocrx_word' id='word_1_314' title='bbox 568 3010 702 3068; x_wconf 91' lang='lat' dir='ltr'>Patavini</span> <span class='ocrx_word' id='word_1_315' title='bbox 722 3009 884 3082; x_wconf 86' lang='lat' dir='ltr'>territorii,</span> <span class='ocrx_word' id='word_1_316' title='bbox 940 3011 1034 3084; x_wconf 86' lang='lat' dir='ltr'>chae,</span> <span class='ocrx_word' id='word_1_317' title='bbox 1054 3013 1218 3090; x_wconf 85' lang='lat' dir='ltr'>praemissa</span> <span class='ocrx_word' id='word_1_318' title='bbox 1236 3010 1304 3091; x_wconf 81' lang='lat' dir='ltr'>ejus</span> <span class='ocrx_word' id='word_1_319' title='bbox 1321 3012 1516 3089; x_wconf 73' lang='lat' dir='ltr'>poematibus</span> <span class='ocrx_word' id='word_1_320' title='bbox 1537 3013 1646 3079; x_wconf 83' lang='lat' dir='ltr'>italicis,</span> 
     </span>
     <span class='ocr_line' id='line_1_32' title="bbox 162 3100 1305 3179; baseline 0.001 -15"><span class='ocrx_word' id='word_1_321' title='bbox 162 3106 212 3165; x_wconf 92' lang='lat' dir='ltr'><strong>ubi</strong></span> <span class='ocrx_word' id='word_1_322' title='bbox 244 3108 440 3163; x_wconf 90' lang='lat' dir='ltr'>monumento</span> <span class='ocrx_word' id='word_1_323' title='bbox 467 3104 534 3178; x_wconf 75' lang='lat' dir='ltr'>eius</span> <span class='ocrx_word' id='word_1_324' title='bbox 556 3103 734 3179; x_wconf 89' lang='lat' dir='ltr'>inscriptum</span> <span class='ocrx_word' id='word_1_325' title='bbox 765 3101 819 3160; x_wconf 88' lang='lat' dir='ltr'><strong>boc</strong></span> <span class='ocrx_word' id='word_1_326' title='bbox 849 3100 886 3159; x_wconf 91' lang='lat' dir='ltr'><strong>ab</strong></span> <span class='ocrx_word' id='word_1_327' title='bbox 943 3103 1033 3162; x_wconf 86' lang='lat' dir='ltr'>editis</span> <span class='ocrx_word' id='word_1_328' title='bbox 1050 3104 1083 3164; x_wconf 82' lang='grc' dir='ltr'><strong>Α.</strong></span> <span class='ocrx_word' id='word_1_329' title='bbox 1105 3103 1193 3165; x_wconf 84' lang='grc'><strong>4744.</strong></span> <span class='ocrx_word' id='word_1_330' title='bbox 1293 3104 1305 3135; x_wconf 85' lang='lat'><em>⁰</em></span> 
     </span>
     <span class='ocr_line' id='line_1_33' title="bbox 74 3195 1642 3276; baseline -0.002 -19"><span class='ocrx_word' id='word_1_331' title='bbox 74 3208 84 3223; x_wconf 57' lang='lat'>³</span> <span class='ocrx_word' id='word_1_332' title='bbox 163 3200 228 3276; x_wconf 90' lang='lat' dir='ltr'>ipso</span> <span class='ocrx_word' id='word_1_333' title='bbox 249 3199 459 3274; x_wconf 88' lang='lat' dir='ltr'>consignatum</span> <span class='ocrx_word' id='word_1_334' title='bbox 481 3195 687 3273; x_wconf 86' lang='lat' dir='ltr'>epitaphium:</span> <span class='ocrx_word' id='word_1_335' title='bbox 817 3238 819 3242; x_wconf 58' lang='grc'><em>»</em></span> <span class='ocrx_word' id='word_1_336' title='bbox 982 3195 1148 3256; x_wconf 86' lang='lat' dir='ltr'>Nicercnus</span> <span class='ocrx_word' id='word_1_337' title='bbox 1167 3198 1325 3257; x_wconf 86' lang='lat' dir='ltr'>Barnabrta</span> <span class='ocrx_word' id='word_1_338' title='bbox 1344 3202 1428 3257; x_wconf 89' lang='lat' dir='ltr'>tomo</span> <span class='ocrx_word' id='word_1_339' title='bbox 1447 3196 1580 3274; x_wconf 81' lang='lat' dir='ltr'>xxvttt.</span> <span class='ocrx_word' id='word_1_340' title='bbox 1600 3210 1642 3254; x_wconf 87' lang='grc'><strong>33</strong></span> 
     </span>
    </p>
   </div>
   <div class='ocr_carea' id='block_1_3' title="bbox 174 3288 1641 3378">
    <p class='ocr_par' dir='ltr' id='par_1_3' title="bbox 174 3288 1641 3378">
     <span class='ocr_line' id='line_1_34' title="bbox 174 3288 1641 3378; baseline -0.003 -12"><span class='ocrx_word' id='word_1_341' title='bbox 174 3313 276 3378; x_wconf 70' lang='grc'><strong>44134443</strong></span> <span class='ocrx_word' id='word_1_342' title='bbox 292 3315 421 3365; x_wconf 73' lang='grc'><strong>4443334331</strong></span> <span class='ocrx_word' id='word_1_343' title='bbox 438 3313 502 3377; x_wconf 82' lang='grc'><strong>13344</strong></span> <span class='ocrx_word' id='word_1_344' title='bbox 519 3314 561 3364; x_wconf 85' lang='lat' dir='ltr'><strong>hta</strong></span> <span class='ocrx_word' id='word_1_345' title='bbox 573 3316 635 3375; x_wconf 78' lang='lat' dir='ltr'>tegit</span> <span class='ocrx_word' id='word_1_346' title='bbox 654 3324 711 3362; x_wconf 85' lang='lat' dir='ltr'>ossa</span> <span class='ocrx_word' id='word_1_347' title='bbox 724 3315 876 3370; x_wconf 77' lang='grc'><strong>43334333,</strong></span> <span class='ocrx_word' id='word_1_348' title='bbox 943 3293 1103 3352; x_wconf 72' lang='grc' dir='ltr'><strong>44144443Γῦ44]</strong></span> <span class='ocrx_word' id='word_1_349' title='bbox 1123 3289 1160 3348; x_wconf 71' lang='grc'><strong>444</strong></span> <span class='ocrx_word' id='word_1_350' title='bbox 1178 3291 1258 3349; x_wconf 62' lang='lat' dir='ltr'>Visis</span> <span class='ocrx_word' id='word_1_351' title='bbox 1276 3288 1405 3350; x_wconf 74' lang='grc'><strong>4444444443</strong></span> <span class='ocrx_word' id='word_1_352' title='bbox 1429 3309 1495 3371; x_wconf 64' lang='lat' dir='ltr'><strong>pag·</strong></span> <span class='ocrx_word' id='word_1_353' title='bbox 1515 3293 1578 3352; x_wconf 76' lang='lat'>366.</span> <span class='ocrx_word' id='word_1_354' title='bbox 1597 3304 1641 3362; x_wconf 74' lang='grc'><strong>544·</strong></span> 
     </span>
    </p>
   </div>
   <div class='ocr_carea' id='block_1_4' title="bbox 173 3381 1642 3553">
    <p class='ocr_par' dir='ltr' id='par_1_4' title="bbox 173 3381 1642 3553">
     <span class='ocr_line' id='line_1_35' title="bbox 173 3381 1642 3463; baseline 0.003 -24"><span class='ocrx_word' id='word_1_355' title='bbox 173 3393 286 3453; x_wconf 84' lang='grc'><strong>3333133,</strong></span> <span class='ocrx_word' id='word_1_356' title='bbox 295 3392 369 3452; x_wconf 77' lang='lat' dir='ltr'>Virgo</span> <span class='ocrx_word' id='word_1_357' title='bbox 379 3401 479 3452; x_wconf 79' lang='lat' dir='ltr'>parem,</span> <span class='ocrx_word' id='word_1_358' title='bbox 491 3392 610 3448; x_wconf 86' lang='grc'><strong>33443334,</strong></span> <span class='ocrx_word' id='word_1_359' title='bbox 620 3395 673 3437; x_wconf 83' lang='lat' dir='ltr'>sate</span> <span class='ocrx_word' id='word_1_360' title='bbox 684 3389 796 3449; x_wconf 81' lang='lat' dir='ltr'>Virgine,</span> <span class='ocrx_word' id='word_1_361' title='bbox 808 3399 892 3449; x_wconf 87' lang='grc'><strong>33433,</strong></span> <span class='ocrx_word' id='word_1_362' title='bbox 983 3382 1084 3443; x_wconf 71' lang='lat' dir='ltr'>,lulius</span> <span class='ocrx_word' id='word_1_363' title='bbox 1098 3383 1191 3459; x_wconf 76' lang='lat' dir='ltr'>Niger</span> <span class='ocrx_word' id='word_1_364' title='bbox 1213 3385 1241 3441; x_wconf 91' lang='lat' dir='ltr'><strong>in</strong></span> <span class='ocrx_word' id='word_1_365' title='bbox 1261 3383 1386 3442; x_wconf 87' lang='lat' dir='ltr'>historia</span> <span class='ocrx_word' id='word_1_366' title='bbox 1405 3386 1582 3463; x_wconf 79' lang='lat' dir='ltr'>scriptorum</span> <span class='ocrx_word' id='word_1_367' title='bbox 1597 3381 1642 3440; x_wconf 72' lang='grc'><strong>444</strong></span> 
     </span>
     <span class='ocr_line' id='line_1_36' title="bbox 174 3464 1438 3553; baseline -0.005 -37"><span class='ocrx_word' id='word_1_368' title='bbox 174 3470 297 3528; x_wconf 78' lang='lat' dir='ltr'>Fessaque</span> <span class='ocrx_word' id='word_1_369' title='bbox 310 3468 363 3527; x_wconf 80' lang='lat' dir='ltr'><strong>jam</strong></span> <span class='ocrx_word' id='word_1_370' title='bbox 379 3468 472 3523; x_wconf 85' lang='lat' dir='ltr'>terris,</span> <span class='ocrx_word' id='word_1_371' title='bbox 486 3464 553 3513; x_wconf 84' lang='lat' dir='ltr'>Coeli</span> <span class='ocrx_word' id='word_1_372' title='bbox 570 3466 715 3524; x_wconf 79' lang='grc'><strong>4333433334</strong></span> <span class='ocrx_word' id='word_1_373' title='bbox 734 3465 759 3511; x_wconf 92' lang='grc'><strong>43</strong></span> <span class='ocrx_word' id='word_1_374' title='bbox 777 3474 846 3512; x_wconf 87' lang='grc'><strong>3433.</strong></span> <span class='ocrx_word' id='word_1_375' title='bbox 946 3480 1089 3538; x_wconf 40' lang='grc' dir='ltr'><strong>3903ῃο3.</strong></span> <span class='ocrx_word' id='word_1_376' title='bbox 1106 3492 1171 3553; x_wconf 41' lang='lat' dir='ltr'><strong>pag·</strong></span> <span class='ocrx_word' id='word_1_377' title='bbox 1191 3476 1259 3534; x_wconf 42' lang='lat'><strong>290·</strong></span> <span class='ocrx_word' id='word_1_378' title='bbox 1278 3491 1343 3552; x_wconf 47' lang='lat' dir='ltr'><strong>seq·</strong></span> <span class='ocrx_word' id='word_1_379' title='bbox 1435 3468 1438 3473; x_wconf 87' lang='lat'>&#39;</span> 
     </span>
    </p>
   </div>
   <div class='ocr_carea' id='block_1_5' title="bbox 165 3565 1640 3740">
    <p class='ocr_par' dir='ltr' id='par_1_5' title="bbox 165 3565 1640 3740">
     <span class='ocr_line' id='line_1_37' title="bbox 165 3565 1640 3632; baseline -0.007 -3"><span class='ocrx_word' id='word_1_380' title='bbox 165 3571 207 3629; x_wconf 85' lang='lat' dir='ltr'><strong>lie</strong></span> <span class='ocrx_word' id='word_1_381' title='bbox 229 3568 388 3629; x_wconf 87' lang='lat' dir='ltr'>Petrarcha</span> <span class='ocrx_word' id='word_1_382' title='bbox 412 3575 472 3626; x_wconf 90' lang='lat' dir='ltr'><strong>tam</strong></span> <span class='ocrx_word' id='word_1_383' title='bbox 497 3565 590 3626; x_wconf 91' lang='lat' dir='ltr'>multa</span> <span class='ocrx_word' id='word_1_384' title='bbox 613 3567 677 3624; x_wconf 79' lang='lat' dir='ltr'><strong>eta</strong></span> <span class='ocrx_word' id='word_1_385' title='bbox 701 3572 761 3624; x_wconf 91' lang='lat' dir='ltr'><strong>tam</strong></span> <span class='ocrx_word' id='word_1_386' title='bbox 786 3565 889 3624; x_wconf 90' lang='lat' dir='ltr'>multis</span> <span class='ocrx_word' id='word_1_387' title='bbox 986 3568 1156 3632; x_wconf 75' lang='lat' dir='ltr'>casimirus</span> <span class='ocrx_word' id='word_1_388' title='bbox 1179 3566 1315 3628; x_wconf 80' lang='lat' dir='ltr'>Oudirrus</span> <span class='ocrx_word' id='word_1_389' title='bbox 1338 3574 1414 3628; x_wconf 90' lang='grc'><strong>4333.</strong></span> <span class='ocrx_word' id='word_1_390' title='bbox 1431 3568 1460 3630; x_wconf 84' lang='grc'><strong>3.</strong></span> <span class='ocrx_word' id='word_1_391' title='bbox 1479 3567 1640 3631; x_wconf 84' lang='lat' dir='ltr'>Commenta·</span> 
     </span>
     <span class='ocr_line' id='line_1_38' title="bbox 167 3657 1266 3740; baseline 0.002 -21"><span class='ocrx_word' id='word_1_392' title='bbox 167 3665 259 3721; x_wconf 87' lang='lat' dir='ltr'>missa</span> <span class='ocrx_word' id='word_1_393' title='bbox 288 3666 360 3719; x_wconf 89' lang='lat' dir='ltr'>sunt</span> <span class='ocrx_word' id='word_1_394' title='bbox 389 3661 418 3717; x_wconf 90' lang='grc'><strong>43</strong></span> <span class='ocrx_word' id='word_1_395' title='bbox 447 3660 583 3729; x_wconf 77' lang='lat' dir='ltr'>litteras,</span> <span class='ocrx_word' id='word_1_396' title='bbox 613 3657 776 3734; x_wconf 81' lang='lat' dir='ltr'>pugnantia</span> <span class='ocrx_word' id='word_1_397' title='bbox 798 3659 888 3716; x_wconf 89' lang='lat' dir='ltr'>etiam</span> <span class='ocrx_word' id='word_1_398' title='bbox 944 3667 1012 3723; x_wconf 80' lang='grc'><strong>4134.</strong></span> <span class='ocrx_word' id='word_1_399' title='bbox 1031 3682 1097 3740; x_wconf 83' lang='lat' dir='ltr'>pag.</span> <span class='ocrx_word' id='word_1_400' title='bbox 1115 3661 1183 3720; x_wconf 87' lang='grc'><strong>916.</strong></span> <span class='ocrx_word' id='word_1_401' title='bbox 1203 3678 1266 3739; x_wconf 90' lang='lat' dir='ltr'>seq.</span> 
     </span>
    </p>
   </div>
   <div class='ocr_carea' id='block_1_6' title="bbox 42 3744 1639 3837">
    <p class='ocr_par' dir='ltr' id='par_1_6' title="bbox 42 3744 1639 3837">
     <span class='ocr_line' id='line_1_39' title="bbox 42 3744 1639 3837; baseline -0.01 -15"><span class='ocrx_word' id='word_1_402' title='bbox 42 3744 51 3759; x_wconf 70' lang='lat'><em>⁰</em></span> <span class='ocrx_word' id='word_1_403' title='bbox 165 3749 888 3830; x_wconf 55' lang='grc'><strong>(1443444841443444384041134444444444404114444</strong></span> <span class='ocrx_word' id='word_1_404' title='bbox 984 3753 1115 3817; x_wconf 80' lang='grc' dir='ltr'><strong>Μ434344</strong></span> <span class='ocrx_word' id='word_1_405' title='bbox 1136 3752 1312 3819; x_wconf 84' lang='lat' dir='ltr'>Poecientus</span> <span class='ocrx_word' id='word_1_406' title='bbox 1330 3755 1359 3812; x_wconf 93' lang='grc'><strong>43</strong></span> <span class='ocrx_word' id='word_1_407' title='bbox 1376 3756 1523 3837; x_wconf 83' lang='lat' dir='ltr'>catalogo</span> <span class='ocrx_word' id='word_1_408' title='bbox 1544 3755 1639 3830; x_wconf 87' lang='lat' dir='ltr'>scripte-</span> 
     </span>
    </p>
   </div>
   <div class='ocr_carea' id='block_1_7' title="bbox 167 3842 1637 4670">
    <p class='ocr_par' dir='ltr' id='par_1_7' title="bbox 167 3842 1282 3922">
     <span class='ocr_line' id='line_1_40' title="bbox 167 3842 1282 3922; baseline -0.004 -19"><span class='ocrx_word' id='word_1_409' title='bbox 167 3848 345 3922; x_wconf 88' lang='lat' dir='ltr'>scriptorum</span> <span class='ocrx_word' id='word_1_410' title='bbox 360 3843 469 3901; x_wconf 84' lang='lat' dir='ltr'>reterre</span> <span class='ocrx_word' id='word_1_411' title='bbox 487 3846 526 3902; x_wconf 92' lang='lat' dir='ltr'><strong>sit</strong></span> <span class='ocrx_word' id='word_1_412' title='bbox 545 3843 646 3902; x_wconf 85' lang='lat' dir='ltr'>labor:</span> <span class='ocrx_word' id='word_1_413' title='bbox 662 3844 724 3920; x_wconf 91' lang='lat' dir='ltr'>ipse</span> <span class='ocrx_word' id='word_1_414' title='bbox 742 3844 832 3902; x_wconf 91' lang='lat' dir='ltr'>etiam</span> <span class='ocrx_word' id='word_1_415' title='bbox 850 3842 888 3901; x_wconf 88' lang='lat' dir='ltr'><strong>de</strong></span> <span class='ocrx_word' id='word_1_416' title='bbox 943 3868 1009 3909; x_wconf 71' lang='lat' dir='ltr'>rum</span> <span class='ocrx_word' id='word_1_417' title='bbox 1028 3850 1282 3909; x_wconf 67' lang='lat' dir='ltr'>Florentinum,</span> 
     </span>
    </p>

    <p class='ocr_par' dir='ltr' id='par_1_8' title="bbox 167 3933 1637 4481">
     <span class='ocr_line' id='line_1_41' title="bbox 167 3933 1636 4017; baseline -0.005 -22"><span class='ocrx_word' id='word_1_418' title='bbox 167 3955 200 3995; x_wconf 92' lang='lat' dir='ltr'><strong>se</strong></span> <span class='ocrx_word' id='word_1_419' title='bbox 228 3940 255 3995; x_wconf 90' lang='lat' dir='ltr'><strong>in</strong></span> <span class='ocrx_word' id='word_1_420' title='bbox 284 3942 467 3994; x_wconf 88' lang='lat' dir='ltr'>testamento</span> <span class='ocrx_word' id='word_1_421' title='bbox 496 3953 550 3997; x_wconf 91' lang='lat' dir='ltr'><strong>suo</strong></span> <span class='ocrx_word' id='word_1_422' title='bbox 572 3935 731 3995; x_wconf 89' lang='lat' dir='ltr'>Petrarcha</span> <span class='ocrx_word' id='word_1_423' title='bbox 755 3943 786 3995; x_wconf 91' lang='lat' dir='ltr'><strong>et</strong></span> <span class='ocrx_word' id='word_1_424' title='bbox 813 3933 887 3993; x_wconf 90' lang='lat' dir='ltr'>libro</span> <span class='ocrx_word' id='word_1_425' title='bbox 982 3941 1118 4002; x_wconf 70' lang='grc'><strong>44344334</strong></span> <span class='ocrx_word' id='word_1_426' title='bbox 1136 3938 1323 4002; x_wconf 82' lang='lat' dir='ltr'>schroedern</span> <span class='ocrx_word' id='word_1_427' title='bbox 1342 3942 1371 3999; x_wconf 89' lang='lat' dir='ltr'><strong>in</strong></span> <span class='ocrx_word' id='word_1_428' title='bbox 1393 3942 1571 4017; x_wconf 80' lang='lat' dir='ltr'>Petrarchae</span> <span class='ocrx_word' id='word_1_429' title='bbox 1585 3938 1636 3994; x_wconf 84' lang='grc'><strong>4143.</strong></span> 
     </span>
     <span class='ocr_line' id='line_1_42' title="bbox 168 4027 1637 4114; baseline -0.005 -26"><span class='ocrx_word' id='word_1_430' title='bbox 168 4030 274 4088; x_wconf 83' lang='lat' dir='ltr'>XVlll.</span> <span class='ocrx_word' id='word_1_431' title='bbox 290 4029 488 4103; x_wconf 81' lang='lat' dir='ltr'>Epistolarum</span> <span class='ocrx_word' id='word_1_432' title='bbox 502 4030 642 4090; x_wconf 88' lang='lat' dir='ltr'>senilium</span> <span class='ocrx_word' id='word_1_433' title='bbox 662 4037 691 4087; x_wconf 88' lang='grc'><strong>34</strong></span> <span class='ocrx_word' id='word_1_434' title='bbox 709 4029 760 4088; x_wconf 90' lang='grc'><strong>443.</strong></span> <span class='ocrx_word' id='word_1_435' title='bbox 776 4029 838 4088; x_wconf 84' lang='lat' dir='ltr'>XV.</span> <span class='ocrx_word' id='word_1_436' title='bbox 857 4030 884 4088; x_wconf 84' lang='lat'>5.</span> <span class='ocrx_word' id='word_1_437' title='bbox 981 4035 1179 4114; x_wconf 80' lang='lat' dir='ltr'>Hieronymus</span> <span class='ocrx_word' id='word_1_438' title='bbox 1197 4032 1472 4113; x_wconf 75' lang='lat' dir='ltr'>quartzofichus,</span> <span class='ocrx_word' id='word_1_439' title='bbox 1493 4027 1637 4096; x_wconf 77' lang='lat' dir='ltr'>Alexandri-</span> 
     </span>
     <span class='ocr_line' id='line_1_43' title="bbox 167 4118 1636 4197; baseline -0.003 -16"><span class='ocrx_word' id='word_1_440' title='bbox 167 4120 204 4181; x_wconf 90' lang='lat' dir='ltr'><strong>ad</strong></span> <span class='ocrx_word' id='word_1_441' title='bbox 216 4118 381 4180; x_wconf 87' lang='lat' dir='ltr'>Gerardum</span> <span class='ocrx_word' id='word_1_442' title='bbox 401 4121 520 4178; x_wconf 89' lang='grc'><strong>44344343</strong></span> <span class='ocrx_word' id='word_1_443' title='bbox 540 4139 736 4197; x_wconf 86' lang='lat' dir='ltr'>germanum,</span> <span class='ocrx_word' id='word_1_444' title='bbox 756 4137 811 4180; x_wconf 88' lang='lat' dir='ltr'><strong>nee</strong></span> <span class='ocrx_word' id='word_1_445' title='bbox 828 4138 884 4180; x_wconf 86' lang='grc'><strong>334.</strong></span> <span class='ocrx_word' id='word_1_446' title='bbox 942 4146 1000 4188; x_wconf 89' lang='grc'><strong>333</strong></span> <span class='ocrx_word' id='word_1_447' title='bbox 1025 4130 1053 4185; x_wconf 89' lang='grc'><strong>43</strong></span> <span class='ocrx_word' id='word_1_448' title='bbox 1073 4130 1133 4187; x_wconf 92' lang='lat' dir='ltr'>vita</span> <span class='ocrx_word' id='word_1_449' title='bbox 1152 4126 1329 4187; x_wconf 88' lang='lat' dir='ltr'>Petrarchae</span> <span class='ocrx_word' id='word_1_450' title='bbox 1347 4127 1384 4187; x_wconf 91' lang='lat' dir='ltr'><strong>ad</strong></span> <span class='ocrx_word' id='word_1_451' title='bbox 1415 4130 1536 4189; x_wconf 90' lang='lat' dir='ltr'>Petrum</span> <span class='ocrx_word' id='word_1_452' title='bbox 1554 4126 1636 4185; x_wconf 76' lang='grc'><strong>63443·</strong></span> 
     </span>
     <span class='ocr_line' id='line_1_44' title="bbox 169 4210 1634 4300; baseline -0.006 -25"><span class='ocrx_word' id='word_1_453' title='bbox 169 4215 247 4275; x_wconf 83' lang='lat' dir='ltr'>xvt.</span> <span class='ocrx_word' id='word_1_454' title='bbox 266 4215 292 4272; x_wconf 91' lang='lat' dir='ltr'><strong>l.</strong></span> <span class='ocrx_word' id='word_1_455' title='bbox 309 4211 357 4271; x_wconf 91' lang='lat' dir='ltr'><strong>ubi</strong></span> <span class='ocrx_word' id='word_1_456' title='bbox 370 4210 407 4269; x_wconf 92' lang='lat' dir='ltr'><strong>de</strong></span> <span class='ocrx_word' id='word_1_457' title='bbox 424 4210 532 4270; x_wconf 89' lang='lat' dir='ltr'>studiis</span> <span class='ocrx_word' id='word_1_458' title='bbox 550 4217 614 4272; x_wconf 91' lang='lat' dir='ltr'>suis</span> <span class='ocrx_word' id='word_1_459' title='bbox 631 4214 713 4272; x_wconf 91' lang='lat' dir='ltr'>etde</span> <span class='ocrx_word' id='word_1_460' title='bbox 733 4217 837 4275; x_wconf 89' lang='lat' dir='ltr'>Patre:</span> <span class='ocrx_word' id='word_1_461' title='bbox 857 4221 887 4272; x_wconf 92' lang='grc'><strong>34</strong></span> <span class='ocrx_word' id='word_1_462' title='bbox 942 4238 1070 4292; x_wconf 84' lang='lat' dir='ltr'>renum,</span> <span class='ocrx_word' id='word_1_463' title='bbox 1090 4219 1168 4279; x_wconf 86' lang='lat' dir='ltr'>edita</span> <span class='ocrx_word' id='word_1_464' title='bbox 1189 4219 1224 4279; x_wconf 83' lang='grc' dir='ltr'><strong>Α.</strong></span> <span class='ocrx_word' id='word_1_465' title='bbox 1243 4220 1329 4279; x_wconf 86' lang='grc'><strong>4191.</strong></span> <span class='ocrx_word' id='word_1_466' title='bbox 1349 4226 1380 4278; x_wconf 90' lang='grc'><strong>34</strong></span> <span class='ocrx_word' id='word_1_467' title='bbox 1397 4222 1519 4300; x_wconf 87' lang='grc'><strong>3333433</strong></span> <span class='ocrx_word' id='word_1_468' title='bbox 1536 4211 1634 4298; x_wconf 80' lang='lat' dir='ltr'>praeire</span> 
     </span>
     <span class='ocr_line' id='line_1_45' title="bbox 169 4301 1634 4392; baseline -0.009 -23"><span class='ocrx_word' id='word_1_469' title='bbox 169 4308 218 4369; x_wconf 89' lang='lat' dir='ltr'>lib.</span> <span class='ocrx_word' id='word_1_470' title='bbox 236 4310 263 4367; x_wconf 94' lang='grc'><strong>1.</strong></span> <span class='ocrx_word' id='word_1_471' title='bbox 280 4304 482 4382; x_wconf 82' lang='lat' dir='ltr'>Epistularum</span> <span class='ocrx_word' id='word_1_472' title='bbox 501 4309 633 4364; x_wconf 87' lang='lat' dir='ltr'>carmine</span> <span class='ocrx_word' id='word_1_473' title='bbox 648 4310 827 4385; x_wconf 87' lang='lat' dir='ltr'>scriptarum</span> <span class='ocrx_word' id='word_1_474' title='bbox 850 4307 886 4366; x_wconf 90' lang='lat' dir='ltr'><strong>ad</strong></span> <span class='ocrx_word' id='word_1_475' title='bbox 942 4313 1082 4390; x_wconf 88' lang='lat' dir='ltr'>operibus</span> <span class='ocrx_word' id='word_1_476' title='bbox 1099 4319 1147 4387; x_wconf 85' lang='lat' dir='ltr'><strong>,et</strong></span> <span class='ocrx_word' id='word_1_477' title='bbox 1164 4312 1326 4390; x_wconf 88' lang='lat' dir='ltr'>separatim</span> <span class='ocrx_word' id='word_1_478' title='bbox 1340 4329 1438 4391; x_wconf 90' lang='lat' dir='ltr'>nuper</span> <span class='ocrx_word' id='word_1_479' title='bbox 1456 4313 1570 4392; x_wconf 86' lang='lat' dir='ltr'>vulgata</span> <span class='ocrx_word' id='word_1_480' title='bbox 1585 4301 1634 4365; x_wconf 85' lang='grc'><strong>314.</strong></span> 
     </span>
     <span class='ocr_line' id='line_1_46' title="bbox 167 4395 1264 4481; baseline -0.005 -21"><span class='ocrx_word' id='word_1_481' title='bbox 167 4399 312 4462; x_wconf 89' lang='grc'><strong>43333343</strong></span> <span class='ocrx_word' id='word_1_482' title='bbox 324 4396 362 4456; x_wconf 88' lang='lat' dir='ltr'><strong>da</strong></span> <span class='ocrx_word' id='word_1_483' title='bbox 380 4395 526 4456; x_wconf 85' lang='lat' dir='ltr'>Columna</span> <span class='ocrx_word' id='word_1_484' title='bbox 545 4405 577 4456; x_wconf 91' lang='lat' dir='ltr'><strong>et</strong></span> <span class='ocrx_word' id='word_1_485' title='bbox 591 4398 627 4457; x_wconf 90' lang='lat' dir='ltr'><strong>ad</strong></span> <span class='ocrx_word' id='word_1_486' title='bbox 646 4402 791 4476; x_wconf 86' lang='lat' dir='ltr'>seipsum.</span> <span class='ocrx_word' id='word_1_487' title='bbox 811 4400 887 4473; x_wconf 79' lang='grc'><strong>44144,</strong></span> <span class='ocrx_word' id='word_1_488' title='bbox 942 4409 1068 4468; x_wconf 70' lang='lat' dir='ltr'>flenrtco</span> <span class='ocrx_word' id='word_1_489' title='bbox 1086 4405 1220 4481; x_wconf 65' lang='lat' dir='ltr'>acuero,</span> <span class='ocrx_word' id='word_1_490' title='bbox 1235 4405 1264 4464; x_wconf 82' lang='lat'><strong>8,</strong></span> 
     </span>
    </p>

    <p class='ocr_par' dir='ltr' id='par_1_9' title="bbox 169 4488 1629 4670">
     <span class='ocr_line' id='line_1_47' title="bbox 169 4488 1629 4578; baseline -0.003 -23"><span class='ocrx_word' id='word_1_491' title='bbox 169 4501 289 4575; x_wconf 90' lang='lat' dir='ltr'>praeter</span> <span class='ocrx_word' id='word_1_492' title='bbox 317 4493 497 4566; x_wconf 88' lang='lat' dir='ltr'>interpretes</span> <span class='ocrx_word' id='word_1_493' title='bbox 514 4490 683 4551; x_wconf 90' lang='lat' dir='ltr'>Italicorum</span> <span class='ocrx_word' id='word_1_494' title='bbox 713 4492 889 4552; x_wconf 88' lang='lat' dir='ltr'>Petrarchae</span> <span class='ocrx_word' id='word_1_495' title='bbox 980 4501 1025 4557; x_wconf 89' lang='grc'><strong>43.</strong></span> <span class='ocrx_word' id='word_1_496' title='bbox 1055 4497 1207 4578; x_wconf 82' lang='lat' dir='ltr'>Philippus</span> <span class='ocrx_word' id='word_1_497' title='bbox 1232 4498 1427 4560; x_wconf 84' lang='lat' dir='ltr'>Themesiuus</span> <span class='ocrx_word' id='word_1_498' title='bbox 1447 4504 1475 4559; x_wconf 91' lang='grc'><strong>43</strong></span> <span class='ocrx_word' id='word_1_499' title='bbox 1505 4488 1629 4559; x_wconf 74' lang='lat' dir='ltr'>tetrante</span> 
     </span>
     <span class='ocr_line' id='line_1_48' title="bbox 170 4581 1370 4670; baseline -0.006 -21"><span class='ocrx_word' id='word_1_500' title='bbox 170 4594 358 4670; x_wconf 76' lang='lat' dir='ltr'>poematum,</span> <span class='ocrx_word' id='word_1_501' title='bbox 371 4581 522 4644; x_wconf 89' lang='lat' dir='ltr'>Placidum</span> <span class='ocrx_word' id='word_1_502' title='bbox 539 4585 751 4659; x_wconf 87' lang='lat' dir='ltr'>Catanusium,</span> <span class='ocrx_word' id='word_1_503' title='bbox 766 4587 891 4644; x_wconf 83' lang='lat' dir='ltr'>bernar·</span> <span class='ocrx_word' id='word_1_504' title='bbox 943 4593 1096 4663; x_wconf 57' lang='lat' dir='ltr'>redissem</span> <span class='ocrx_word' id='word_1_505' title='bbox 1115 4593 1217 4652; x_wconf 73' lang='lat' dir='ltr'>patav,</span> <span class='ocrx_word' id='word_1_506' title='bbox 1237 4593 1323 4653; x_wconf 82' lang='grc'><strong>4653,</strong></span> <span class='ocrx_word' id='word_1_507' title='bbox 1344 4594 1370 4652; x_wconf 72' lang='lat' dir='ltr'><strong>s,</strong></span> 
     </span>
    </p>
   </div>
   <div class='ocr_carea' id='block_1_8' title="bbox 110 4814 1382 4964">
    <p class='ocr_par' dir='ltr' id='par_1_10' title="bbox 110 4814 1382 4964">
     <span class='ocr_line' id='line_1_49' title="bbox 110 4814 1382 4895; baseline 0 -21"><span class='ocrx_word' id='word_1_508' title='bbox 110 4814 116 4820; x_wconf 86' lang='grc'><strong>’</strong></span> <span class='ocrx_word' id='word_1_509' title='bbox 212 4825 238 4887; x_wconf 89' lang='grc'><strong>3)</strong></span> <span class='ocrx_word' id='word_1_510' title='bbox 254 4826 404 4877; x_wconf 81' lang='grc'><strong>1434333333</strong></span> <span class='ocrx_word' id='word_1_511' title='bbox 419 4825 445 4876; x_wconf 85' lang='lat' dir='ltr'><strong>d’</strong></span> <span class='ocrx_word' id='word_1_512' title='bbox 456 4824 546 4889; x_wconf 71' lang='lat' dir='ltr'>ttgtdto</span> <span class='ocrx_word' id='word_1_513' title='bbox 564 4827 678 4886; x_wconf 75' lang='lat' dir='ltr'>benagio</span> <span class='ocrx_word' id='word_1_514' title='bbox 696 4837 724 4886; x_wconf 89' lang='lat' dir='ltr'><strong>p.</strong></span> <span class='ocrx_word' id='word_1_515' title='bbox 742 4825 800 4875; x_wconf 76' lang='grc'><strong>344.</strong></span> <span class='ocrx_word' id='word_1_516' title='bbox 833 4827 893 4872; x_wconf 83' lang='grc'><strong>344·</strong></span> <span class='ocrx_word' id='word_1_517' title='bbox 938 4834 984 4883; x_wconf 70' lang='lat' dir='ltr'>pu,</span> <span class='ocrx_word' id='word_1_518' title='bbox 1000 4841 1055 4895; x_wconf 66' lang='lat'><strong>⁹⁰⁵²</strong></span> <span class='ocrx_word' id='word_1_519' title='bbox 1073 4838 1254 4882; x_wconf 56' lang='lat' dir='ltr'>testamentum</span> <span class='ocrx_word' id='word_1_520' title='bbox 1271 4831 1382 4892; x_wconf 69' lang='lat' dir='ltr'>tegatur.</span> 
     </span>
     <span class='ocr_line' id='line_1_50' title="bbox 163 4901 876 4964; baseline -0.003 -12"><span class='ocrx_word' id='word_1_521' title='bbox 163 4902 283 4963; x_wconf 76' lang='lat' dir='ltr'>vllegium</span> <span class='ocrx_word' id='word_1_522' title='bbox 298 4902 395 4951; x_wconf 86' lang='grc'><strong>43444333</strong></span> <span class='ocrx_word' id='word_1_523' title='bbox 413 4901 561 4952; x_wconf 75' lang='grc'><strong>4344343333</strong></span> <span class='ocrx_word' id='word_1_524' title='bbox 580 4902 658 4949; x_wconf 87' lang='grc'><strong>344343</strong></span> <span class='ocrx_word' id='word_1_525' title='bbox 676 4903 701 4948; x_wconf 90' lang='lat' dir='ltr'>tn</span> <span class='ocrx_word' id='word_1_526' title='bbox 715 4904 876 4964; x_wconf 78' lang='grc'><strong>3343413344·</strong></span> 
     </span>
    </p>
   </div>
   <div class='ocr_carea' id='block_1_9' title="bbox 0 0 1707 5362">
    <p class='ocr_par' dir='ltr' id='par_1_11' title="bbox 0 0 1707 5362">
     <span class='ocr_line' id='line_1_51' title="bbox 0 0 1707 5362; baseline 0 0"><span class='ocrx_word' id='word_1_527' title='bbox 0 0 1707 5362; x_wconf 95' lang='lat' dir='ltr'><strong> </strong></span> 
     </span>
    </p>
   </div>
  </div>
 </body>
</html>
