3368 5362
163 182 222 242 430
787 178 1033 241 HUFtNUS

202 288 252 347 24.
273 286 353 344 Vitae
372 287 507 344 Petram.
527 287 557 343 ln
576 284 703 343 editione
734 287 878 365 44004404-
932 289 1152 349 citurlatinum
1165 290 1258 350 buius
1271 296 1355 369 operi
1370 296 1649 372 interpretematiun

162 379 192 438 di
216 386 319 439 nostro
341 379 515 438 tribuuntur
532 375 605 435 liber
621 377 655 436 44.
677 380 728 456 qui
758 380 876 441 Palladii
930 381 1069 441 0144444οο
1086 383 1277 458 querendum
1295 402 1377 447 esse.
1394 389 1443 448 Ex
1457 388 1505 449 bis
1520 392 1648 453 omnibns

162 471 325 532 Historiam
345 472 537 543 Lausiacam,
554 477 583 528 et
603 468 726 544 tertius,
743 475 794 550 qui
818 473 878 533 He·
932 474 1119 534 inferendum
1148 473 1356 554 Antiquitatas
1383 480 1530 543 iudaicus
1560 484 1646 545 latinis

160 566 290 626 reclidoe
307 562 479 624 Paradisum
491 564 634 621 continet.
654 563 738 623 Adde
755 565 878 626 Roswe-
933 568 1040 627 litteris
1057 565 1183 627 traditas
1199 584 1278 646 opus
1295 571 1448 632 Authoris
1466 590 1537 634 esse
1554 575 1646 637 44444440

161 659 211 736 ydi
228 657 387 733 Prolegom.
407 656 443 714 Χ.
933 662 1128 736 recentioris;
1144 663 1318 722 versionem
1337 672 1444 725 autem
1463 665 1501 725 de
1516 668 1594 728 Bello
1606 672 1647 731 tu·

200 751 248 809 22.
272 747 412 826 Greporii
427 747 559 809 vitamS
584 747 719 825 l’biteue,
742 751 881 832 Episcopi
933 751 1017 813 daico
1037 770 1108 813 num
1125 753 1224 814 44444404
1243 757 1285 814 sit
1303 756 1417 836 ambigi
1438 760 1544 818 merito
1564 777 1646 838 posse.

161 840 332 902 Tbmuiloni
355 847 385 900 et
408 840 557 901 sociorum
585 846 778 920 recognovit,
800 862 877 923 quac
972 844 1173 906 Describeoda
1191 863 1273 906 nunc
1291 850 1378 907 venit
1396 849 1555 927 splendida
1570 852 1644 912 editio

156 934 234 995 edita
253 936 343 992 estin
359 933 443 994 Actis
462 935 640 994 Sanctorum
671 942 744 996 tom.
763 938 773 997 l
792 938 876 998 Febr.
933 939 1118 997 Veronensis
1147 955 1273 1015 operum
1298 939 1400 1000 Rufini
1421 957 1482 1000 non
1500 947 1645 1004 autemut·

157 1044 223 1106 pag.
246 1028 313 1087 idi.
932 1037 980 1090 tos
996 1046 1091 1091 annos
1109 1048 1125 1090 a
1142 1030 1189 1090 ΕΙ.
1205 1032 1292 1091 Dom.
1311 1031 1462 1093 Vallorsio
1473 1034 1576 1095 Veron.
1591 1038 1645 1097 ere

195 1120 243 1179 93.
262 1120 419 1199 Xystisive
431 1122 516 1181 sexti
532 1120 705 1201 Philosophi
716 1124 877 1183 sententiae
931 1122 1053 1199 sbytcro
1070 1131 1173 1182 curata
1202 1125 1293 1184 cuius
1311 1131 1334 1182 t.
1355 1127 1366 1186 4
1392 1125 1507 1203 prodiit
1532 1128 1643 1189 verona

115 1267 117 1271 ,
155 1213 294 1275 04404400
310 1230 415 1274 404000
433 1221 529 1288 0004,
559 1214 726 1292 dequibus
750 1216 875 1277 4044040
935 1216 1579 1280 l7t5.alterumverononsinevotornm
1597 1221 1643 1279 sol·

156 1308 274 1386 llpstus.
420 1326 424 1333 ·
933 1308 1308 1387 licitudineexpectamus.
1327 1310 1642 1373 Praeceditomoialtu·

193 1400 241 1458 ut.
262 1401 302 1458 De
318 1395 390 1458 bono
403 1398 489 1478 pacis
504 1399 596 1459 libros
614 1400 691 1461 duos
709 1401 807 1462 Rufini
824 1402 877 1461 So·
932 1402 982 1460 imi
1000 1402 1067 1460 Vita
1086 1418 1104 1461 a
1120 1402 1156 1460 V.
1173 1399 1205 1461 C.
1225 1402 1400 1462 Fontanino
1427 1403 1589 1480 adornate,
1609 1412 1642 1465 st-

158 1495 222 1554 40444
241 1494 362 1551 nomine
382 1491 477 1569 (torte
498 1492 609 1552 Torani
630 1495 775 1572 scriptum
801 1494 876 1570 tuit)
931 1511 991 1572 quo
1022 1496 1051 1552 in
1081 1496 1148 1555 eius
1175 1494 1299 1554 historie
1319 1493 1510 1572 Aquileiensi
1533 1500 1639 1569 inserte,

154 1602 191 1644 ex
210 1583 282 1644 Bibl.
301 1586 517 1660 tegernseensi
536 1586 637 1661 praelo
651 1595 769 1664 paratos
787 1587 877 1647 habet
932 1586 1100 1664 publioiquc
1115 1587 1394 1665 jurispostobitum
1413 1588 1558 1650 dutboris
1572 1590 1638 1650 taen

151 1676 251 1737 Celeb.
279 1676 450 1737 bernardus
478 1679 603 1751 Penius,
633 1687 721 1758 prout
751 1681 815 1757 ipse
832 1686 875 1739 te·
931 1681 1029 1741 Vitam
1047 1680 1125 1740 banc
1140 1680 1295 1740 nonnullis
1313 1682 1452 1742 correxit
1476 1681 1637 1743 emendavit·

151 1778 249 1831 statur
284 1771 410 1829 Dissert.
439 1771 589 1847 lsagogioa
624 1771 660 1831 ad
698 1780 813 1833 tomum
851 1773 872 1831 l.
931 1791 991 1851 que
1010 1772 1186 1833 vallarsius.

149 1864 293 1925 Thesauri
321 1861 458 1923 Anecdot
493 1866 651 1924 novissimi
674 1883 702 1943 p.
726 1867 774 1926 44.
973 1867 1055 1927 40404
1079 1866 1178 1927 Rufini
1206 1883 1297 1944 opera
1316 1868 1465 1929 familiam
1483 1868 1632 1930 ducitliber

191 1958 347 2017 Perierunt
365 1956 443 2016 iltius
464 1957 616 2033 quaedam
638 1976 653 2017 a
678 1958 833 2020 Gennadio
845 1976 871 2019 c.
930 1958 967 2019 de
980 1955 1228 2019 benedictionibus
1247 1959 1584 2024 Patrrarcbarumcum
1597 1978 1634 2021 oo

154 2050 202 2110 47.
223 2056 409 2120 memorata,
433 2057 466 2108 04
487 2055 561 2109 sunt
574 2069 581 2109 :
595 2050 765 2112 Sententiae
784 2052 874 2112 Pam·
929 2054 968 2111 tis
984 2052 1022 2111 ct.
1040 2051 1162 2112 editoris
1179 2054 1368 2115 recensitum
1388 2054 1429 2114 ad
1448 2054 1521 2119 God.
1536 2053 1586 2117 ss
1600 2055 1632 2115 444

151 2141 229 2222 pbili
247 2142 398 2221 Martyris
408 2142 556 2204 aduersus
570 2143 806 2220 tlatlrematicos,
817 2146 874 2220 (vi-
928 2144 1030 2204 bliotb.
1045 2146 1250 2206 Bononiensis.

153 2236 190 2296 de
213 2234 307 2295 Henr.
328 2233 417 2295 Naris
440 2234 562 2297 dissert.
583 2235 621 2295 de
643 2237 765 2313 Synodo
787 2240 819 2298 V.
845 2257 874 2317 p.
970 2239 999 2296 2.
1019 2237 1259 2299 Commentarius
1277 2240 1310 2297 in
1331 2238 1511 2320 Symbolum
1538 2241 1630 2320 sporn

156 2331 233 2403 404.)
255 2327 407 2406 Epistulae
433 2329 562 2403 variae,
591 2330 743 2391 lrraectioa
766 2330 875 2393 odom·
928 2328 1025 2389 lorum
1049 2330 1085 2390 ad
1108 2331 1297 2391 belutianem
1316 2331 1485 2395 editionem
1506 2338 1617 2393 exactos

155 2438 209 2482 sus
229 2422 443 2503 Hieronymum
454 2423 561 2504 prior,
597 2423 726 2502 Eooprii
756 2424 875 2484 Pontici
969 2423 1141 2483 3.Historia
1152 2422 1369 2483 Menaenorum
1381 2432 1412 2485 et
1421 2426 1531 2486 ttinere
1538 2420 1631 2503 perAE·

156 2514 316 2596 Opascula
351 2518 448 2578 Etiam
479 2534 496 2576 e
528 2520 632 2578 Latino
665 2520 692 2576 in
724 2520 871 2580 Graecum
924 2514 1438 2594 mptumS.PetroniiBononiensis
1457 2516 1629 2578 0004400404-

155 2610 303 2689 quaedam
324 2612 452 2670 vertisse
475 2617 606 2671 testatur
627 2613 829 2689 Hieronymus
850 2620 869 2671 t.
927 2616 1026 2685 ptaex
1041 2609 1171 2668 editione
1184 2608 1413 2686 Rosweydiana
1426 2614 1629 2688 repraesentata.

155 2705 189 2765 n.
211 2722 239 2782 p.
263 2704 328 2764 465.
968 2703 995 2760 4.
1008 2702 1073 2760 Duo
1085 2700 1237 2761 Historiae
1257 2699 1494 2763 Eccbsiosticae
1508 2699 1629 2761 librieon

195 2795 346 2869 Quosdam
369 2798 547 2871 Sermones,
568 2799 677 2856 Zenoni
705 2798 870 2857 Veronensi
926 2793 1005 2855 MSS.
1033 2794 1194 2856 Codicibus
1225 2797 1408 2872 comparati.
1430 2794 1564 2856 Habendi
1581 2798 1630 2853 sont

156 2891 247 2967 vulgo
268 2889 416 2959 tributos,
440 2890 538 2949 Rufini
572 2907 661 2965 esse,
685 2892 712 2950 in
741 2889 872 2950 editione
927 2887 976 2947 bic
989 2887 1116 2949 lectores
1133 2887 1261 2948 studiosi
1279 2887 1441 2948 historiam
1458 2888 1534 2950 banc
1546 2886 1631 2947 tinini.

155 2983 280 3043 Zenonis
309 2984 515 3043 recentissima
543 2982 743 3043 ostenderunt
769 2986 875 3043 Petrus
928 2976 1019 3058 atquc
1043 2997 1100 3041 una
1125 2982 1236 3058 pariter
1264 2988 1361 3041 totam
1392 2984 1464 3044 eius
1490 2983 1631 3042 versionem

155 3085 184 3135 et
198 3078 303 3136 llieron
329 3075 467 3135 ballerini
482 3077 598 3137 iratres.
610 3077 719 3136 Veron.
746 3076 834 3137 4739.
855 3076 874 3135 4.
928 3075 1074 3133 4440404400
1091 3074 1328 3133 Ecclesiasticus
1346 3075 1474 3135 Eusebii
1501 3072 1629 3136 estana

195 3168 211 3202 ⁸
228 3170 271 3228 De
288 3183 411 3245 operum
430 3169 562 3246 losepbi,
573 3186 653 3247 qnae
666 3168 877 3248 4043040400-
932 3166 1141 3225 vetustissimo
1156 3165 1266 3227 rtodtce
1283 3165 1483 3228 cathedralis
1510 3162 1633 3225 1400404444

152 3267 203 3322 404
229 3277 246 3321 a
273 3259 381 3320 Rufino
400 3278 498 3333 versa,
528 3262 724 3322 translatione
756 3264 875 3340 egregio
932 3260 1079 3319 Lucensis
1094 3265 1230 3337 tempore
1247 3259 1346 3319 Caroli
1361 3260 1464 3336 Magni
1480 3252 1633 3335 scriptoqti

139 3360 378 3427 ,commentatus
395 3362 442 3413 cst
460 3357 517 3415 vir.
534 3355 572 3414 cl.
590 3358 771 3416 bturatorius
792 3355 877 3415 Anti·
930 3367 1003 3411 sane
1035 3351 1152 3410 consoli
1182 3359 1339 3428 meretur,
1364 3358 1400 3412 444
1427 3368 1465 3411 eo
1495 3354 1632 3411 4040404444

153 3449 229 3524 quit.
244 3453 263 3505 t.
284 3446 322 3505 444
342 3464 368 3523 p.
388 3447 456 3507 948.
476 3448 600 3507 Certum
621 3447 669 3508 ille
693 3449 778 3526 ponit
806 3448 879 3507 Cas·
932 3443 1055 3503 historia
1075 3446 1132 3503 isto
1149 3442 1301 3503 reddetur.

152 3538 260 3600 siodori
278 3545 377 3598 aetate
395 3539 600 3617 Antiquitates
617 3539 760 3600 iudaicus
778 3541 879 3600 latini·
972 3538 1002 3598 5.
1020 3533 1108 3597 dibri
1119 3536 1301 3617 Apolopetici
1312 3535 1373 3597 dua
1391 3538 1545 3599 aduersus
1556 3535 1634 3596 Hiem-

155 3639 217 3693 tate
234 3632 361 3691 donatas
376 3633 489 3705 luisse,
507 3632 612 3691 eodem
631 3632 811 3693 cassiodoro
834 3636 879 3692 in·
933 3645 1057 3709 npmmn
1068 3630 1230 3690 subiuncta
1241 3628 1389 3709 Apolopia
1404 3631 1449 3690 044
1460 3627 1633 3691 Amasin

113 3743 115 3746 ’
155 3731 275 3796 stante,
295 3728 328 3782 ut
348 3726 412 3809 ipsc
430 3730 560 3785 testatur
584 3726 682 3785 instit.
711 3727 776 3785 biv.
790 3727 879 3785 liter.
972 3723 1115 3783 Succedit
1132 3721 1180 3781 his
1196 3720 1347 3799 appendis
1365 3723 1461 3784 dubia
1483 3731 1570 3801 atque
1586 3731 1635 3794 spu

155 3832 181 3875 c.
202 3816 248 3876 47.
266 3832 357 3893 qoam
382 3819 508 3892 primam
539 3818 632 3879 tuisse
660 3820 759 3895 operis
789 3817 879 3877 huius
932 3818 1164 3877 riacontinens.
1183 3817 1302 3876 Primus
1328 3819 1470 3877 omnium
1489 3810 1635 3875 0000444444

156 3909 326 3968 versionem
351 3925 389 3970 044
411 3926 446 3970 00
469 3917 609 3982 constat,
628 3911 707 3988 quod
736 3912 774 3971 ab
801 3914 879 3971 anti·
934 3906 1174 3973 Commentarius
1189 3907 1220 3966 in
1237 3908 1277 3966 75
1290 3905 1418 3984 priores
1439 3902 1635 3968 Psalmis

157 4002 263 4077 quiore
281 4003 425 4078 scriptore
442 4004 622 4064 translatum
643 4020 730 4063 nemo
748 4020 877 4064 unusex
934 4002 1051 4062 tborem
1071 4001 1162 4061 buius
1178 3999 1315 4078 opusculi
1334 4016 1526 4078 quamquam
1541 3999 1633 4067 tneor

156 4091 312 4150 veteribus
324 4109 468 4170 umquam
482 4094 567 4170 dixrt3
581 4114 636 4158 nee
648 4098 879 4158 vetustissimus
935 4113 1017 4157 mum
1035 4094 1201 4156 vallarsius
1221 4094 1250 4150 in
1269 4092 1461 4153 Praelatione
1480 4091 1635 4165 investigas

155 4181 385 4244 Mediolanensis
401 4186 495 4247 codex
521 4191 572 4266 qai
601 4192 629 4248 in
657 4207 770 4268 papyro
794 4192 881 4267 Aegi·
934 4189 1053 4249 Gallum
1084 4202 1154 4247 esse
1183 4188 1302 4246 natione
1319 4192 1406 4246 certo
1430 4185 1538 4245 indicio
1559 4188 1633 4242 400444

156 4278 217 4355 ptia
245 4277 388 4354 scriptam
417 4278 640 4356 Antiquitatum
661 4282 782 4361 tosepbi
812 4300 880 4341 ver·
934 4299 968 4342 se
987 4280 1273 4352 440400004404,000
1288 4278 1376 4338 400440
1393 4272 1633 4343 atiumesseaite

156 4373 271 4429 sionem
299 4371 456 4441 continet,
475 4371 574 4431 Rufini
601 4391 709 4434 nomen
736 4391 879 4451 umquem
935 4375 1096 4433 'v'incentio
1111 4371 1294 4446 Presbytero
1308 4369 1406 4445 Gallo,
1424 4368 1462 4428 de
1477 4366 1634 4447 quonam·

155 4463 296 4541 praefert.
313 4463 399 4523 Liber
414 4479 486 4522 vero
500 4462 537 4522 de
553 4464 630 4525 bello
641 4466 765 4527 ludoico
779 4473 881 4526 utrum
935 4467 1005 4526 dius
1026 4466 1069 4524 De
1091 4461 1269 4543 scriptorib.
1289 4460 1403 4522 Eccles.
1420 4478 1487 4539 cap.
1504 4459 1550 4519 84.

154 4572 170 4615 0
190 4554 294 4616 Rufino
312 4572 425 4617 versus
441 4558 501 4632 sit,
519 4558 689 4619 cassiodori
712 4563 804 4620 etiam
832 4577 882 4619 00-
975 4559 1003 4616 2.
1019 4557 1052 4616 ln
1065 4565 1128 4617 tres
1140 4558 1271 4617 minores
1284 4555 1449 4633 Prophetas
1466 4544 1632 4623 Oscumln·

156 4655 218 4707 4040
236 4648 450 4726 ambigebatur.
470 4648 565 4710 404400
583 4654 683 4729 potius
698 4670 735 4712 ex
764 4654 882 4713 silentio
937 4649 1012 4724 lem,
1036 4651 1125 4711 simos
1160 4647 1422 4720 Commentarius,
1443 4661 1530 4724 quem
1550 4642 1582 4700 ab
1596 4636 1631 4696 ili

154 4739 309 4813 Gennadii‚
326 4745 377 4818 qui
397 4746 473 4805 inter
486 4761 575 4823 opera
594 4744 693 4805 Rufini
713 4745 790 4805 banc
816 4762 882 4805 ver·
939 4759 1032 4821 spano
1060 4744 1207 4819 scriptore
1231 4739 1357 4813 datum,
1375 4746 1407 4800 et
1427 4739 1501 4799 torte
1524 4751 1540 4795 0
1561 4726 1629 4793 Petit

156 4834 270 4891 sionem
297 4850 488 4910 nequequam
507 4844 664 4905 accenset,
684 4836 771 4913 plane
798 4839 885 4897 evin·
938 4838 1044 4899 040040
1067 4850 1104 4896 es
1122 4836 1294 4895 coniectura
1312 4832 1441 4894 deducit.
