3368 5362
149 179 208 240 146

187 283 432 362 nntwerpiensjs
466 285 552 345 4634.
576 301 611 345 444
641 287 814 346 recensione
837 287 871 346 D.

751 176 1045 240 Nicotaus

924 288 996 343 sunt
1020 279 1244 361 periclerrimoe
1271 283 1625 361 quaestionariutlaicom

148 378 312 439 Leandria
336 378 366 438 S.
388 378 527 450 Martinu,
559 378 765 439 Benedictini:
788 388 819 440 44
842 382 870 439 444
924 373 1082 454 perfidiam
1101 373 1131 432 iu
1147 372 1295 434 catholica
1310 376 1370 455 fiae
1386 375 1592 457 improbantes.

149 469 780 549 8444444444444444444444044444444444.
793 474 869 533 4660
967 466 1107 543 Quaestio
1120 465 1156 526 eie
1169 466 1381 530 iucarnatiane
1394 468 1492 547 Verbi,
1505 471 1631 534 40444444

188 561 395 642 Repertorrum
429 565 494 623 sive
528 563 622 623 Index
653 566 682 623 in
715 563 870 626 Nicolaum
926 557 1067 620 iudaeos.

149 660 304 735 lyranum
322 673 414 735 super
428 656 492 716 Blb.
510 658 708 733 Memmingae
729 657 813 719 1490.
832 658 850 717 4.

967 652 1098 714 libellas
1112 659 1219 715 contro
1233 653 1383 716 Judaeum
1401 656 1588 737 3440440444,
1603 676 1635 719 cs

191 753 233 811 De
255 749 343 828 iiiepi
358 751 424 809 sive
440 748 549 809 Didaci
571 751 682 811 DEZAE
704 749 872 810 defensorio
927 747 999 828 ipsis
1012 744 1114 809 uerbis
1127 746 1285 827 Evangelii
1291 764 1348 809 sec.
1362 749 1547 811 Malliacum
1556 751 1635 814 64444-

150 862 203 923 pro
224 843 337 903 Thema
355 843 506 920 Aquinate
527 842 676 903 adversus
699 845 872 921 lyranum,

147 935 208 998 dixi
232 953 323 1013 supra
346 942 419 994 tom.
441 936 471 995 2.
493 953 558 1014 pag.
582 934 651 995 4443.

927 841 969 902 sti
990 840 1184 902 Divinitatem
1210 840 1334 922 eiusque
1361 841 1531 904 doctrinam
1559 845 1638 932 impu

924 941 1065 1016 quantem
1083 934 1195 997 Prodlit
1211 953 1270 997 uua
1284 953 1354 998 cum
1371 937 1572 1015 praecedente
1582 957 1638 1016 opu·

187 1029 279 1089 804144
300 1045 369 1089 eum
393 1030 503 1106 Lyrani
539 1029 671 1106 glossis,
693 1027 872 1090 Germanice
928 1031 1022 1101 scula,
1039 1029 1076 1090 40
1094 1030 1208 1091 calcem
1238 1029 1390 1091 Postillue.
1408 1030 1550 1107 Lugduni
1567 1031 1638 1093 4539.

62 1136 67 1143 ·
147 1122 275 1182 04444444
298 1124 466 1197 saxonica,
488 1123 597 1183 Lubec.
623 1125 709 1184 li9l.
732 1125 781 1184 iol.

908 1112 1032 1182 ‘Nescio
1051 1123 1174 1182 hoccine
1197 1140 1235 1182 an
1253 1121 1334 1183 aliud
1356 1124 1511 1183 04444444.
1532 1125 1561 1182 44
1581 1122 1638 1183 444444.

189 1216 327 1276 Postillae
350 1216 381 1275 in
403 1213 559 1288 Psalmos,
580 1218 741 1294 separatim
775 1216 873 1277 editae
930 1212 1641 1295 liiienbaehiana:ileproiatiocuiusdamiurlan

149 1312 240 1369 Paris.
263 1308 352 1370 4483.
375 1310 400 1369 4.
420 1316 451 1368 44
469 1313 534 1368 sine
547 1310 601 1369 loci
622 1309 775 1368 notatione
795 1307 872 1370 4497
928 1307 1087 1370 tractantis
1104 1314 1133 1369 et
1159 1308 1294 1370 sonantis
1320 1314 1428 1389 contra
1458 1307 1641 1387 Boumelita

149 1401 199 1460 444.
232 1404 324 1462 Paris.
358 1403 446 1463 4500.
479 1401 572 1480 lugd.
605 1403 692 1463 4509.
728 1402 814 1462 litat.
842 1407 873 1459 et
928 1400 1061 1479 4444444444,
1078 1400 1508 1480 inoppidoiiueierstatitnn.
1529 1402 1609 1463 4384.

150 1492 263 1554 Golltre
284 1497 377 1554 Varis.
397 1495 427 1554 9.
449 1496 512 1554 Vol.
536 1496 562 1554 4.
589 1499 734 1572 regnante
765 1492 872 1557 carolo
969 1494 1232 1573 Praecepurium,
1257 1511 1281 1555 s.
1303 1493 1467 1573 ‘iioepositio
1481 1495 1516 1554 in
1534 1493 1642 1554 Bomio

150 1587 226 1648 Vili.
248 1594 279 1647 et
301 1587 487 1647 Germanice.

925 1603 998 1665 gam
1016 1586 1089 1667 lepis
1103 1586 1229 1648 Diuinae
1246 1589 1385 1664 trivaria,
1401 1589 1550 1665 Lutetiae,
1567 1591 1592 1647 in
1608 1592 1641 1667 ip

187 1681 311 1740 Glossae
331 1681 362 1740 in
379 1679 600 1761 Apocalypsin,
619 1679 753 1740 redditae
773 1678 874 1739 italice
929 1683 972 1738 sis
992 1681 1052 1739 4444
1070 1687 1144 1740 artis
1161 1680 1408 1759 Typographicae
1432 1681 1548 1757 initiis,
1562 1682 1641 1743 literis

147 1789 200 1852 per
233 1773 424 1834 Frederieum
458 1775 678 1846 Venetianum,
713 1771 872 1849 editasque-
927 1773 1065 1834 Gothicis
1082 1773 1299 1847 editum,sine
1315 1775 1387 1835 anm
1404 1777 1569 1835 mentione.
1585 1776 1642 1834 448.

148 1867 227 1925 circa
251 1865 307 1926 An.
331 1867 419 1927 4480.

189 1955 422 2018 Moraiitatesm
443 1959 490 2016 lV.
507 1959 692 2035 Evangelia,
710 1956 873 2018 444444444-

148 2052 246 2127 piae
240 2068 269 2108 44
292 2050 368 2109 444444.
391 2052 493 2129 templi
522 2052 633 2110 Petrini
667 2052 756 2112 huius
786 2050 872 2112 Urbis

148 2141 395 2218 liamburgcnsis.

188 2234 298 2294 ilerum
320 2234 512 2295 ludaicarum
544 2237 680 2314 peritus,
700 2244 733 2296 et
755 2240 787 2298 ii.
816 2238 872 2296 Sa-

147 2324 270 2387 lomonis
281 2327 385 2388 isaaci
399 2331 444 2388 sui
463 2336 593 2389 sectator
610 2329 754 2408 diligens,
773 2333 801 2388 44
816 2330 872 2388 444·

927 1872 958 1924 44
974 1867 1076 1926 Calon.
1096 1865 1184 1925 4497.
1201 1866 1229 1926 8.
1246 1865 1319 1926 Vide
1338 1883 1430 1944 supra
1445 1870 1476 1926 in
1494 1868 1642 1929 4144448400

927 1957 963 2019 oe
983 1958 1135 2018 Vrimerio
1149 1967 1220 2022 tom
1238 1961 1266 2020 3.
1282 1976 1347 2040 pag.
1367 1961 1439 2022 tta.

971 2051 1130 2111 tractatus
1147 2051 1183 2111 ele
1196 2049 1298 2111 i'doaeo
1311 2051 1506 2114 ministrante
1524 2059 1553 2115 et
1562 2052 1642 2114 susci-

922 2144 1021 2225 piente
1051 2147 1105 2206 88.
1137 2144 1255 2205 Altaris
1277 2151 1516 2223 sacramentum.
1547 2146 1642 2208 Pmdiit

927 2256 985 2300 444
1013 2256 1082 2299 cnm
1111 2240 1142 2300 S.
1178 2235 1303 2298 ilomac
1336 2238 1436 2300 libello
1457 2238 1497 2300 de
1525 2239 1637 2301 4444444444

925 2331 1094 2410 4440044444
1115 2338 1147 2390 44
1173 2332 1306 2392 efficacia
1328 2331 1518 2393 Venerabilis
1551 2333 1641 2395 Sacra-

147 2421 221 2479 teris
251 2421 438 2480 Testamenti
461 2424 649 2500 expositione
670 2422 757 2499 longe
779 2437 870 2499 supra
926 2427 1039 2498 menti,
1067 2433 1099 2484 44
1120 2423 1234 2484 incerti
1253 2425 1445 2502 expositione
1481 2422 1639 2485 Dominicae

145 2513 219 2574 alios
242 2516 385 2592 temporis
406 2516 453 2574 sui
487 2517 668 2594 interpretes
699 2517 817 2594 sapuit,
841 2516 869 2572 ln
925 2517 1099 2591 Orationis,
1122 2521 1151 2576 44
1172 2516 1383 2578 Germaniam
1403 2516 1638 2601 i.sineloeivel

144 2609 263 2668 Novum
284 2610 513 2668 Testamentum
537 2611 622 2668 visus
639 2615 689 2668 est
708 2609 794 2685 louge
814 2606 868 2666 mi-

929 2612 1072 2688 temporis
1094 2611 1259 2669 mentione.

145 2717 204 2760 nus
234 2700 340 2777 operae
373 2689 502 2778 pretium
535 2702 663 2762 iecisse:
687 2708 721 2762 ut
752 2700 869 2760 notavit
968 2699 1178 2782 Contemplatio
1195 2700 1231 2761 eie
1260 2700 1325 2761 Vita
1341 2705 1371 2760 et
1387 2699 1488 2763 Gestis
1505 2703 1536 2763 8.
1554 2701 1638 2761 Fran·
1679 2756 1681 2765 .

143 2791 228 2852 Rich.
260 2792 363 2852 Simon
385 2793 434 2852 lii.
458 2794 506 2885 33.
528 2794 598 2853 hist.
631 2792 759 2854 Criticae
791 2791 867 2852 Novi

147 2886 229 2944 Test.
251 2900 316 2961 pag.
341 2884 409 2946 477.
431 2902 493 2962 seq.
509 2893 541 2944 et
561 2885 612 2948 diu
629 2894 700 2946 aute
716 2885 867 2946 Simonem

148 2984 308 3038 monuerat
321 2978 473 3040 Lutherus
496 2986 598 3039 noster
619 2980 655 3041 ad
679 2981 783 3042 ultima
802 2998 869 3040 ver-

145 3068 183 3129 ba
215 3069 338 3129 Davidis
373 3077 445 3131 tom.
479 3072 556 3131 Vlll.
589 3073 664 3152 Opp.
701 3072 868 3152 Altenburg

147 3178 214 3241 pag.
237 3164 374 3240 eosqui
394 3165 546 3240 lyranum
565 3182 685 3245 quoqne
703 3168 805 3226 sensui
823 3167 869 3226 lit·

147 3255 232 3315 terali
244 3254 417 3332 diligentius
437 3257 627 3318 insistentem
647 3257 749 3320 laudat
766 3260 795 3317 in
811 3259 869 3319 Ge-

147 3362 258 3408 naseos
276 3348 311 3407 44.
334 3349 361 3408 9.
385 3350 423 3409 40.
446 3355 518 3409 tom.
542 3349 593 3411 ix.
616 3368 681 3429 pag.
706 3349 754 3411 tt.

184 3443 311 3518 Caetera
334 3445 429 3521 Lyrae
451 3443 598 3522 opuscula
619 3451 711 3505 sunt:

84 3558 89 3567 ·
192 3536 349 3596 tractatus
366 3535 402 3596 de
419 3536 552 3613 liessio,
568 3538 633 3597 sive
653 3533 793 3596 Probotio
810 3533 869 3595 Ael-

144 3634 251 3690 ventus
281 3629 406 3691 CHristi
417 3648 474 3709 per
502 3632 680 3710 Scripturas
696 3647 717 3688 o
743 3627 868 3689 iudireis

144 3729 298 3802 receptos:
317 3741 376 3784 nna
395 3741 464 3783 eum
484 3724 680 3801 responsione
705 3722 740 3782 40
764 3722 868 3783 440444

145 3822 322 3891 argumenta
340 3814 419 3874 XlV.
436 3822 539 3876 contra
555 3816 714 3875 veritatem
732 3816 869 3892 Evange-

146 3903 265 3965 liorum.
282 3905 392 3965 Prodiit
410 3908 596 3968 Francoiurti
617 3907 703 3967 4604.
717 3908 746 3967 44
758 3906 785 3968 8.
798 3924 867 3968 cum

146 3996 220 4056 libro
249 4000 420 4076 ilieronymi
439 4001 476 4059 de
504 4009 607 4061 sancta
636 4000 726 4076 Fide,
747 4000 785 4061 de
809 4018 868 4079 quo

146 4104 237 4166 supra
260 4097 332 4148 tom.
350 4091 377 4150 3.
398 4109 461 4170 pag.
477 4094 546 4154 229.

188 4183 357 4261 Disputatio
379 4190 485 4244 contro
496 4184 655 4265 perfidiam
671 4185 866 4258 iudaeorum,

146 4292 224 4354 quae
248 4293 306 4336 una
324 4293 394 4336 eum
412 4277 548 4354 ejusdem
574 4281 797 4358 Praeceptoris,
813 4282 870 4341 Lu·

146 4369 238 4448 304444
254 4376 285 4429 44
304 4370 422 4429 Parisiis
440 4369 518 4430 edita
538 4372 630 4432 inisse
647 4391 663 4432 a
681 4375 788 4433 44444444
810 4380 870 4432 lra-

146 4462 237 4523 ditur.
260 4463 348 4525 Certe
366 4462 475 4540 prodiit
495 4452 630 4525 Venetiis
661 4467 747 4527 4483.
767 4472 798 4526 44
814 4464 866 4525 Νο.

146 4555 279 4634 ribergae
302 4555 389 4614 4493.
417 4554 453 4615 40
482 4556 594 4617 calcem
625 4557 843 4618 Postillarnm
837 4578 866 4618 m

146 4649 259 4721 Biblia,
284 4647 338 4706 hoc
361 4649 465 4708 titulo:
499 4649 608 4728 [recipit
632 4647 748 4709 libellus
771 4651 867 4713 editus

142 4758 199 4820 per
216 4740 394 4818 Magistrum
412 4742 567 4803 Nicolaum
581 4743 617 4802 eie
635 4745 734 4822 Lyra,
752 4743 866 4805 ordinis

924 2793 1018 2868 cr'sci,
1040 2812 1057 2855 a
1077 2796 1155 2855 Luca
1186 2794 1376 2872 Waddingo,
1395 2811 1456 2855 una
1484 2812 1553 2857 cum
1576 2811 1638 2872 opa-

923 2888 1015 2948 aculis
1033 2889 1063 2949 8.
1082 2888 1230 2947 francisci
1245 2887 1325 2948 edita
1348 2885 1497 2966 0444444.
1521 2887 1593 2950 tots
1615 2887 1636 2946 l.
1679 2914 1681 2949 4

967 2980 1125 3040 Tractatus
1139 2978 1175 3040 de
1186 2977 1359 3056 differentia
1370 2987 1496 3042 nostrae
1510 2977 1637 3041 44444444-
1679 2974 1681 2985 “

924 3071 1010 3134 tionis
1028 3070 1067 3131 ab
1084 3070 1237 3134 Hebraico
1251 3071 1352 3134 littero
1369 3073 1402 3133 in
1422 3075 1524 3135 Vetere
1554 3074 1637 3134 Testa·

922 3171 1039 3238 mento,
1058 3166 1190 3243 scriptus
1219 3164 1275 3225 04.
1298 3165 1385 3228 4333.
1418 3165 1579 3246 editosque
1593 3166 1637 3225 ilo·

923 3258 1056 3335 thomagi
1077 3260 1105 3316 in
1129 3259 1156 3316 8.
1187 3259 1215 3316 44
1242 3259 1316 3336 ipsis
1345 3258 1407 3319 iere
1435 3256 1636 3341 typographiae

926 3351 1128 3411 incunabulis.
1160 3352 1202 3410 ile
1222 3350 1270 3410 illo
1293 3351 1391 3412 rarius
1408 3350 1498 3412 obvio
1516 3350 1586 3412 libro
1603 3351 1637 3407 44-

923 3443 1043 3503 dendus
1058 3445 1143 3504 Rich.
1162 3443 1287 3503 Simon
1281 3461 1309 3502 m
1330 3459 1462 3505 censura
1477 3444 1552 3506 Bibl.
1569 3441 1651 3521 Eecl

923 3537 1110 3614 Dupinianae
1130 3543 1203 3597 tom.
1223 3540 1250 3598 4.
1268 3553 1334 3615 pag.
1363 3536 1432 3598 354.
1456 3554 1522 3616 seq
1541 3543 1571 3597 44
1595 3534 1681 3597 444.

924 3630 1029 3691 144444
1044 3631 1096 3707 qui
1109 3631 1197 3691 aiunt
1213 3629 1314 3689 illum
1307 3636 1459 3693 insertum
1472 3646 1540 3690 esse
1550 3627 1635 3690 Bibliis
1678 3578 1681 3681 4

926 3725 1066 3782 maximis
1083 3723 1209 3783 loannis
1227 3721 1264 3782 de
1283 3722 1310 3782 ia
1327 3724 1421 3800 iiaye.

966 3815 1158 3890 Quaestioues
1175 3817 1205 3875 V
1222 3820 1251 3875 et
1267 3812 1303 3875 N
1322 3814 1510 3888 Testamenti,
1525 3805 1585 3877 sive
1598 3811 1634 3874 ti

924 3904 978 3968 ber
994 3907 1241 3986 Differentiorum
1256 3906 1335 3968 Noui
1350 3911 1380 3967 et
1410 3907 1522 3970 Veteris
1551 3898 1681 3969 Testa·

923 4001 1012 4060 menti
1029 4018 1091 4059 una
1104 4017 1172 4076 cum
1188 3996 1389 4083 explicatione
1413 3999 1562 4061 nominum
1586 3998 1631 4061 tie·

925 4089 1094 4154 braeorum.
1115 4093 1284 4155 Editionem
1313 4094 1470 4171 antiquam
1499 4096 1563 4154 sine
1582 4093 1630 4152 loco

924 4193 955 4245 et
976 4204 1054 4247 anno
1073 4187 1175 4249 laudat
1192 4185 1322 4248 lacobus
1345 4184 1373 4244 le
1391 4187 1475 4264 Long
1496 4202 1558 4264 pag.
1574 4182 1628 4242 849.

924 4278 998 4338 Bibl.
1027 4283 1208 4357 4443444444.
1237 4278 1335 4338 Etiam
1368 4276 1585 4356 liunuscriptus
1605 4275 1625 4330 44

924 4371 1106 4433 Bibliotheca
1127 4372 1229 4433 Ducali
1254 4370 1369 4431 Urbini.

965 4464 1007 4523 ite
1023 4481 1147 4545 corpore
1163 4461 1287 4526 Ciiristi
1301 4458 1378 4522 liber
1391 4477 1483 4534 unus,
1500 4470 1622 4521 memore

924 4562 974 4616 tus
992 4557 1029 4613 ll
1032 4557 1140 4636 addm
1125 4574 1160 4616 σο
1179 4573 1243 4635 pag
1258 4554 1327 4615 866.
1346 4553 1543 4615 Bibliothecae
1552 4553 1620 4611 Vna
1673 4582 1681 4627 ,

923 4652 1121 4722 ciscauorum,
1133 4644 1567 4709 exuateivtaetmnhemtc.
1576 4635 1617 4699 554
1671 4662 1681 4699 4

964 4741 1178 4802 Commentar⁰
1155 4761 1176 4801 44
1192 4741 1223 4800 in
1234 4745 1364 4819 quatuor
1376 4736 1615 4799 librosSeotentra

146 4833 313 4911 4444444444,
335 4833 502 4912 ilreolnpioe
514 4835 763 4915 professorem,
752 4854 781 4895 m
802 4853 859 4915 qao
920 4851 1009 4910 rum,
1029 4832 1081 4895 sed
1101 4837 1236 4894 omnium
1255 4833 1359 4912 optimi
1379 4832 1408 4893 44
1427 4831 1555 4892 tertium.
