<?xml version="1.0" encoding="UTF-8"?>
<!DOCTYPE html PUBLIC "-//W3C//DTD XHTML 1.0 Transitional//EN"
    "http://www.w3.org/TR/xhtml1/DTD/xhtml1-transitional.dtd">
<html xmlns="http://www.w3.org/1999/xhtml" xml:lang="en" lang="en">
 <head>
  <title>
</title>
<meta http-equiv="Content-Type" content="text/html;charset=utf-8" />
  <meta name='ocr-system' content='tesseract 3.04.00' />
  <meta name='ocr-capabilities' content='ocr_page ocr_carea ocr_par ocr_line ocrx_word'/>
</head>
<body>
  <div class='ocr_page' id='page_1' title='image "./bibliothecalati01gallgoog_0201.png"; bbox 0 0 3622 5406; ppageno 0'>
   <div class='ocr_carea' id='block_1_1' title="bbox 298 197 1151 266">
    <p class='ocr_par' dir='ltr' id='par_1_1' title="bbox 298 197 1151 266">
     <span class='ocr_line' id='line_1_1' title="bbox 298 197 1151 266; baseline 0.007 -8"><span class='ocrx_word' id='word_1_1' title='bbox 298 197 356 258; x_wconf 71' lang='lat' dir='ltr'>‘toln</span> <span class='ocrx_word' id='word_1_2' title='bbox 922 201 1151 266; x_wconf 77' lang='lat' dir='ltr'>PAULUS</span> 
     </span>
    </p>
   </div>
   <div class='ocr_carea' id='block_1_2' title="bbox 219 303 1780 4882">
    <p class='ocr_par' dir='ltr' id='par_1_2' title="bbox 293 303 1732 764">
     <span class='ocr_line' id='line_1_2' title="bbox 296 303 1726 389; baseline 0.011 -25"><span class='ocrx_word' id='word_1_3' title='bbox 296 303 467 384; x_wconf 76' lang='lat' dir='ltr'><strong><em>composuit.</em></strong></span> <span class='ocrx_word' id='word_1_4' title='bbox 499 305 558 365; x_wconf 80' lang='lat' dir='ltr'>hoc</span> <span class='ocrx_word' id='word_1_5' title='bbox 590 304 687 380; x_wconf 89' lang='lat' dir='ltr'>ipsam</span> <span class='ocrx_word' id='word_1_6' title='bbox 718 313 766 365; x_wconf 83' lang='lat' dir='ltr'>est</span> <span class='ocrx_word' id='word_1_7' title='bbox 798 306 889 385; x_wconf 90' lang='lat' dir='ltr'>quod</span> <span class='ocrx_word' id='word_1_8' title='bbox 893 310 915 369; x_wconf 80' lang='lat' dir='ltr'>e</span> <span class='ocrx_word' id='word_1_9' title='bbox 935 309 1008 370; x_wconf 86' lang='lat' dir='ltr'>Bibl.</span> <span class='ocrx_word' id='word_1_10' title='bbox 1065 327 1118 389; x_wconf 86' lang='lat' dir='ltr'>per</span> <span class='ocrx_word' id='word_1_11' title='bbox 1134 317 1235 389; x_wconf 86' lang='lat' dir='ltr'>portes</span> <span class='ocrx_word' id='word_1_12' title='bbox 1253 313 1467 374; x_wconf 78' lang='grc' dir='ltr'><strong>4444444444ῐί4</strong></span> <span class='ocrx_word' id='word_1_13' title='bbox 1483 317 1583 378; x_wconf 88' lang='lat' dir='ltr'>suisio</span> <span class='ocrx_word' id='word_1_14' title='bbox 1599 317 1726 381; x_wconf 75' lang='lat' dir='ltr'><strong>chronicon</strong></span> 
     </span>
     <span class='ocr_line' id='line_1_3' title="bbox 296 397 1730 496; baseline 0.01 -36"><span class='ocrx_word' id='word_1_15' title='bbox 296 397 452 460; x_wconf 79' lang='lat' dir='ltr'>cnsinensi</span> <span class='ocrx_word' id='word_1_16' title='bbox 475 397 533 458; x_wconf 92' lang='lat' dir='ltr'>sub</span> <span class='ocrx_word' id='word_1_17' title='bbox 554 397 641 458; x_wconf 89' lang='lat' dir='ltr'>titulo</span> <span class='ocrx_word' id='word_1_18' title='bbox 673 397 844 481; x_wconf 85' lang='lat' dir='ltr'>Epitaphii,</span> <span class='ocrx_word' id='word_1_19' title='bbox 870 402 1010 463; x_wconf 88' lang='lat' dir='ltr'>laudatas</span> <span class='ocrx_word' id='word_1_20' title='bbox 1064 402 1178 496; x_wconf 85' lang='lat' dir='ltr'>pseudo</span> <span class='ocrx_word' id='word_1_21' title='bbox 1199 406 1336 480; x_wconf 84' lang='lat' dir='ltr'>Maximi,</span> <span class='ocrx_word' id='word_1_22' title='bbox 1358 407 1472 469; x_wconf 87' lang='lat' dir='ltr'>Madrit.</span> <span class='ocrx_word' id='word_1_23' title='bbox 1493 401 1578 471; x_wconf 86' lang='grc'><strong>4654.</strong></span> <span class='ocrx_word' id='word_1_24' title='bbox 1597 412 1636 472; x_wconf 90' lang='grc'><strong>441.</strong></span> <span class='ocrx_word' id='word_1_25' title='bbox 1652 415 1730 490; x_wconf 79' lang='lat' dir='ltr'>pili</span> 
     </span>
     <span class='ocr_line' id='line_1_4' title="bbox 293 491 1729 584; baseline 0.01 -32"><span class='ocrx_word' id='word_1_26' title='bbox 293 493 393 552; x_wconf 89' lang='lat' dir='ltr'>Marus</span> <span class='ocrx_word' id='word_1_27' title='bbox 429 492 507 551; x_wconf 89' lang='lat' dir='ltr'>notis</span> <span class='ocrx_word' id='word_1_28' title='bbox 537 491 573 550; x_wconf 91' lang='lat' dir='ltr'>ad</span> <span class='ocrx_word' id='word_1_29' title='bbox 604 508 669 570; x_wconf 87' lang='lat' dir='ltr'>cap.</span> <span class='ocrx_word' id='word_1_30' title='bbox 702 494 730 553; x_wconf 88' lang='lat'>8.</span> <span class='ocrx_word' id='word_1_31' title='bbox 760 493 862 553; x_wconf 81' lang='lat' dir='ltr'>edidit.</span> <span class='ocrx_word' id='word_1_32' title='bbox 885 495 1010 557; x_wconf 84' lang='lat' dir='ltr'>constat</span> <span class='ocrx_word' id='word_1_33' title='bbox 1065 497 1132 558; x_wconf 94' lang='grc'><strong>524.</strong></span> <span class='ocrx_word' id='word_1_34' title='bbox 1156 497 1224 558; x_wconf 87' lang='grc'><strong>532.</strong></span> <span class='ocrx_word' id='word_1_35' title='bbox 1252 499 1320 560; x_wconf 88' lang='grc'><strong>534.</strong></span> <span class='ocrx_word' id='word_1_36' title='bbox 1348 517 1411 579; x_wconf 82' lang='lat' dir='ltr'>pag.</span> <span class='ocrx_word' id='word_1_37' title='bbox 1441 502 1506 572; x_wconf 86' lang='grc'><strong>535.</strong></span> <span class='ocrx_word' id='word_1_38' title='bbox 1534 503 1664 584; x_wconf 77' lang='grc'><strong>694344</strong></span> <span class='ocrx_word' id='word_1_39' title='bbox 1680 505 1729 568; x_wconf 87' lang='grc'><strong>6.44</strong></span> 
     </span>
     <span class='ocr_line' id='line_1_5' title="bbox 295 583 1732 671; baseline 0.007 -30"><span class='ocrx_word' id='word_1_40' title='bbox 295 583 433 645; x_wconf 90' lang='lat' dir='ltr'>versibus</span> <span class='ocrx_word' id='word_1_41' title='bbox 454 586 527 644; x_wconf 88' lang='lat' dir='ltr'>XLl.</span> <span class='ocrx_word' id='word_1_42' title='bbox 551 585 606 644; x_wconf 94' lang='lat' dir='ltr'>boc</span> <span class='ocrx_word' id='word_1_43' title='bbox 628 587 730 645; x_wconf 90' lang='lat' dir='ltr'>initio:</span> <span class='ocrx_word' id='word_1_44' title='bbox 1064 606 1127 668; x_wconf 88' lang='lat' dir='ltr'>seq.</span> <span class='ocrx_word' id='word_1_45' title='bbox 1150 592 1217 652; x_wconf 90' lang='grc'><strong>553.</strong></span> <span class='ocrx_word' id='word_1_46' title='bbox 1239 608 1305 671; x_wconf 82' lang='lat' dir='ltr'>pag.</span> <span class='ocrx_word' id='word_1_47' title='bbox 1320 593 1371 654; x_wconf 91' lang='grc'>664</span> <span class='ocrx_word' id='word_1_48' title='bbox 1377 593 1457 654; x_wconf 88' lang='grc'><strong>-.664</strong></span> <span class='ocrx_word' id='word_1_49' title='bbox 1475 589 1541 657; x_wconf 85' lang='grc'>668</span> <span class='ocrx_word' id='word_1_50' title='bbox 1556 596 1676 660; x_wconf 86' lang='grc'><strong>7443</strong></span> <span class='ocrx_word' id='word_1_51' title='bbox 1628 599 1683 659; x_wconf 84' lang='grc'><strong>443,</strong></span> <span class='ocrx_word' id='word_1_52' title='bbox 1698 601 1732 660; x_wconf 70' lang='lat' dir='ltr'>Ex</span> 
     </span>
     <span class='ocr_line' id='line_1_6' title="bbox 303 682 1731 764; baseline 0.01 -25"><span class='ocrx_word' id='word_1_53' title='bbox 303 691 439 752; x_wconf 78' lang='lat' dir='ltr'>eenptcun</span> <span class='ocrx_word' id='word_1_54' title='bbox 454 689 550 740; x_wconf 84' lang='lat' dir='ltr'>clarum</span> <span class='ocrx_word' id='word_1_55' title='bbox 567 691 676 739; x_wconf 90' lang='lat' dir='ltr'>nimium</span> <span class='ocrx_word' id='word_1_56' title='bbox 692 695 735 740; x_wconf 85' lang='lat' dir='ltr'>tur</span> <span class='ocrx_word' id='word_1_57' title='bbox 750 690 817 743; x_wconf 87' lang='grc'><strong>444444</strong></span> <span class='ocrx_word' id='word_1_58' title='bbox 833 703 877 754; x_wconf 85' lang='lat' dir='ltr'>por</span> <span class='ocrx_word' id='word_1_59' title='bbox 894 703 992 744; x_wconf 83' lang='grc'><strong>44444444.</strong></span> <span class='ocrx_word' id='word_1_60' title='bbox 1064 682 1171 745; x_wconf 88' lang='lat' dir='ltr'>iisdem</span> <span class='ocrx_word' id='word_1_61' title='bbox 1197 687 1291 764; x_wconf 78' lang='lat' dir='ltr'>gestis</span> <span class='ocrx_word' id='word_1_62' title='bbox 1323 688 1447 764; x_wconf 82' lang='lat' dir='ltr'>repetite</span> <span class='ocrx_word' id='word_1_63' title='bbox 1477 689 1540 750; x_wconf 83' lang='lat' dir='ltr'>Vico</span> <span class='ocrx_word' id='word_1_64' title='bbox 1558 691 1588 752; x_wconf 86' lang='lat' dir='ltr'>S.</span> <span class='ocrx_word' id='word_1_65' title='bbox 1607 693 1731 762; x_wconf 79' lang='lat' dir='ltr'>limati,</span> 
     </span>
    </p>

    <p class='ocr_par' dir='ltr' id='par_1_3' title="bbox 219 778 1741 1798">
     <span class='ocr_line' id='line_1_7' title="bbox 332 778 1735 860; baseline 0.004 -20"><span class='ocrx_word' id='word_1_66' title='bbox 332 779 349 815; x_wconf 73' lang='lat'>&#39;</span> <span class='ocrx_word' id='word_1_67' title='bbox 370 782 490 840; x_wconf 79' lang='lat' dir='ltr'><strong>Praeter</strong></span> <span class='ocrx_word' id='word_1_68' title='bbox 508 795 680 840; x_wconf 87' lang='lat' dir='ltr'>sermonem</span> <span class='ocrx_word' id='word_1_69' title='bbox 697 779 736 841; x_wconf 90' lang='lat' dir='ltr'>de</span> <span class='ocrx_word' id='word_1_70' title='bbox 755 783 961 860; x_wconf 74' lang='lat' dir='ltr'>assumptione</span> <span class='ocrx_word' id='word_1_71' title='bbox 978 781 1007 842; x_wconf 91' lang='lat' dir='ltr'>S.</span> <span class='ocrx_word' id='word_1_72' title='bbox 1063 778 1203 856; x_wconf 82' lang='lat' dir='ltr'>Episcopi</span> <span class='ocrx_word' id='word_1_73' title='bbox 1218 779 1414 850; x_wconf 75' lang='lat' dir='ltr'>Emeritensis</span> <span class='ocrx_word' id='word_1_74' title='bbox 1433 784 1460 840; x_wconf 90' lang='lat' dir='ltr'>in</span> <span class='ocrx_word' id='word_1_75' title='bbox 1476 783 1557 842; x_wconf 84' lang='lat' dir='ltr'>thetis</span> <span class='ocrx_word' id='word_1_76' title='bbox 1574 785 1735 846; x_wconf 77' lang='lat' dir='ltr'>Senatorii</span> 
     </span>
     <span class='ocr_line' id='line_1_8' title="bbox 219 871 1735 956; baseline 0.001 -22"><span class='ocrx_word' id='word_1_77' title='bbox 219 917 222 926; x_wconf 69' lang='grc'><strong>.</strong></span> <span class='ocrx_word' id='word_1_78' title='bbox 292 875 329 934; x_wconf 87' lang='lat' dir='ltr'>ld.</span> <span class='ocrx_word' id='word_1_79' title='bbox 350 873 433 934; x_wconf 89' lang='grc'><strong>64644</strong></span> <span class='ocrx_word' id='word_1_80' title='bbox 454 875 545 934; x_wconf 88' lang='lat' dir='ltr'>etiam</span> <span class='ocrx_word' id='word_1_81' title='bbox 567 872 720 934; x_wconf 82' lang='lat' dir='ltr'>homiliam</span> <span class='ocrx_word' id='word_1_82' title='bbox 742 877 772 934; x_wconf 89' lang='lat' dir='ltr'>in</span> <span class='ocrx_word' id='word_1_83' title='bbox 795 873 888 936; x_wconf 90' lang='lat' dir='ltr'>illud:</span> <span class='ocrx_word' id='word_1_84' title='bbox 911 873 1011 935; x_wconf 73' lang='lat' dir='ltr'>Intra·</span> <span class='ocrx_word' id='word_1_85' title='bbox 1064 871 1159 932; x_wconf 90' lang='lat' dir='ltr'>Martii</span> <span class='ocrx_word' id='word_1_86' title='bbox 1183 871 1230 932; x_wconf 86' lang='grc'>34.</span> <span class='ocrx_word' id='word_1_87' title='bbox 1250 889 1314 950; x_wconf 80' lang='lat' dir='ltr'>pag.</span> <span class='ocrx_word' id='word_1_88' title='bbox 1336 871 1404 933; x_wconf 87' lang='lat'><strong>908.</strong></span> <span class='ocrx_word' id='word_1_89' title='bbox 1431 882 1462 934; x_wconf 89' lang='lat' dir='ltr'>et</span> <span class='ocrx_word' id='word_1_90' title='bbox 1487 873 1612 950; x_wconf 76' lang='lat' dir='ltr'>Fidelis,</span> <span class='ocrx_word' id='word_1_91' title='bbox 1628 877 1735 956; x_wconf 83' lang='lat' dir='ltr'>Episcopi</span> 
     </span>
     <span class='ocr_line' id='line_1_9' title="bbox 289 963 1738 1049; baseline 0 -21"><span class='ocrx_word' id='word_1_92' title='bbox 289 967 334 1028; x_wconf 86' lang='lat' dir='ltr'>vit</span> <span class='ocrx_word' id='word_1_93' title='bbox 344 965 477 1027; x_wconf 78' lang='lat' dir='ltr'>lesns&#39;in</span> <span class='ocrx_word' id='word_1_94' title='bbox 491 963 641 1046; x_wconf 80' lang='lat' dir='ltr'>quoddam</span> <span class='ocrx_word' id='word_1_95' title='bbox 654 963 808 1027; x_wconf 87' lang='lat' dir='ltr'>castellum</span> <span class='ocrx_word' id='word_1_96' title='bbox 821 988 827 1027; x_wconf 93' lang='lat'>:</span> <span class='ocrx_word' id='word_1_97' title='bbox 840 985 929 1046; x_wconf 89' lang='lat' dir='ltr'>quem</span> <span class='ocrx_word' id='word_1_98' title='bbox 939 969 1009 1045; x_wconf 86' lang='lat' dir='ltr'>jun·</span> <span class='ocrx_word' id='word_1_99' title='bbox 1064 964 1264 1024; x_wconf 87' lang='lat' dir='ltr'>Emeritensis</span> <span class='ocrx_word' id='word_1_100' title='bbox 1279 964 1343 1026; x_wconf 86' lang='lat' dir='ltr'>Vita</span> <span class='ocrx_word' id='word_1_101' title='bbox 1355 967 1384 1026; x_wconf 91' lang='lat' dir='ltr'>in</span> <span class='ocrx_word' id='word_1_102' title='bbox 1397 967 1509 1036; x_wconf 82' lang='grc'><strong>444444.</strong></span> <span class='ocrx_word' id='word_1_103' title='bbox 1523 973 1534 1030; x_wconf 94' lang='grc'>4</span> <span class='ocrx_word' id='word_1_104' title='bbox 1554 970 1631 1032; x_wconf 88' lang='lat' dir='ltr'>Febr.</span> <span class='ocrx_word' id='word_1_105' title='bbox 1639 970 1690 1049; x_wconf 83' lang='lat' dir='ltr'>lp.</span> <span class='ocrx_word' id='word_1_106' title='bbox 1700 971 1738 1030; x_wconf 88' lang='grc'>64.</span> 
     </span>
     <span class='ocr_line' id='line_1_10' title="bbox 290 1055 1737 1142; baseline -0.001 -20"><span class='ocrx_word' id='word_1_107' title='bbox 290 1064 361 1122; x_wconf 87' lang='lat' dir='ltr'>otim</span> <span class='ocrx_word' id='word_1_108' title='bbox 383 1078 453 1122; x_wconf 91' lang='lat' dir='ltr'>oum</span> <span class='ocrx_word' id='word_1_109' title='bbox 475 1077 614 1120; x_wconf 89' lang='lat' dir='ltr'>sermone</span> <span class='ocrx_word' id='word_1_110' title='bbox 635 1059 673 1120; x_wconf 90' lang='lat' dir='ltr'>de</span> <span class='ocrx_word' id='word_1_111' title='bbox 693 1063 898 1142; x_wconf 83' lang='lat' dir='ltr'>assumptione</span> <span class='ocrx_word' id='word_1_112' title='bbox 915 1061 1009 1123; x_wconf 84' lang='lat' dir='ltr'>edidit</span> <span class='ocrx_word' id='word_1_113' title='bbox 1103 1055 1215 1118; x_wconf 82' lang='lat' dir='ltr'><strong>PAULI</strong></span> <span class='ocrx_word' id='word_1_114' title='bbox 1238 1058 1373 1119; x_wconf 88' lang='lat' dir='ltr'>Emeseni</span> <span class='ocrx_word' id='word_1_115' title='bbox 1392 1061 1546 1140; x_wconf 84' lang='lat' dir='ltr'>Episcopi,</span> <span class='ocrx_word' id='word_1_116' title='bbox 1566 1065 1613 1141; x_wconf 88' lang='lat' dir='ltr'>qui</span> <span class='ocrx_word' id='word_1_117' title='bbox 1637 1063 1737 1124; x_wconf 87' lang='lat' dir='ltr'>concilio</span> 
     </span>
     <span class='ocr_line' id='line_1_11' title="bbox 221 1150 1739 1238; baseline 0.007 -35"><span class='ocrx_word' id='word_1_118' title='bbox 221 1192 227 1203; x_wconf 69' lang='grc'>.</span> <span class='ocrx_word' id='word_1_119' title='bbox 291 1157 321 1215; x_wconf 83' lang='grc' dir='ltr'>Ρ,</span> <span class='ocrx_word' id='word_1_120' title='bbox 343 1155 475 1215; x_wconf 72' lang='lat' dir='ltr'>Mastane</span> <span class='ocrx_word' id='word_1_121' title='bbox 496 1155 564 1238; x_wconf 83' lang='lat' dir='ltr'>liet.¹</span> <span class='ocrx_word' id='word_1_122' title='bbox 584 1170 717 1215; x_wconf 90' lang='lat' dir='ltr'>monum.</span> <span class='ocrx_word' id='word_1_123' title='bbox 741 1155 794 1216; x_wconf 85' lang='lat' dir='ltr'>lx.</span> <span class='ocrx_word' id='word_1_124' title='bbox 807 1155 876 1217; x_wconf 86' lang='grc'><strong>276.</strong></span> <span class='ocrx_word' id='word_1_125' title='bbox 895 1157 1008 1218; x_wconf 85' lang='lat' dir='ltr'>Versus</span> <span class='ocrx_word' id='word_1_126' title='bbox 1040 1150 1213 1230; x_wconf 86' lang='lat' dir='ltr'>&#39;Ephesius</span> <span class='ocrx_word' id='word_1_127' title='bbox 1244 1151 1278 1212; x_wconf 88' lang='grc' dir='ltr'>Α.</span> <span class='ocrx_word' id='word_1_128' title='bbox 1311 1153 1378 1213; x_wconf 89' lang='grc'><strong>434.</strong></span> <span class='ocrx_word' id='word_1_129' title='bbox 1409 1155 1558 1230; x_wconf 80' lang='lat' dir='ltr'>interfuit,</span> <span class='ocrx_word' id='word_1_130' title='bbox 1581 1152 1739 1235; x_wconf 88' lang='lat' dir='ltr'>Epistolood</span> 
     </span>
     <span class='ocr_line' id='line_1_12' title="bbox 291 1242 1738 1328; baseline -0.001 -20"><span class='ocrx_word' id='word_1_131' title='bbox 291 1266 345 1310; x_wconf 90' lang='lat' dir='ltr'>sen</span> <span class='ocrx_word' id='word_1_132' title='bbox 377 1247 562 1328; x_wconf 85' lang='lat' dir='ltr'>epitaphium</span> <span class='ocrx_word' id='word_1_133' title='bbox 584 1247 621 1307; x_wconf 90' lang='lat' dir='ltr'>ab</span> <span class='ocrx_word' id='word_1_134' title='bbox 653 1247 800 1310; x_wconf 80' lang='lat' dir='ltr'>hilderico</span> <span class='ocrx_word' id='word_1_135' title='bbox 826 1251 916 1311; x_wconf 89' lang='lat' dir='ltr'>Paulo</span> <span class='ocrx_word' id='word_1_136' title='bbox 938 1250 1007 1314; x_wconf 91' lang='lat' dir='ltr'>huic</span> <span class='ocrx_word' id='word_1_137' title='bbox 1061 1242 1234 1304; x_wconf 73' lang='lat' dir='ltr'>Anatolium</span> <span class='ocrx_word' id='word_1_138' title='bbox 1264 1245 1382 1307; x_wconf 81' lang='lat' dir='ltr'>Militiae</span> <span class='ocrx_word' id='word_1_139' title='bbox 1414 1248 1591 1325; x_wconf 83' lang='lat' dir='ltr'>praelectum</span> <span class='ocrx_word' id='word_1_140' title='bbox 1612 1255 1738 1321; x_wconf 75' lang='lat' dir='ltr'>eisteten</span> 
     </span>
     <span class='ocr_line' id='line_1_13' title="bbox 289 1339 1741 1422; baseline -0.004 -19"><span class='ocrx_word' id='word_1_141' title='bbox 289 1344 437 1422; x_wconf 88' lang='lat' dir='ltr'>positum,</span> <span class='ocrx_word' id='word_1_142' title='bbox 459 1358 498 1403; x_wconf 83' lang='lat' dir='ltr'>ex</span> <span class='ocrx_word' id='word_1_143' title='bbox 519 1342 578 1402; x_wconf 92' lang='lat' dir='ltr'>MS.</span> <span class='ocrx_word' id='word_1_144' title='bbox 601 1340 710 1402; x_wconf 90' lang='lat' dir='ltr'>codice</span> <span class='ocrx_word' id='word_1_145' title='bbox 731 1342 889 1403; x_wconf 86' lang='lat' dir='ltr'>cnsinensi</span> <span class='ocrx_word' id='word_1_146' title='bbox 912 1343 1006 1404; x_wconf 90' lang='lat' dir='ltr'>multo</span> <span class='ocrx_word' id='word_1_147' title='bbox 1061 1339 1162 1398; x_wconf 89' lang='lat' dir='ltr'>Latina</span> <span class='ocrx_word' id='word_1_148' title='bbox 1176 1339 1270 1398; x_wconf 91' lang='lat' dir='ltr'>veteri</span> <span class='ocrx_word' id='word_1_149' title='bbox 1284 1341 1419 1400; x_wconf 89' lang='lat' dir='ltr'>versione</span> <span class='ocrx_word' id='word_1_150' title='bbox 1432 1340 1741 1420; x_wconf 81' lang='lat' dir='ltr'>interEpistolaspre</span> 
     </span>
     <span class='ocr_line' id='line_1_14' title="bbox 288 1430 1740 1513; baseline -0.002 -21"><span class='ocrx_word' id='word_1_151' title='bbox 288 1436 478 1498; x_wconf 77' lang='lat' dir='ltr'>emendatius</span> <span class='ocrx_word' id='word_1_152' title='bbox 509 1452 639 1513; x_wconf 80' lang='lat' dir='ltr'>quamn</span> <span class='ocrx_word' id='word_1_153' title='bbox 673 1435 782 1497; x_wconf 77' lang='lat' dir='ltr'>Mirans</span> <span class='ocrx_word' id='word_1_154' title='bbox 813 1437 925 1497; x_wconf 79' lang='lat' dir='ltr'>tantam</span> <span class='ocrx_word' id='word_1_155' title='bbox 947 1438 1006 1512; x_wconf 82' lang='lat' dir='ltr'>sit,</span> <span class='ocrx_word' id='word_1_156' title='bbox 1060 1433 1143 1491; x_wconf 89' lang='lat' dir='ltr'>sinas</span> <span class='ocrx_word' id='word_1_157' title='bbox 1164 1432 1181 1490; x_wconf 82' lang='grc'>4</span> <span class='ocrx_word' id='word_1_158' title='bbox 1202 1430 1371 1492; x_wconf 89' lang='lat' dir='ltr'>christiano</span> <span class='ocrx_word' id='word_1_159' title='bbox 1393 1435 1472 1512; x_wconf 86' lang='lat' dir='ltr'>Lupo</span> <span class='ocrx_word' id='word_1_160' title='bbox 1504 1441 1534 1495; x_wconf 86' lang='lat' dir='ltr'>et</span> <span class='ocrx_word' id='word_1_161' title='bbox 1562 1434 1740 1495; x_wconf 83' lang='grc'><strong>1464444444</strong></span> 
     </span>
     <span class='ocr_line' id='line_1_15' title="bbox 288 1521 1740 1610; baseline -0.004 -20"><span class='ocrx_word' id='word_1_162' title='bbox 288 1521 576 1591; x_wconf 64' lang='grc'><strong>464644146464414</strong></span> <span class='ocrx_word' id='word_1_163' title='bbox 599 1531 676 1590; x_wconf 86' lang='grc'><strong>14444.</strong></span> <span class='ocrx_word' id='word_1_164' title='bbox 710 1532 812 1591; x_wconf 86' lang='lat' dir='ltr'>casin.</span> <span class='ocrx_word' id='word_1_165' title='bbox 835 1537 856 1589; x_wconf 91' lang='grc'>4.</span> <span class='ocrx_word' id='word_1_166' title='bbox 879 1532 906 1593; x_wconf 90' lang='grc'>4.</span> <span class='ocrx_word' id='word_1_167' title='bbox 927 1549 955 1610; x_wconf 92' lang='lat' dir='ltr'>p.</span> <span class='ocrx_word' id='word_1_168' title='bbox 978 1534 1005 1592; x_wconf 93' lang='grc'>4.</span> <span class='ocrx_word' id='word_1_169' title='bbox 1061 1525 1156 1586; x_wconf 85' lang='grc'><strong>464444</strong></span> <span class='ocrx_word' id='word_1_170' title='bbox 1177 1543 1258 1585; x_wconf 83' lang='lat' dir='ltr'>rrum.</span> <span class='ocrx_word' id='word_1_171' title='bbox 1292 1523 1377 1585; x_wconf 89' lang='lat' dir='ltr'>chl.</span> <span class='ocrx_word' id='word_1_172' title='bbox 1410 1525 1482 1588; x_wconf 88' lang='lat' dir='ltr'>Mam</span> <span class='ocrx_word' id='word_1_173' title='bbox 1510 1530 1615 1590; x_wconf 87' lang='lat' dir='ltr'>Paulus</span> <span class='ocrx_word' id='word_1_174' title='bbox 1643 1525 1740 1606; x_wconf 84' lang='lat' dir='ltr'>qnidam</span> 
     </span>
     <span class='ocr_line' id='line_1_16' title="bbox 288 1618 1740 1704; baseline -0.005 -20"><span class='ocrx_word' id='word_1_175' title='bbox 288 1642 316 1704; x_wconf 92' lang='lat' dir='ltr'>p.</span> <span class='ocrx_word' id='word_1_176' title='bbox 338 1623 386 1684; x_wconf 92' lang='grc'>26.</span> <span class='ocrx_word' id='word_1_177' title='bbox 408 1625 453 1684; x_wconf 89' lang='lat' dir='ltr'>En</span> <span class='ocrx_word' id='word_1_178' title='bbox 475 1625 540 1684; x_wconf 90' lang='lat' dir='ltr'>eius</span> <span class='ocrx_word' id='word_1_179' title='bbox 562 1618 693 1684; x_wconf 86' lang='lat' dir='ltr'>initium:</span> <span class='ocrx_word' id='word_1_180' title='bbox 716 1623 1007 1703; x_wconf 86' lang='lat' dir='ltr'>Perspiouocioram</span> <span class='ocrx_word' id='word_1_181' title='bbox 1061 1620 1174 1679; x_wconf 89' lang='lat' dir='ltr'>Graece</span> <span class='ocrx_word' id='word_1_182' title='bbox 1205 1620 1344 1697; x_wconf 87' lang='lat' dir='ltr'>scripsit,</span> <span class='ocrx_word' id='word_1_183' title='bbox 1376 1619 1463 1696; x_wconf 89' lang='lat' dir='ltr'>cujus</span> <span class='ocrx_word' id='word_1_184' title='bbox 1484 1621 1652 1692; x_wconf 85' lang='lat' dir='ltr'>libellusde</span> <span class='ocrx_word' id='word_1_185' title='bbox 1670 1619 1740 1692; x_wconf 88' lang='lat' dir='ltr'>Fide,</span> 
     </span>
     <span class='ocr_line' id='line_1_17' title="bbox 286 1711 1741 1798; baseline -0.005 -20"><span class='ocrx_word' id='word_1_186' title='bbox 286 1716 410 1784; x_wconf 85' lang='lat' dir='ltr'>nimium</span> <span class='ocrx_word' id='word_1_187' title='bbox 427 1734 494 1777; x_wconf 83' lang='lat' dir='ltr'>cum</span> <span class='ocrx_word' id='word_1_188' title='bbox 507 1719 715 1794; x_wconf 78' lang='lat' dir='ltr'>(trinhiiraeus)</span> <span class='ocrx_word' id='word_1_189' title='bbox 732 1715 883 1798; x_wconf 83' lang='lat' dir='ltr'>somnper</span> <span class='ocrx_word' id='word_1_190' title='bbox 896 1715 1005 1777; x_wconf 83' lang='lat' dir='ltr'>orbem.</span> <span class='ocrx_word' id='word_1_191' title='bbox 1061 1721 1092 1770; x_wconf 87' lang='lat' dir='ltr'>et</span> <span class='ocrx_word' id='word_1_192' title='bbox 1113 1711 1249 1772; x_wconf 88' lang='lat' dir='ltr'>homiliae</span> <span class='ocrx_word' id='word_1_193' title='bbox 1264 1711 1340 1772; x_wconf 86' lang='lat' dir='ltr'>duee</span> <span class='ocrx_word' id='word_1_194' title='bbox 1356 1729 1432 1790; x_wconf 85' lang='lat' dir='ltr'>ques</span> <span class='ocrx_word' id='word_1_195' title='bbox 1449 1714 1741 1787; x_wconf 77' lang='lat' dir='ltr'>Alexandriaebabnit,</span> 
     </span>
    </p>

    <p class='ocr_par' dir='ltr' id='par_1_4' title="bbox 274 1806 1768 3660">
     <span class='ocr_line' id='line_1_18' title="bbox 325 1806 1741 1893; baseline -0.008 -21"><span class='ocrx_word' id='word_1_196' title='bbox 325 1815 359 1872; x_wconf 88' lang='grc'>1).</span> <span class='ocrx_word' id='word_1_197' title='bbox 383 1811 491 1872; x_wconf 85' lang='grc'><strong>464444</strong></span> <span class='ocrx_word' id='word_1_198' title='bbox 512 1811 540 1871; x_wconf 83' lang='grc'>14</span> <span class='ocrx_word' id='word_1_199' title='bbox 561 1812 639 1872; x_wconf 85' lang='lat' dir='ltr'>Beni</span> <span class='ocrx_word' id='word_1_200' title='bbox 659 1813 689 1871; x_wconf 92' lang='lat' dir='ltr'>in</span> <span class='ocrx_word' id='word_1_201' title='bbox 704 1807 843 1893; x_wconf 88' lang='lat' dir='ltr'>dissert.</span> <span class='ocrx_word' id='word_1_202' title='bbox 873 1826 927 1872; x_wconf 91' lang='lat' dir='ltr'>sur</span> <span class='ocrx_word' id='word_1_203' title='bbox 959 1811 1007 1870; x_wconf 88' lang='lat' dir='ltr'>lli-</span> <span class='ocrx_word' id='word_1_204' title='bbox 1059 1806 1163 1866; x_wconf 91' lang='lat' dir='ltr'>obviae</span> <span class='ocrx_word' id='word_1_205' title='bbox 1174 1807 1286 1884; x_wconf 56' lang='lat' dir='ltr'>santssin</span> <span class='ocrx_word' id='word_1_206' title='bbox 1300 1807 1741 1887; x_wconf 67' lang='lat' dir='ltr'>p.libatos.conciliiEphesini.</span> 
     </span>
     <span class='ocr_line' id='line_1_19' title="bbox 284 1899 1747 1978; baseline -0.003 -13"><span class='ocrx_word' id='word_1_207' title='bbox 284 1907 375 1965; x_wconf 88' lang='lat' dir='ltr'>stoire</span> <span class='ocrx_word' id='word_1_208' title='bbox 395 1905 569 1967; x_wconf 87' lang='lat' dir='ltr'>Ecclesiast.</span> <span class='ocrx_word' id='word_1_209' title='bbox 588 1911 619 1964; x_wconf 90' lang='lat' dir='ltr'>et</span> <span class='ocrx_word' id='word_1_210' title='bbox 633 1905 721 1966; x_wconf 89' lang='lat' dir='ltr'>civile</span> <span class='ocrx_word' id='word_1_211' title='bbox 740 1905 777 1964; x_wconf 91' lang='lat' dir='ltr'>de</span> <span class='ocrx_word' id='word_1_212' title='bbox 792 1906 878 1966; x_wconf 88' lang='lat' dir='ltr'>Paris</span> <span class='ocrx_word' id='word_1_213' title='bbox 896 1910 917 1964; x_wconf 92' lang='grc'>4.</span> <span class='ocrx_word' id='word_1_214' title='bbox 937 1905 1003 1964; x_wconf 88' lang='grc'><strong>444.</strong></span> <span class='ocrx_word' id='word_1_215' title='bbox 1101 1899 1247 1961; x_wconf 82' lang='lat' dir='ltr'>PAULUS</span> <span class='ocrx_word' id='word_1_216' title='bbox 1262 1905 1269 1974; x_wconf 86' lang='grc'>4</span> <span class='ocrx_word' id='word_1_217' title='bbox 1284 1901 1314 1958; x_wconf 91' lang='lat' dir='ltr'>in</span> <span class='ocrx_word' id='word_1_218' title='bbox 1330 1901 1507 1978; x_wconf 87' lang='lat' dir='ltr'>quibusdam</span> <span class='ocrx_word' id='word_1_219' title='bbox 1523 1901 1673 1964; x_wconf 72' lang='lat' dir='ltr'>codicibus</span> <span class='ocrx_word' id='word_1_220' title='bbox 1684 1901 1747 1966; x_wconf 83' lang='lat' dir='ltr'>cen·</span> 
     </span>
     <span class='ocr_line' id='line_1_20' title="bbox 285 1991 1746 2078; baseline -0.006 -19"><span class='ocrx_word' id='word_1_221' title='bbox 285 2007 343 2078; x_wconf 84' lang='lat' dir='ltr'>etc.</span> <span class='ocrx_word' id='word_1_222' title='bbox 364 2013 473 2058; x_wconf 86' lang='lat' dir='ltr'>versus</span> <span class='ocrx_word' id='word_1_223' title='bbox 494 1997 656 2058; x_wconf 88' lang='lat' dir='ltr'>nonnullos</span> <span class='ocrx_word' id='word_1_224' title='bbox 677 1999 760 2058; x_wconf 89' lang='lat' dir='ltr'>Pauli</span> <span class='ocrx_word' id='word_1_225' title='bbox 782 1997 873 2058; x_wconf 89' lang='lat' dir='ltr'>huius</span> <span class='ocrx_word' id='word_1_226' title='bbox 902 1996 1005 2074; x_wconf 84' lang='lat' dir='ltr'>vulga·</span> <span class='ocrx_word' id='word_1_227' title='bbox 1059 1991 1139 2052; x_wconf 86' lang='lat' dir='ltr'>nadii</span> <span class='ocrx_word' id='word_1_228' title='bbox 1171 2009 1236 2070; x_wconf 88' lang='lat' dir='ltr'>cap.</span> <span class='ocrx_word' id='word_1_229' title='bbox 1268 1995 1315 2054; x_wconf 89' lang='grc'>34.</span> <span class='ocrx_word' id='word_1_230' title='bbox 1339 1992 1537 2067; x_wconf 80' lang='lat' dir='ltr'>PAULINUS,</span> <span class='ocrx_word' id='word_1_231' title='bbox 1558 1994 1609 2054; x_wconf 90' lang='lat' dir='ltr'>sed</span> <span class='ocrx_word' id='word_1_232' title='bbox 1636 1997 1666 2053; x_wconf 88' lang='lat' dir='ltr'>in</span> <span class='ocrx_word' id='word_1_233' title='bbox 1693 1993 1746 2053; x_wconf 91' lang='lat' dir='ltr'>aliis</span> 
     </span>
     <span class='ocr_line' id='line_1_21' title="bbox 287 2085 1746 2173; baseline -0.005 -21"><span class='ocrx_word' id='word_1_234' title='bbox 287 2093 351 2165; x_wconf 89' lang='lat' dir='ltr'>vit,</span> <span class='ocrx_word' id='word_1_235' title='bbox 374 2107 482 2173; x_wconf 85' lang='lat' dir='ltr'>nempe</span> <span class='ocrx_word' id='word_1_236' title='bbox 504 2107 531 2167; x_wconf 92' lang='lat' dir='ltr'>p.</span> <span class='ocrx_word' id='word_1_237' title='bbox 556 2090 623 2150; x_wconf 88' lang='grc'><strong>444.</strong></span> <span class='ocrx_word' id='word_1_238' title='bbox 655 2106 776 2150; x_wconf 88' lang='lat' dir='ltr'>carmen</span> <span class='ocrx_word' id='word_1_239' title='bbox 807 2088 1002 2150; x_wconf 82' lang='lat' dir='ltr'>hexametron</span> <span class='ocrx_word' id='word_1_240' title='bbox 1057 2091 1147 2163; x_wconf 88' lang='lat' dir='ltr'>alque</span> <span class='ocrx_word' id='word_1_241' title='bbox 1167 2085 1245 2164; x_wconf 86' lang='lat' dir='ltr'>opud</span> <span class='ocrx_word' id='word_1_242' title='bbox 1268 2088 1426 2148; x_wconf 86' lang='lat' dir='ltr'>Honoriurn</span> <span class='ocrx_word' id='word_1_243' title='bbox 1460 2087 1495 2148; x_wconf 96' lang='grc'>11.</span> <span class='ocrx_word' id='word_1_244' title='bbox 1522 2087 1567 2149; x_wconf 89' lang='grc'>34.</span> <span class='ocrx_word' id='word_1_245' title='bbox 1597 2085 1746 2156; x_wconf 77' lang='grc'><strong>44641164</strong></span> 
     </span>
     <span class='ocr_line' id='line_1_22' title="bbox 286 2177 1746 2261; baseline -0.003 -19"><span class='ocrx_word' id='word_1_246' title='bbox 286 2181 322 2242; x_wconf 88' lang='grc'>46</span> <span class='ocrx_word' id='word_1_247' title='bbox 346 2184 467 2242; x_wconf 87' lang='lat' dir='ltr'>Petrum</span> <span class='ocrx_word' id='word_1_248' title='bbox 505 2183 645 2244; x_wconf 88' lang='lat' dir='ltr'>Pisanum</span> <span class='ocrx_word' id='word_1_249' title='bbox 678 2181 832 2243; x_wconf 78' lang='lat' dir='ltr'>carolini.</span> <span class='ocrx_word' id='word_1_250' title='bbox 855 2184 884 2240; x_wconf 91' lang='lat' dir='ltr'>in</span> <span class='ocrx_word' id='word_1_251' title='bbox 906 2199 1004 2261; x_wconf 86' lang='lat' dir='ltr'>gram·</span> <span class='ocrx_word' id='word_1_252' title='bbox 1057 2177 1238 2260; x_wconf 84' lang='lat' dir='ltr'>Episcopus,</span> <span class='ocrx_word' id='word_1_253' title='bbox 1260 2183 1378 2258; x_wconf 89' lang='lat' dir='ltr'>scripsit</span> <span class='ocrx_word' id='word_1_254' title='bbox 1394 2180 1430 2241; x_wconf 87' lang='lat' dir='ltr'>de</span> <span class='ocrx_word' id='word_1_255' title='bbox 1438 2181 1615 2260; x_wconf 88' lang='lat' dir='ltr'>poenitentia</span> <span class='ocrx_word' id='word_1_256' title='bbox 1630 2181 1746 2240; x_wconf 86' lang='lat' dir='ltr'>libellam</span> 
     </span>
     <span class='ocr_line' id='line_1_23' title="bbox 288 2267 1752 2356; baseline -0.002 -21"><span class='ocrx_word' id='word_1_257' title='bbox 288 2277 396 2335; x_wconf 86' lang='lat' dir='ltr'>matina</span> <span class='ocrx_word' id='word_1_258' title='bbox 417 2276 579 2336; x_wconf 90' lang='lat' dir='ltr'>doctorem.</span> <span class='ocrx_word' id='word_1_259' title='bbox 615 2276 740 2356; x_wconf 80' lang='lat' dir='ltr'>Incipit:</span> <span class='ocrx_word' id='word_1_260' title='bbox 764 2273 897 2338; x_wconf 85' lang='lat' dir='ltr'>Candide</span> <span class='ocrx_word' id='word_1_261' title='bbox 915 2277 1004 2336; x_wconf 79' lang='grc'><strong>444444-</strong></span> <span class='ocrx_word' id='word_1_262' title='bbox 1058 2272 1089 2330; x_wconf 89' lang='lat' dir='ltr'>r&#39;o</span> <span class='ocrx_word' id='word_1_263' title='bbox 1109 2289 1167 2352; x_wconf 81' lang='lat' dir='ltr'>qno</span> <span class='ocrx_word' id='word_1_264' title='bbox 1189 2273 1270 2334; x_wconf 85' lang='lat' dir='ltr'>dedit</span> <span class='ocrx_word' id='word_1_265' title='bbox 1289 2271 1378 2350; x_wconf 70' lang='lat' dir='ltr'>lencm</span> <span class='ocrx_word' id='word_1_266' title='bbox 1394 2267 1626 2354; x_wconf 76' lang='lat' dir='ltr'>poenitentibus,</span> <span class='ocrx_word' id='word_1_267' title='bbox 1649 2275 1688 2333; x_wconf 87' lang='lat' dir='ltr'>ilc</span> <span class='ocrx_word' id='word_1_268' title='bbox 1711 2269 1752 2332; x_wconf 87' lang='lat' dir='ltr'>dc-</span> 
     </span>
     <span class='ocr_line' id='line_1_24' title="bbox 287 2362 1752 2449; baseline 0.001 -21"><span class='ocrx_word' id='word_1_269' title='bbox 287 2365 373 2449; x_wconf 67' lang='lat' dir='ltr'>bifido</span> <span class='ocrx_word' id='word_1_270' title='bbox 388 2387 456 2449; x_wconf 85' lang='lat' dir='ltr'>pag</span> <span class='ocrx_word' id='word_1_271' title='bbox 476 2369 544 2430; x_wconf 90' lang='grc'><strong>442.</strong></span> <span class='ocrx_word' id='word_1_272' title='bbox 564 2370 674 2430; x_wconf 86' lang='lat' dir='ltr'>Versus</span> <span class='ocrx_word' id='word_1_273' title='bbox 693 2366 785 2434; x_wconf 87' lang='lat' dir='ltr'>Pauli</span> <span class='ocrx_word' id='word_1_274' title='bbox 797 2367 935 2430; x_wconf 85' lang='lat' dir='ltr'>missiad</span> <span class='ocrx_word' id='word_1_275' title='bbox 950 2370 1003 2431; x_wconf 77' lang='lat' dir='ltr'>iio</span> <span class='ocrx_word' id='word_1_276' title='bbox 1059 2362 1127 2425; x_wconf 85' lang='lat' dir='ltr'>berc</span> <span class='ocrx_word' id='word_1_277' title='bbox 1147 2365 1245 2427; x_wconf 88' lang='lat' dir='ltr'>dolere</span> <span class='ocrx_word' id='word_1_278' title='bbox 1276 2366 1310 2427; x_wconf 89' lang='lat' dir='ltr'>de</span> <span class='ocrx_word' id='word_1_279' title='bbox 1338 2368 1487 2445; x_wconf 88' lang='lat' dir='ltr'>peccatis,</span> <span class='ocrx_word' id='word_1_280' title='bbox 1509 2386 1544 2428; x_wconf 87' lang='lat' dir='ltr'>nc</span> <span class='ocrx_word' id='word_1_281' title='bbox 1563 2385 1656 2449; x_wconf 86' lang='lat' dir='ltr'>supro</span> <span class='ocrx_word' id='word_1_282' title='bbox 1684 2383 1752 2427; x_wconf 85' lang='lat' dir='ltr'>mon</span> 
     </span>
     <span class='ocr_line' id='line_1_25' title="bbox 281 2459 1754 2542; baseline -0.003 -19"><span class='ocrx_word' id='word_1_283' title='bbox 281 2479 357 2542; x_wconf 75' lang='lat' dir='ltr'>aem</span> <span class='ocrx_word' id='word_1_284' title='bbox 379 2464 486 2541; x_wconf 88' lang='lat' dir='ltr'>incipit</span> <span class='ocrx_word' id='word_1_285' title='bbox 518 2461 652 2534; x_wconf 81' lang='lat' dir='ltr'>cinthius</span> <span class='ocrx_word' id='word_1_286' title='bbox 667 2462 804 2524; x_wconf 84' lang='lat' dir='ltr'>occiduos</span> <span class='ocrx_word' id='word_1_287' title='bbox 821 2470 879 2524; x_wconf 88' lang='lat' dir='ltr'>eto.</span> <span class='ocrx_word' id='word_1_288' title='bbox 897 2482 924 2542; x_wconf 95' lang='lat' dir='ltr'>p</span> <span class='ocrx_word' id='word_1_289' title='bbox 944 2462 1002 2523; x_wconf 85' lang='grc'>444</span> <span class='ocrx_word' id='word_1_290' title='bbox 1056 2476 1161 2520; x_wconf 86' lang='lat' dir='ltr'>soram</span> <span class='ocrx_word' id='word_1_291' title='bbox 1177 2461 1333 2537; x_wconf 68' lang='lat' dir='ltr'>tristitiae,</span> <span class='ocrx_word' id='word_1_292' title='bbox 1350 2460 1541 2522; x_wconf 86' lang='lat' dir='ltr'>immensitate</span> <span class='ocrx_word' id='word_1_293' title='bbox 1554 2459 1754 2542; x_wconf 83' lang='lat' dir='ltr'>desperationis</span> 
     </span>
     <span class='ocr_line' id='line_1_26' title="bbox 281 2555 1243 2635; baseline -0.002 -19"><span class='ocrx_word' id='word_1_294' title='bbox 281 2564 366 2617; x_wconf 86' lang='lat' dir='ltr'>extat</span> <span class='ocrx_word' id='word_1_295' title='bbox 386 2557 516 2634; x_wconf 80' lang='lat' dir='ltr'>supplex</span> <span class='ocrx_word' id='word_1_296' title='bbox 536 2555 658 2617; x_wconf 89' lang='lat' dir='ltr'>libellus</span> <span class='ocrx_word' id='word_1_297' title='bbox 679 2560 813 2617; x_wconf 85' lang='lat' dir='ltr'>carmine</span> <span class='ocrx_word' id='word_1_298' title='bbox 835 2573 1002 2635; x_wconf 88' lang='lat' dir='ltr'>expressus</span> <span class='ocrx_word' id='word_1_299' title='bbox 1056 2561 1243 2632; x_wconf 66' lang='lat' dir='ltr'>mercantur.</span> 
     </span>
     <span class='ocr_line' id='line_1_27' title="bbox 282 2617 1758 2728; baseline -0.002 -19"><span class='ocrx_word' id='word_1_300' title='bbox 282 2647 363 2709; x_wconf 90' lang='lat' dir='ltr'>Pauli</span> <span class='ocrx_word' id='word_1_301' title='bbox 380 2648 417 2708; x_wconf 89' lang='grc'>46</span> <span class='ocrx_word' id='word_1_302' title='bbox 436 2648 575 2711; x_wconf 91' lang='lat' dir='ltr'>carolum</span> <span class='ocrx_word' id='word_1_303' title='bbox 593 2650 761 2710; x_wconf 87' lang='lat' dir='ltr'>libertatem</span> <span class='ocrx_word' id='word_1_304' title='bbox 774 2667 827 2728; x_wconf 91' lang='lat' dir='ltr'>pro</span> <span class='ocrx_word' id='word_1_305' title='bbox 846 2650 937 2709; x_wconf 83' lang='lat' dir='ltr'>tratre</span> <span class='ocrx_word' id='word_1_306' title='bbox 947 2665 1001 2710; x_wconf 87' lang='lat' dir='ltr'>suo</span> <span class='ocrx_word' id='word_1_307' title='bbox 1098 2649 1242 2710; x_wconf 81' lang='lat' dir='ltr'>PAULUS</span> <span class='ocrx_word' id='word_1_308' title='bbox 1263 2646 1470 2723; x_wconf 84' lang='lat' dir='ltr'>Florentious,</span> <span class='ocrx_word' id='word_1_309' title='bbox 1491 2652 1576 2726; x_wconf 74' lang='lat' dir='ltr'>cuius</span> <span class='ocrx_word' id='word_1_310' title='bbox 1596 2617 1758 2726; x_wconf 74' lang='lat' dir='ltr'>Quadringe-</span> 
     </span>
     <span class='ocr_line' id='line_1_28' title="bbox 283 2741 1757 2821; baseline 0.001 -23"><span class='ocrx_word' id='word_1_311' title='bbox 283 2742 312 2800; x_wconf 93' lang='lat' dir='ltr'>in</span> <span class='ocrx_word' id='word_1_312' title='bbox 339 2741 416 2802; x_wconf 88' lang='lat' dir='ltr'>bello</span> <span class='ocrx_word' id='word_1_313' title='bbox 437 2750 543 2819; x_wconf 87' lang='lat' dir='ltr'>capto,</span> <span class='ocrx_word' id='word_1_314' title='bbox 565 2750 596 2803; x_wconf 91' lang='lat' dir='ltr'>et</span> <span class='ocrx_word' id='word_1_315' title='bbox 617 2745 774 2821; x_wconf 90' lang='lat' dir='ltr'>septennio</span> <span class='ocrx_word' id='word_1_316' title='bbox 805 2743 1001 2820; x_wconf 90' lang='lat' dir='ltr'>eaptivorm-</span> <span class='ocrx_word' id='word_1_317' title='bbox 1055 2741 1757 2821; x_wconf 72' lang='grc'><strong>444444146444644644444464444614614444444</strong></span> 
     </span>
     <span class='ocr_line' id='line_1_29' title="bbox 283 2833 1760 2916; baseline -0.003 -22"><span class='ocrx_word' id='word_1_318' title='bbox 283 2834 436 2912; x_wconf 86' lang='lat' dir='ltr'>plorantis.</span> <span class='ocrx_word' id='word_1_319' title='bbox 468 2836 544 2895; x_wconf 87' lang='lat' dir='ltr'>Tum</span> <span class='ocrx_word' id='word_1_320' title='bbox 577 2837 714 2913; x_wconf 89' lang='lat' dir='ltr'>sequitur</span> <span class='ocrx_word' id='word_1_321' title='bbox 744 2835 879 2898; x_wconf 87' lang='lat' dir='ltr'>eiusdem</span> <span class='ocrx_word' id='word_1_322' title='bbox 916 2837 997 2896; x_wconf 89' lang='lat' dir='ltr'>Pauli</span> <span class='ocrx_word' id='word_1_323' title='bbox 1052 2834 1106 2895; x_wconf 90' lang='grc'><strong>6444</strong></span> <span class='ocrx_word' id='word_1_324' title='bbox 1127 2835 1280 2898; x_wconf 82' lang='lat' dir='ltr'>Mediolani</span> <span class='ocrx_word' id='word_1_325' title='bbox 1303 2837 1391 2898; x_wconf 85' lang='grc'><strong>4479.</strong></span> <span class='ocrx_word' id='word_1_326' title='bbox 1413 2843 1444 2898; x_wconf 85' lang='grc'>44</span> <span class='ocrx_word' id='word_1_327' title='bbox 1463 2837 1499 2898; x_wconf 90' lang='grc'>46</span> <span class='ocrx_word' id='word_1_328' title='bbox 1526 2853 1613 2916; x_wconf 91' lang='lat' dir='ltr'>quem</span> <span class='ocrx_word' id='word_1_329' title='bbox 1647 2833 1760 2899; x_wconf 86' lang='lat' dir='ltr'>Marsilii</span> 
     </span>
     <span class='ocr_line' id='line_1_30' title="bbox 285 2927 1759 3008; baseline 0.003 -24"><span class='ocrx_word' id='word_1_330' title='bbox 285 2927 410 3006; x_wconf 81' lang='lat' dir='ltr'>epistola</span> <span class='ocrx_word' id='word_1_331' title='bbox 431 2927 467 2987; x_wconf 90' lang='grc'>46</span> <span class='ocrx_word' id='word_1_332' title='bbox 489 2928 731 2992; x_wconf 88' lang='lat' dir='ltr'>Theudemarum</span> <span class='ocrx_word' id='word_1_333' title='bbox 752 2929 899 2990; x_wconf 84' lang='lat' dir='ltr'>Abbatem</span> <span class='ocrx_word' id='word_1_334' title='bbox 915 2930 999 2990; x_wconf 90' lang='lat' dir='ltr'>casi-</span> <span class='ocrx_word' id='word_1_335' title='bbox 1055 2929 1146 2989; x_wconf 89' lang='lat' dir='ltr'>Ficini</span> <span class='ocrx_word' id='word_1_336' title='bbox 1167 2931 1301 3008; x_wconf 86' lang='lat' dir='ltr'>Epistola</span> <span class='ocrx_word' id='word_1_337' title='bbox 1322 2931 1397 2992; x_wconf 91' lang='lat' dir='ltr'>libro</span> <span class='ocrx_word' id='word_1_338' title='bbox 1418 2930 1541 2992; x_wconf 86' lang='lat' dir='ltr'>decimo.</span> <span class='ocrx_word' id='word_1_339' title='bbox 1562 2931 1635 2992; x_wconf 89' lang='lat' dir='ltr'>Vide</span> <span class='ocrx_word' id='word_1_340' title='bbox 1656 2944 1759 3008; x_wconf 88' lang='lat' dir='ltr'>supra,</span> 
     </span>
     <span class='ocr_line' id='line_1_31' title="bbox 282 3022 1399 3100; baseline 0.004 -20"><span class='ocrx_word' id='word_1_341' title='bbox 282 3038 426 3094; x_wconf 84' lang='lat' dir='ltr'>oensem,</span> <span class='ocrx_word' id='word_1_342' title='bbox 448 3039 507 3100; x_wconf 85' lang='lat' dir='ltr'>qua</span> <span class='ocrx_word' id='word_1_343' title='bbox 538 3022 654 3083; x_wconf 88' lang='lat' dir='ltr'>ardenti</span> <span class='ocrx_word' id='word_1_344' title='bbox 677 3039 709 3082; x_wconf 89' lang='lat' dir='ltr'>se</span> <span class='ocrx_word' id='word_1_345' title='bbox 735 3025 830 3083; x_wconf 89' lang='lat' dir='ltr'>teneri</span> <span class='ocrx_word' id='word_1_346' title='bbox 852 3023 999 3084; x_wconf 89' lang='lat' dir='ltr'>desiderio</span> <span class='ocrx_word' id='word_1_347' title='bbox 1053 3022 1170 3085; x_wconf 83' lang='lat' dir='ltr'>Paulos</span> <span class='ocrx_word' id='word_1_348' title='bbox 1196 3023 1399 3086; x_wconf 81' lang='lat' dir='ltr'>Attaoaotius.</span> 
     </span>
     <span class='ocr_line' id='line_1_32' title="bbox 281 3107 1762 3197; baseline -0.001 -23"><span class='ocrx_word' id='word_1_349' title='bbox 281 3114 429 3194; x_wconf 84' lang='grc'><strong>4434444444</strong></span> <span class='ocrx_word' id='word_1_350' title='bbox 451 3114 489 3175; x_wconf 93' lang='lat' dir='ltr'>ab</span> <span class='ocrx_word' id='word_1_351' title='bbox 509 3116 578 3177; x_wconf 88' lang='lat' dir='ltr'>aula</span> <span class='ocrx_word' id='word_1_352' title='bbox 599 3125 666 3176; x_wconf 86' lang='lat' dir='ltr'>sese</span> <span class='ocrx_word' id='word_1_353' title='bbox 688 3115 865 3195; x_wconf 86' lang='lat' dir='ltr'>expediendi</span> <span class='ocrx_word' id='word_1_354' title='bbox 886 3124 918 3178; x_wconf 88' lang='lat' dir='ltr'>et</span> <span class='ocrx_word' id='word_1_355' title='bbox 945 3107 998 3180; x_wconf 88' lang='lat' dir='ltr'>ca·</span> <span class='ocrx_word' id='word_1_356' title='bbox 1064 3137 1066 3141; x_wconf 71' lang='grc'>’</span> <span class='ocrx_word' id='word_1_357' title='bbox 1095 3114 1242 3178; x_wconf 85' lang='lat' dir='ltr'>PAULUS</span> <span class='ocrx_word' id='word_1_358' title='bbox 1262 3116 1371 3179; x_wconf 86' lang='lat' dir='ltr'>Florus</span> <span class='ocrx_word' id='word_1_359' title='bbox 1391 3119 1449 3196; x_wconf 89' lang='lat' dir='ltr'>quo</span> <span class='ocrx_word' id='word_1_360' title='bbox 1470 3134 1543 3180; x_wconf 90' lang='lat' dir='ltr'>usus</span> <span class='ocrx_word' id='word_1_361' title='bbox 1563 3118 1762 3197; x_wconf 82' lang='lat' dir='ltr'>cuspinianus</span> 
     </span>
     <span class='ocr_line' id='line_1_33' title="bbox 277 3207 1765 3290; baseline 0 -23"><span class='ocrx_word' id='word_1_362' title='bbox 277 3210 391 3268; x_wconf 87' lang='lat' dir='ltr'>sinensi</span> <span class='ocrx_word' id='word_1_363' title='bbox 412 3211 510 3268; x_wconf 90' lang='lat' dir='ltr'>coetui</span> <span class='ocrx_word' id='word_1_364' title='bbox 532 3225 600 3270; x_wconf 88' lang='lat' dir='ltr'>sese</span> <span class='ocrx_word' id='word_1_365' title='bbox 621 3209 820 3289; x_wconf 83' lang='lat' dir='ltr'>coniungendi</span> <span class='ocrx_word' id='word_1_366' title='bbox 836 3209 853 3246; x_wconf 79' lang='lat'><em>*</em></span> <span class='ocrx_word' id='word_1_367' title='bbox 869 3211 938 3288; x_wconf 88' lang='grc'><strong>4243</strong></span> <span class='ocrx_word' id='word_1_368' title='bbox 956 3214 997 3274; x_wconf 84' lang='lat' dir='ltr'>Do</span> <span class='ocrx_word' id='word_1_369' title='bbox 1051 3213 1093 3274; x_wconf 87' lang='lat' dir='ltr'>De</span> <span class='ocrx_word' id='word_1_370' title='bbox 1113 3228 1149 3272; x_wconf 91' lang='lat' dir='ltr'>eo</span> <span class='ocrx_word' id='word_1_371' title='bbox 1171 3223 1261 3289; x_wconf 84' lang='lat' dir='ltr'>supra</span> <span class='ocrx_word' id='word_1_372' title='bbox 1286 3217 1357 3274; x_wconf 89' lang='lat' dir='ltr'>tom.</span> <span class='ocrx_word' id='word_1_373' title='bbox 1379 3211 1398 3272; x_wconf 91' lang='grc'><strong>2</strong></span> <span class='ocrx_word' id='word_1_374' title='bbox 1419 3230 1446 3290; x_wconf 91' lang='lat' dir='ltr'>p.</span> <span class='ocrx_word' id='word_1_375' title='bbox 1468 3209 1535 3272; x_wconf 85' lang='grc'><strong>5841.</strong></span> <span class='ocrx_word' id='word_1_376' title='bbox 1556 3227 1593 3272; x_wconf 81' lang='lat' dir='ltr'>ex</span> <span class='ocrx_word' id='word_1_377' title='bbox 1613 3213 1680 3272; x_wconf 89' lang='lat' dir='ltr'>Nic.</span> <span class='ocrx_word' id='word_1_378' title='bbox 1702 3207 1765 3270; x_wconf 80' lang='lat' dir='ltr'>hle·</span> 
     </span>
     <span class='ocr_line' id='line_1_34' title="bbox 279 3300 1544 3384; baseline 0.001 -23"><span class='ocrx_word' id='word_1_379' title='bbox 279 3301 336 3364; x_wconf 91' lang='lat' dir='ltr'>boc</span> <span class='ocrx_word' id='word_1_380' title='bbox 358 3300 448 3363; x_wconf 92' lang='lat' dir='ltr'>Paulo</span> <span class='ocrx_word' id='word_1_381' title='bbox 469 3302 796 3364; x_wconf 86' lang='lat' dir='ltr'>Varneiridiio.Lirnti</span> <span class='ocrx_word' id='word_1_382' title='bbox 815 3306 844 3363; x_wconf 93' lang='lat' dir='ltr'>in</span> <span class='ocrx_word' id='word_1_383' title='bbox 861 3305 918 3384; x_wconf 91' lang='lat' dir='ltr'>Op.</span> <span class='ocrx_word' id='word_1_384' title='bbox 938 3305 997 3366; x_wconf 89' lang='lat' dir='ltr'>No·</span> <span class='ocrx_word' id='word_1_385' title='bbox 1050 3320 1159 3365; x_wconf 89' lang='lat' dir='ltr'>manno</span> <span class='ocrx_word' id='word_1_386' title='bbox 1180 3302 1216 3362; x_wconf 89' lang='grc'>46</span> <span class='ocrx_word' id='word_1_387' title='bbox 1242 3304 1370 3382; x_wconf 86' lang='lat' dir='ltr'>Procopii</span> <span class='ocrx_word' id='word_1_388' title='bbox 1392 3301 1544 3365; x_wconf 86' lang='lat' dir='ltr'>anecdota.</span> 
     </span>
     <span class='ocr_line' id='line_1_35' title="bbox 279 3393 1767 3475; baseline 0.001 -21"><span class='ocrx_word' id='word_1_389' title='bbox 279 3394 349 3455; x_wconf 77' lang='lat' dir='ltr'>tinio</span> <span class='ocrx_word' id='word_1_390' title='bbox 370 3393 569 3456; x_wconf 83' lang='lat' dir='ltr'>de&#39;cetterati</span> <span class='ocrx_word' id='word_1_391' title='bbox 583 3393 632 3456; x_wconf 86' lang='lat' dir='ltr'>dcl</span> <span class='ocrx_word' id='word_1_392' title='bbox 650 3395 753 3457; x_wconf 86' lang='lat' dir='ltr'>Friuli</span> <span class='ocrx_word' id='word_1_393' title='bbox 772 3399 792 3458; x_wconf 94' lang='grc'>1.</span> <span class='ocrx_word' id='word_1_394' title='bbox 816 3397 884 3459; x_wconf 92' lang='grc'><strong>463.</strong></span> <span class='ocrx_word' id='word_1_395' title='bbox 908 3405 939 3458; x_wconf 89' lang='lat' dir='ltr'>et</span> <span class='ocrx_word' id='word_1_396' title='bbox 960 3401 998 3460; x_wconf 84' lang='lat' dir='ltr'>ll:</span> <span class='ocrx_word' id='word_1_397' title='bbox 1087 3393 1232 3459; x_wconf 81' lang='lat' dir='ltr'>PAULUS</span> <span class='ocrx_word' id='word_1_398' title='bbox 1248 3397 1410 3458; x_wconf 81' lang='lat' dir='ltr'>conuensis</span> <span class='ocrx_word' id='word_1_399' title='bbox 1422 3395 1704 3475; x_wconf 73' lang='lat' dir='ltr'>bigunnonacbus</span> <span class='ocrx_word' id='word_1_400' title='bbox 1715 3395 1767 3456; x_wconf 87' lang='lat' dir='ltr'>ca-</span> 
     </span>
     <span class='ocr_line' id='line_1_36' title="bbox 276 3487 1765 3568; baseline -0.001 -21"><span class='ocrx_word' id='word_1_401' title='bbox 276 3487 450 3549; x_wconf 88' lang='lat' dir='ltr'>Tiraboschi</span> <span class='ocrx_word' id='word_1_402' title='bbox 472 3489 575 3549; x_wconf 86' lang='lat' dir='ltr'>Storio</span> <span class='ocrx_word' id='word_1_403' title='bbox 596 3507 640 3551; x_wconf 92' lang='lat' dir='ltr'>ec.</span> <span class='ocrx_word' id='word_1_404' title='bbox 662 3491 713 3551; x_wconf 94' lang='lat' dir='ltr'>lli.</span> <span class='ocrx_word' id='word_1_405' title='bbox 734 3491 793 3553; x_wconf 86' lang='grc'>245</span> <span class='ocrx_word' id='word_1_406' title='bbox 814 3487 879 3551; x_wconf 88' lang='lat' dir='ltr'>inse</span> <span class='ocrx_word' id='word_1_407' title='bbox 901 3490 994 3551; x_wconf 91' lang='lat' dir='ltr'>disse·</span> <span class='ocrx_word' id='word_1_408' title='bbox 1048 3494 1178 3552; x_wconf 83' lang='lat' dir='ltr'>cinensis</span> <span class='ocrx_word' id='word_1_409' title='bbox 1199 3491 1236 3552; x_wconf 88' lang='lat' dir='ltr'>ab</span> <span class='ocrx_word' id='word_1_410' title='bbox 1259 3492 1380 3552; x_wconf 90' lang='lat' dir='ltr'>inlantia</span> <span class='ocrx_word' id='word_1_411' title='bbox 1398 3492 1532 3568; x_wconf 90' lang='lat' dir='ltr'>privatus</span> <span class='ocrx_word' id='word_1_412' title='bbox 1548 3489 1707 3552; x_wconf 84' lang='lat' dir='ltr'>oculorum</span> <span class='ocrx_word' id='word_1_413' title='bbox 1725 3487 1765 3546; x_wconf 93' lang='lat' dir='ltr'>lu·</span> 
     </span>
     <span class='ocr_line' id='line_1_37' title="bbox 274 3579 1768 3660; baseline -0.003 -19"><span class='ocrx_word' id='word_1_414' title='bbox 274 3584 435 3655; x_wconf 77' lang='lat' dir='ltr'>ruerunt.)</span> <span class='ocrx_word' id='word_1_415' title='bbox 1047 3587 1145 3660; x_wconf 89' lang='lat' dir='ltr'>mine,</span> <span class='ocrx_word' id='word_1_416' title='bbox 1175 3585 1393 3646; x_wconf 84' lang='lat' dir='ltr'>Grammaticus</span> <span class='ocrx_word' id='word_1_417' title='bbox 1421 3589 1540 3654; x_wconf 79' lang='lat' dir='ltr'>tamen,</span> <span class='ocrx_word' id='word_1_418' title='bbox 1568 3579 1768 3660; x_wconf 87' lang='lat' dir='ltr'>Philosophus</span> 
     </span>
    </p>

    <p class='ocr_par' dir='ltr' id='par_1_5' title="bbox 262 3673 1780 4882">
     <span class='ocr_line' id='line_1_38' title="bbox 313 3673 1767 3756; baseline -0.003 -22"><span class='ocrx_word' id='word_1_419' title='bbox 313 3673 460 3736; x_wconf 77' lang='lat' dir='ltr'>PAULUS</span> <span class='ocrx_word' id='word_1_420' title='bbox 474 3675 624 3736; x_wconf 82' lang='lat' dir='ltr'>Diaconos</span> <span class='ocrx_word' id='word_1_421' title='bbox 636 3674 829 3736; x_wconf 85' lang='lat' dir='ltr'>Emeritensis</span> <span class='ocrx_word' id='word_1_422' title='bbox 845 3678 873 3735; x_wconf 90' lang='lat' dir='ltr'>in</span> <span class='ocrx_word' id='word_1_423' title='bbox 888 3678 991 3755; x_wconf 88' lang='lat' dir='ltr'>ilispa-</span> <span class='ocrx_word' id='word_1_424' title='bbox 1044 3683 1074 3736; x_wconf 88' lang='lat' dir='ltr'>et</span> <span class='ocrx_word' id='word_1_425' title='bbox 1095 3678 1263 3756; x_wconf 85' lang='lat' dir='ltr'>Theologus</span> <span class='ocrx_word' id='word_1_426' title='bbox 1279 3680 1356 3738; x_wconf 86' lang='lat' dir='ltr'>circa</span> <span class='ocrx_word' id='word_1_427' title='bbox 1374 3677 1430 3737; x_wconf 88' lang='grc'><strong>444.</strong></span> <span class='ocrx_word' id='word_1_428' title='bbox 1452 3676 1536 3738; x_wconf 81' lang='lat' dir='ltr'>licii.</span> <span class='ocrx_word' id='word_1_429' title='bbox 1559 3676 1710 3754; x_wconf 80' lang='lat' dir='ltr'>insignis,</span> <span class='ocrx_word' id='word_1_430' title='bbox 1728 3675 1767 3730; x_wconf 84' lang='grc'>444</span> 
     </span>
     <span class='ocr_line' id='line_1_39' title="bbox 274 3769 1771 3849; baseline -0.002 -21"><span class='ocrx_word' id='word_1_431' title='bbox 274 3771 342 3843; x_wconf 87' lang='lat' dir='ltr'>nia,</span> <span class='ocrx_word' id='word_1_432' title='bbox 363 3770 464 3829; x_wconf 88' lang='lat' dir='ltr'>seculo</span> <span class='ocrx_word' id='word_1_433' title='bbox 487 3771 635 3848; x_wconf 89' lang='lat' dir='ltr'>septimo,</span> <span class='ocrx_word' id='word_1_434' title='bbox 658 3771 675 3831; x_wconf 82' lang='grc'>4</span> <span class='ocrx_word' id='word_1_435' title='bbox 697 3771 786 3831; x_wconf 91' lang='lat' dir='ltr'>Paulo</span> <span class='ocrx_word' id='word_1_436' title='bbox 809 3771 988 3832; x_wconf 90' lang='lat' dir='ltr'>Emeritensi</span> <span class='ocrx_word' id='word_1_437' title='bbox 1044 3779 1079 3830; x_wconf 89' lang='lat' dir='ltr'>at</span> <span class='ocrx_word' id='word_1_438' title='bbox 1092 3770 1498 3849; x_wconf 82' lang='lat' dir='ltr'>alterliidymusbaberetur</span> <span class='ocrx_word' id='word_1_439' title='bbox 1511 3771 1693 3830; x_wconf 85' lang='lat' dir='ltr'>testePetro</span> <span class='ocrx_word' id='word_1_440' title='bbox 1705 3769 1771 3828; x_wconf 87' lang='lat' dir='ltr'>Dia·</span> 
     </span>
     <span class='ocr_line' id='line_1_40' title="bbox 272 3853 1768 3944; baseline -0.002 -24"><span class='ocrx_word' id='word_1_441' title='bbox 272 3861 440 3940; x_wconf 89' lang='lat' dir='ltr'>Episcopo,</span> <span class='ocrx_word' id='word_1_442' title='bbox 468 3881 559 3940; x_wconf 87' lang='lat' dir='ltr'>quem</span> <span class='ocrx_word' id='word_1_443' title='bbox 588 3865 652 3943; x_wconf 89' lang='lat' dir='ltr'>ipse</span> <span class='ocrx_word' id='word_1_444' title='bbox 683 3881 747 3944; x_wconf 90' lang='lat' dir='ltr'>cap.</span> <span class='ocrx_word' id='word_1_445' title='bbox 770 3863 817 3926; x_wconf 89' lang='lat' dir='ltr'>lV.</span> <span class='ocrx_word' id='word_1_446' title='bbox 839 3863 988 3940; x_wconf 84' lang='lat' dir='ltr'>celebrat,</span> <span class='ocrx_word' id='word_1_447' title='bbox 1043 3879 1117 3923; x_wconf 89' lang='lat' dir='ltr'>cono</span> <span class='ocrx_word' id='word_1_448' title='bbox 1138 3880 1202 3943; x_wconf 89' lang='lat' dir='ltr'>cap.</span> <span class='ocrx_word' id='word_1_449' title='bbox 1226 3865 1273 3924; x_wconf 90' lang='grc'>36.</span> <span class='ocrx_word' id='word_1_450' title='bbox 1295 3853 1331 3924; x_wconf 85' lang='grc'>64</span> <span class='ocrx_word' id='word_1_451' title='bbox 1353 3861 1516 3926; x_wconf 86' lang='lat' dir='ltr'>illustribus</span> <span class='ocrx_word' id='word_1_452' title='bbox 1536 3859 1768 3922; x_wconf 84' lang='lat' dir='ltr'>Casinensibus</span> 
     </span>
     <span class='ocr_line' id='line_1_41' title="bbox 272 3951 1770 4038; baseline 0.001 -28"><span class='ocrx_word' id='word_1_453' title='bbox 272 3951 431 4030; x_wconf 89' lang='lat' dir='ltr'>diversus,</span> <span class='ocrx_word' id='word_1_454' title='bbox 449 3958 571 4033; x_wconf 89' lang='lat' dir='ltr'>scripsit</span> <span class='ocrx_word' id='word_1_455' title='bbox 591 3958 699 4019; x_wconf 90' lang='lat' dir='ltr'>librum</span> <span class='ocrx_word' id='word_1_456' title='bbox 722 3951 837 4020; x_wconf 76' lang='lat' dir='ltr'>debita</span> <span class='ocrx_word' id='word_1_457' title='bbox 854 3959 988 4020; x_wconf 77' lang='grc'><strong>444444444-</strong></span> <span class='ocrx_word' id='word_1_458' title='bbox 1043 3958 1175 4036; x_wconf 89' lang='lat' dir='ltr'>Scriptnr</span> <span class='ocrx_word' id='word_1_459' title='bbox 1205 3959 1400 4038; x_wconf 89' lang='lat' dir='ltr'>plurimarum</span> <span class='ocrx_word' id='word_1_460' title='bbox 1435 3955 1701 4026; x_wconf 90' lang='lat' dir='ltr'>lucubrationum,</span> <span class='ocrx_word' id='word_1_461' title='bbox 1736 3959 1770 4012; x_wconf 90' lang='lat' dir='ltr'>ut</span> 
     </span>
     <span class='ocr_line' id='line_1_42' title="bbox 272 4043 1768 4130; baseline 0 -26"><span class='ocrx_word' id='word_1_462' title='bbox 272 4043 348 4105; x_wconf 88' lang='lat' dir='ltr'>colis</span> <span class='ocrx_word' id='word_1_463' title='bbox 359 4048 485 4108; x_wconf 76' lang='lat' dir='ltr'>Parrum</span> <span class='ocrx_word' id='word_1_464' title='bbox 498 4049 748 4130; x_wconf 83' lang='lat' dir='ltr'>Emeritensium,</span> <span class='ocrx_word' id='word_1_465' title='bbox 766 4051 988 4116; x_wconf 82' lang='lat' dir='ltr'>edituthar-</span> <span class='ocrx_word' id='word_1_466' title='bbox 1042 4053 1330 4116; x_wconf 85' lang='lat' dir='ltr'>Commentariorum</span> <span class='ocrx_word' id='word_1_467' title='bbox 1357 4052 1387 4111; x_wconf 88' lang='lat' dir='ltr'>in</span> <span class='ocrx_word' id='word_1_468' title='bbox 1407 4051 1546 4126; x_wconf 76' lang='lat' dir='ltr'>lisaniam,</span> <span class='ocrx_word' id='word_1_469' title='bbox 1571 4046 1768 4110; x_wconf 72' lang='lat' dir='ltr'>Hieremiam</span> 
     </span>
     <span class='ocr_line' id='line_1_43' title="bbox 271 4137 1771 4226; baseline 0.003 -30"><span class='ocrx_word' id='word_1_470' title='bbox 271 4137 345 4199; x_wconf 85' lang='lat' dir='ltr'>naba</span> <span class='ocrx_word' id='word_1_471' title='bbox 366 4140 485 4201; x_wconf 83' lang='lat' dir='ltr'>Moreno</span> <span class='ocrx_word' id='word_1_472' title='bbox 506 4141 543 4202; x_wconf 90' lang='lat' dir='ltr'>de</span> <span class='ocrx_word' id='word_1_473' title='bbox 563 4145 685 4223; x_wconf 83' lang='lat' dir='ltr'>Vargas,</span> <span class='ocrx_word' id='word_1_474' title='bbox 711 4147 819 4208; x_wconf 89' lang='lat' dir='ltr'>Matrit.</span> <span class='ocrx_word' id='word_1_475' title='bbox 849 4147 935 4207; x_wconf 88' lang='grc'><strong>4633.</strong></span> <span class='ocrx_word' id='word_1_476' title='bbox 960 4149 985 4207; x_wconf 93' lang='grc'>4.</span> <span class='ocrx_word' id='word_1_477' title='bbox 1040 4152 1071 4206; x_wconf 87' lang='grc'>44</span> <span class='ocrx_word' id='word_1_478' title='bbox 1091 4145 1222 4226; x_wconf 83' lang='lat' dir='ltr'>reliquos</span> <span class='ocrx_word' id='word_1_479' title='bbox 1245 4143 1425 4225; x_wconf 87' lang='lat' dir='ltr'>Prophetas,</span> <span class='ocrx_word' id='word_1_480' title='bbox 1447 4147 1474 4203; x_wconf 93' lang='lat' dir='ltr'>in</span> <span class='ocrx_word' id='word_1_481' title='bbox 1502 4141 1714 4216; x_wconf 83' lang='lat' dir='ltr'>Psolterium,</span> <span class='ocrx_word' id='word_1_482' title='bbox 1739 4139 1771 4200; x_wconf 90' lang='lat' dir='ltr'>in</span> 
     </span>
     <span class='ocr_line' id='line_1_44' title="bbox 269 4234 1767 4320; baseline 0.002 -31"><span class='ocrx_word' id='word_1_483' title='bbox 269 4236 301 4289; x_wconf 85' lang='lat' dir='ltr'>ct</span> <span class='ocrx_word' id='word_1_484' title='bbox 320 4246 389 4292; x_wconf 89' lang='lat' dir='ltr'>curn</span> <span class='ocrx_word' id='word_1_485' title='bbox 412 4235 490 4293; x_wconf 87' lang='lat' dir='ltr'>notis</span> <span class='ocrx_word' id='word_1_486' title='bbox 511 4234 642 4298; x_wconf 84' lang='lat' dir='ltr'>Thomas</span> <span class='ocrx_word' id='word_1_487' title='bbox 658 4239 780 4317; x_wconf 85' lang='lat' dir='ltr'>Tamajo</span> <span class='ocrx_word' id='word_1_488' title='bbox 797 4239 835 4300; x_wconf 89' lang='lat' dir='ltr'>de</span> <span class='ocrx_word' id='word_1_489' title='bbox 853 4241 984 4320; x_wconf 84' lang='lat' dir='ltr'>Verges,</span> <span class='ocrx_word' id='word_1_490' title='bbox 1040 4239 1240 4313; x_wconf 80' lang='lat' dir='ltr'>Mattianum,</span> <span class='ocrx_word' id='word_1_491' title='bbox 1260 4241 1414 4312; x_wconf 84' lang='lat' dir='ltr'>Marcum,</span> <span class='ocrx_word' id='word_1_492' title='bbox 1439 4238 1564 4310; x_wconf 84' lang='lat' dir='ltr'>Lucam,</span> <span class='ocrx_word' id='word_1_493' title='bbox 1588 4235 1767 4306; x_wconf 78' lang='lat' dir='ltr'>ioannem,</span> 
     </span>
     <span class='ocr_line' id='line_1_45' title="bbox 268 4322 1775 4413; baseline 0.001 -29"><span class='ocrx_word' id='word_1_494' title='bbox 268 4322 425 4404; x_wconf 83' lang='lat' dir='ltr'>Antwerp.</span> <span class='ocrx_word' id='word_1_495' title='bbox 455 4328 542 4388; x_wconf 87' lang='grc'><strong>4638.</strong></span> <span class='ocrx_word' id='word_1_496' title='bbox 561 4329 589 4390; x_wconf 88' lang='grc'>4.</span> <span class='ocrx_word' id='word_1_497' title='bbox 607 4332 680 4393; x_wconf 83' lang='grc'><strong>11164</strong></span> <span class='ocrx_word' id='word_1_498' title='bbox 697 4337 864 4398; x_wconf 88' lang='lat' dir='ltr'>auctarium</span> <span class='ocrx_word' id='word_1_499' title='bbox 885 4335 985 4395; x_wconf 87' lang='lat' dir='ltr'>Miraei</span> <span class='ocrx_word' id='word_1_500' title='bbox 1040 4331 1189 4412; x_wconf 87' lang='lat' dir='ltr'>Epistolas</span> <span class='ocrx_word' id='word_1_501' title='bbox 1204 4332 1294 4394; x_wconf 87' lang='lat' dir='ltr'>Pauli</span> <span class='ocrx_word' id='word_1_502' title='bbox 1301 4340 1333 4393; x_wconf 90' lang='lat' dir='ltr'>et</span> <span class='ocrx_word' id='word_1_503' title='bbox 1346 4329 1555 4413; x_wconf 76' lang='lat' dir='ltr'>Apocalypsin.</span> <span class='ocrx_word' id='word_1_504' title='bbox 1570 4329 1617 4388; x_wconf 86' lang='lat' dir='ltr'>liis</span> <span class='ocrx_word' id='word_1_505' title='bbox 1639 4325 1775 4390; x_wconf 83' lang='lat' dir='ltr'>accedit</span> 
     </span>
     <span class='ocr_line' id='line_1_46' title="bbox 267 4417 1773 4495; baseline 0.001 -17"><span class='ocrx_word' id='word_1_506' title='bbox 267 4433 331 4495; x_wconf 88' lang='lat' dir='ltr'>cap.</span> <span class='ocrx_word' id='word_1_507' title='bbox 351 4417 417 4480; x_wconf 88' lang='grc'><strong>474.</strong></span> <span class='ocrx_word' id='word_1_508' title='bbox 439 4427 471 4480; x_wconf 88' lang='grc'>44</span> <span class='ocrx_word' id='word_1_509' title='bbox 489 4423 555 4482; x_wconf 87' lang='lat' dir='ltr'>Nic.</span> <span class='ocrx_word' id='word_1_510' title='bbox 575 4422 741 4488; x_wconf 83' lang='lat' dir='ltr'>Antonium</span> <span class='ocrx_word' id='word_1_511' title='bbox 775 4429 850 4490; x_wconf 86' lang='lat' dir='ltr'>Bibl.</span> <span class='ocrx_word' id='word_1_512' title='bbox 871 4433 984 4488; x_wconf 88' lang='lat' dir='ltr'>veteris</span> <span class='ocrx_word' id='word_1_513' title='bbox 1040 4424 1076 4486; x_wconf 84' lang='lat' dir='ltr'>ce</span> <span class='ocrx_word' id='word_1_514' title='bbox 1095 4425 1270 4490; x_wconf 86' lang='lat' dir='ltr'>alteratione</span> <span class='ocrx_word' id='word_1_515' title='bbox 1291 4427 1474 4488; x_wconf 86' lang='lat' dir='ltr'>Graecorum</span> <span class='ocrx_word' id='word_1_516' title='bbox 1489 4428 1517 4484; x_wconf 90' lang='lat' dir='ltr'>et</span> <span class='ocrx_word' id='word_1_517' title='bbox 1531 4425 1773 4495; x_wconf 72' lang='lat' dir='ltr'>Ronmnormm,</span> 
     </span>
     <span class='ocr_line' id='line_1_47' title="bbox 265 4510 1778 4600; baseline 0.001 -29"><span class='ocrx_word' id='word_1_518' title='bbox 265 4510 388 4590; x_wconf 86' lang='lat' dir='ltr'>Hispan.</span> <span class='ocrx_word' id='word_1_519' title='bbox 411 4512 445 4572; x_wconf 93' lang='lat' dir='ltr'>V.</span> <span class='ocrx_word' id='word_1_520' title='bbox 463 4515 489 4573; x_wconf 88' lang='lat'>5.</span> <span class='ocrx_word' id='word_1_521' title='bbox 509 4521 579 4574; x_wconf 94' lang='lat' dir='ltr'>tom.</span> <span class='ocrx_word' id='word_1_522' title='bbox 600 4520 611 4576; x_wconf 90' lang='grc'><strong>1</strong></span> <span class='ocrx_word' id='word_1_523' title='bbox 632 4535 697 4597; x_wconf 85' lang='lat' dir='ltr'>pag.</span> <span class='ocrx_word' id='word_1_524' title='bbox 716 4521 784 4582; x_wconf 88' lang='grc'><strong>277.</strong></span> <span class='ocrx_word' id='word_1_525' title='bbox 802 4539 865 4600; x_wconf 91' lang='lat' dir='ltr'>seq.</span> <span class='ocrx_word' id='word_1_526' title='bbox 884 4521 982 4584; x_wconf 87' lang='lat' dir='ltr'>Etiam</span> <span class='ocrx_word' id='word_1_527' title='bbox 1038 4518 1293 4600; x_wconf 86' lang='lat' dir='ltr'>Constantinopoli</span> <span class='ocrx_word' id='word_1_528' title='bbox 1312 4522 1388 4582; x_wconf 89' lang='lat' dir='ltr'>iacta</span> <span class='ocrx_word' id='word_1_529' title='bbox 1406 4517 1575 4580; x_wconf 81' lang='grc'><strong>4614414444</strong></span> <span class='ocrx_word' id='word_1_530' title='bbox 1589 4515 1778 4576; x_wconf 84' lang='lat' dir='ltr'>comneno.</span> 
     </span>
     <span class='ocr_line' id='line_1_48' title="bbox 266 4602 1777 4692; baseline 0 -27"><span class='ocrx_word' id='word_1_531' title='bbox 266 4602 486 4684; x_wconf 77' lang='lat' dir='ltr'>Confessionem</span> <span class='ocrx_word' id='word_1_532' title='bbox 500 4605 685 4670; x_wconf 77' lang='lat' dir='ltr'>catholicam</span> <span class='ocrx_word' id='word_1_533' title='bbox 702 4612 794 4690; x_wconf 88' lang='lat' dir='ltr'>hujus</span> <span class='ocrx_word' id='word_1_534' title='bbox 813 4615 895 4676; x_wconf 89' lang='lat' dir='ltr'>Pauli</span> <span class='ocrx_word' id='word_1_535' title='bbox 912 4616 984 4692; x_wconf 81' lang='grc'><strong>4444·</strong></span> <span class='ocrx_word' id='word_1_536' title='bbox 1041 4607 1698 4684; x_wconf 67' lang='grc'><strong>4144448.614444444444446444444444,64144444</strong></span> <span class='ocrx_word' id='word_1_537' title='bbox 1710 4607 1777 4666; x_wconf 86' lang='lat' dir='ltr'>ori-</span> 
     </span>
     <span class='ocr_line' id='line_1_49' title="bbox 262 4695 1780 4786; baseline 0.002 -31"><span class='ocrx_word' id='word_1_538' title='bbox 262 4695 383 4760; x_wconf 89' lang='lat' dir='ltr'>brosius</span> <span class='ocrx_word' id='word_1_539' title='bbox 401 4699 526 4762; x_wconf 86' lang='lat' dir='ltr'>Morales</span> <span class='ocrx_word' id='word_1_540' title='bbox 545 4710 700 4766; x_wconf 90' lang='lat' dir='ltr'>memorat.</span> <span class='ocrx_word' id='word_1_541' title='bbox 711 4705 841 4768; x_wconf 89' lang='lat' dir='ltr'>Easdem</span> <span class='ocrx_word' id='word_1_542' title='bbox 861 4707 983 4786; x_wconf 90' lang='lat' dir='ltr'>Episco·</span> <span class='ocrx_word' id='word_1_543' title='bbox 1037 4707 1121 4782; x_wconf 88' lang='lat' dir='ltr'>nodi,</span> <span class='ocrx_word' id='word_1_544' title='bbox 1139 4709 1272 4770; x_wconf 82' lang='lat' dir='ltr'>Monacbi</span> <span class='ocrx_word' id='word_1_545' title='bbox 1291 4709 1391 4771; x_wconf 86' lang='lat' dir='ltr'>casin.</span> <span class='ocrx_word' id='word_1_546' title='bbox 1404 4699 1780 4770; x_wconf 82' lang='lat' dir='ltr'>subltesiderioAbbate.</span> 
     </span>
     <span class='ocr_line' id='line_1_50' title="bbox 264 4793 1778 4882; baseline 0.001 -31"><span class='ocrx_word' id='word_1_547' title='bbox 264 4804 369 4866; x_wconf 89' lang='lat' dir='ltr'>porum</span> <span class='ocrx_word' id='word_1_548' title='bbox 394 4795 628 4859; x_wconf 88' lang='lat' dir='ltr'>Emeritensium</span> <span class='ocrx_word' id='word_1_549' title='bbox 662 4817 710 4862; x_wconf 90' lang='lat' dir='ltr'>res</span> <span class='ocrx_word' id='word_1_550' title='bbox 734 4809 836 4882; x_wconf 84' lang='lat' dir='ltr'>gestas</span> <span class='ocrx_word' id='word_1_551' title='bbox 865 4803 983 4863; x_wconf 86' lang='lat' dir='ltr'>Franci·</span> <span class='ocrx_word' id='word_1_552' title='bbox 1077 4793 1778 4874; x_wconf 78' lang='lat' dir='ltr'>PAULUSDecherordis,Florentiaus,lda-</span> 
     </span>
    </p>
   </div>
   <div class='ocr_carea' id='block_1_3' title="bbox 261 4887 1782 4978">
    <p class='ocr_par' dir='ltr' id='par_1_6' title="bbox 261 4887 1782 4978">
     <span class='ocr_line' id='line_1_51' title="bbox 261 4887 1782 4978; baseline 0.007 -37"><span class='ocrx_word' id='word_1_553' title='bbox 261 4897 332 4944; x_wconf 87' lang='lat' dir='ltr'>scus</span> <span class='ocrx_word' id='word_1_554' title='bbox 349 4887 506 4967; x_wconf 84' lang='lat' dir='ltr'>Bivarius,</span> <span class='ocrx_word' id='word_1_555' title='bbox 525 4907 583 4950; x_wconf 91' lang='lat' dir='ltr'>non</span> <span class='ocrx_word' id='word_1_556' title='bbox 604 4909 662 4978; x_wconf 81' lang='lat' dir='ltr'>una</span> <span class='ocrx_word' id='word_1_557' title='bbox 684 4898 761 4957; x_wconf 87' lang='lat' dir='ltr'>serie</span> <span class='ocrx_word' id='word_1_558' title='bbox 780 4903 903 4975; x_wconf 89' lang='lat' dir='ltr'>tamen,</span> <span class='ocrx_word' id='word_1_559' title='bbox 928 4897 979 4957; x_wconf 89' lang='lat' dir='ltr'>sed</span> <span class='ocrx_word' id='word_1_560' title='bbox 1036 4889 1681 4969; x_wconf 73' lang='grc'><strong>464444644444644444441644111444444444</strong></span> <span class='ocrx_word' id='word_1_561' title='bbox 1701 4892 1782 4952; x_wconf 87' lang='lat' dir='ltr'>libri</span> 
     </span>
    </p>
   </div>
   <div class='ocr_carea' id='block_1_4' title="bbox 0 0 1816 5406">
    <p class='ocr_par' dir='ltr' id='par_1_7' title="bbox 0 0 1816 5406">
     <span class='ocr_line' id='line_1_52' title="bbox 0 0 1816 5406; baseline 0 10"><span class='ocrx_word' id='word_1_562' title='bbox 0 0 1816 5406; x_wconf 95' lang='lat' dir='ltr'> </span> 
     </span>
    </p>
   </div>
  </div>
 </body>
</html>
