3368 5362
97 178 135 240 10
668 168 1009 232 44444οΗ1448

94 287 153 345 ctis
170 280 355 358 adscriptum
370 280 387 337 4
405 278 561 339 Clemente
577 279 626 337 lll.
649 276 703 337 44.
728 279 814 339 4490.
872 279 953 339 44444
971 279 1108 356 Europae
1135 276 1221 338 hodie
1236 279 1436 356 -imperantis,
1457 298 1536 359 quae
1558 286 1590 343 B·

93 376 248 452 Reliquiae
265 374 294 431 in
310 372 479 431 Hiberniam
496 372 658 431 translatae
674 372 710 431 Α.
726 373 814 432 4494.
871 374 958 432 Petro
970 370 1128 431 Amborsio
1145 371 1317 431 Lehmanno
1331 379 1458 433 curante
1469 373 1596 435 Germa-

95 469 141 530 444
170 469 251 528 hunc
279 465 450 525 Malachiam
479 464 642 541 :Epistulae
670 465 813 524 Bernardi
872 467 938 524 nice
954 465 1064 542 prodiit
1082 464 1185 524 Mamb.
1207 462 1284 523 4697
1299 463 1351 524 494
1373 482 1441 544 pag.
1460 466 1519 527 493
1531 485 1594 545 seq.

95 564 163 624 344.
182 560 251 619 346.
269 558 336 618 347.
358 558 439 633 (edit.
458 557 656 617 Mabillonian.
679 558 732 617 344
756 558 814 617 356
871 564 902 616 44
920 558 1022 617 ltalice
1044 559 1149 616 l'enct.
1173 558 1260 616 4589.

96 653 174 727 357.)
203 653 365 730 Scripsisse
391 652 487 710 iertur
508 650 565 710 sub
584 651 757 710 Innocentio
780 652 814 711 ll.
911 651 1065 722 Quantum
1087 649 1135 709 his
1153 648 1345 710 tribuendum
1362 651 1402 708 sit
1417 649 1598 724 fideidoce·

95 743 286 824 Prophetiam
296 742 332 802 de
344 741 459 823 futuris
473 739 662 821 Pontificibus
674 742 814 803 Romanis
870 742 947 803 bunt
969 741 1116 803 Claudius
1150 742 1332 802 Franciscus
1361 743 1597 804 Menestrrerius

12 878 20 885 -
96 839 201 918 quales
214 854 304 914 supra
317 837 480 897 memoravi
493 833 674 896 lOllCHlMl
692 836 814 896 hbbatis
870 836 901 895 S.
917 837 943 893 l.
962 837 990 893 in
1005 835 1104 895 libello
1115 835 1195 895 edito
1212 837 1333 895 Parisiis
1352 836 1438 894 4689.
1458 837 1485 894 4.
1502 842 1530 909 4)
1547 839 1597 896 cui

96 937 127 991 et
139 929 306 991 4448444444
321 930 488 1001 4444444444,
507 934 538 987 44
554 931 653 1006 qualis
667 931 704 990 ab
716 927 816 988 Arabe
873 927 1001 987 titulus:
1018 925 1185 1006 refutatiun
1209 926 1261 986 des
1287 925 1460 1006 prophetias
1477 926 1600 1008 fausse-

97 1023 226 1103 quodam
241 1023 279 1083 de
294 1020 487 1082 Pontificibus
509 1021 578 1081 inde
606 1023 716 1083 lutaris
743 1040 817 1100 qua·
872 1024 952 1078 ment
966 1017 1166 1079 attribuens&
1186 1022 1217 1080 S.
1243 1016 1390 1078 Malachie
1404 1036 1461 1079 sur
1479 1018 1522 1081 les
1540 1019 1598 1080 ele·

98 1118 233 1194 draginta
252 1133 300 1175 an.
319 1116 405 1174 4444.
422 1115 595 1192 imperatori
625 1115 818 1194 sigismundo
873 1112 965 1172 ctious
988 1111 1040 1171 des
1060 1115 1174 1191 Papes:
1201 1113 1379 1205 Germanice
1408 1130 1498 1172 verso
1521 1117 1538 1173 a
1557 1116 1597 1174 M.

97 1208 196 1269 oblata
219 1209 315 1268 lertur
333 1210 361 1265 in
377 1208 508 1267 Concilio
524 1209 757 1281 constantiensi,
773 1215 818 1268 44-
875 1204 1045 1266 Christiano
1066 1204 1224 1284 Wagnero,
1242 1226 1284 1286 τῳ
1298 1204 1464 1285 panapirop
1480 1207 1597 1284 Lipsiae

12 1293 15 1297 ’
98 1318 158 1378 que
176 1317 274 1378 nnper
290 1298 452 1358 admodum
470 1316 539 1359 cum
555 1301 642 1360 ¹Bulla
665 1301 816 1360 Benedicti
875 1300 947 1358 4694
972 1300 998 1356 4.
1017 1306 1108 1375 atque
1126 1298 1250 1358 delenso
1269 1301 1298 1356 in
1317 1298 1505 1376 philosophia
1525 1301 1598 1359 ima·

97 1393 179 1465 4444.
198 1391 235 1451 dc
254 1390 389 1451 habendo
402 1408 451 1460 au.
469 1392 557 1452 4795.
576 1393 708 1453 Concilio
726 1396 819 1453 Bene·
873 1393 977 1468 ginum
997 1391 1024 1465 b)
1042 1393 1310 1469 eeirigmaticorum
1329 1393 1420 1450 Paris.
1441 1390 1528 1450 4694.
1551 1393 1597 1451 49.

96 1493 240 1559 uentano,
256 1485 434 1544 Germanice
456 1486 546 1544 ctiam
568 1502 657 1546 versa
674 1503 722 1545 an.
742 1486 819 1546 4795
873 1492 977 1544 444444
998 1484 1123 1544 loannis
1141 1483 1286 1543 Garatoni
1293 1530 1302 1558 ,
1317 1484 1533 1543 cisterciensis
1546 1484 1597 1543 ad-

104 1579 132 1637 8.
151 1578 248 1638 lucem
266 1577 351 1635 vidit.
373 1578 534 1638 Malachiae
551 1578 696 1638 divinatio
718 1580 820 1656 incipit
875 1576 1005 1636 ditiones
1022 1577 1119 1636 editas
1139 1577 1259 1654 ltnapoli
1280 1577 1357 1636 4075
1374 1578 1400 1635 4.
1420 1578 1530 1636 Petrus
1546 1579 1598 1636 Pe-

102 1672 120 1731 4
137 1670 306 1732 Caelestino
325 1670 359 1729 ll.
377 1677 408 1728 et
430 1687 487 1730 non
503 1670 589 1729 modo
607 1670 643 1729 ad
661 1671 819 1730 Pontifices
876 1669 948 1728 titus
965 1669 1013 1728 lib.
1036 1672 1063 1730 3.
1081 1669 1119 1728 de
1137 1668 1249 1746 Sibylla
1265 1686 1290 1728 c.
1311 1670 1358 1729 40.
1374 1686 1442 1747 pag.
1458 1670 1518 1730 347
1534 1687 1596 1748 seq.

98 1769 220 1822 nostrae
238 1764 345 1822 aetatis
360 1760 558 1840 progreditur,
574 1761 626 1821 scd
647 1769 714 1839 post
736 1779 821 1839 prae·
875 1759 982 1820 Daniel
998 1759 1218 1841 Popebrocbius
1235 1765 1263 1820 in
1281 1763 1443 1840 propylaeo
1462 1762 1498 1822 ad
1523 1761 1597 1823 Acta

98 1863 216 1916 sentem
237 1855 413 1916 Clementem
428 1854 491 1914 llll.
510 1872 601 1930 quem
626 1854 728 1912 verbis
765 1855 820 1914 Co·
876 1855 1057 1913 Sanctorum
1077 1855 1142 1931 Maji
1162 1852 1599 1932 pag.l2l68amueldndreae

98 1946 361 2022 lumnaerccelso,
392 1948 487 2006 voluit
505 1954 629 2020 notare,
655 1952 819 2024 supersunt
874 1944 948 2004 diss.
966 1945 1003 2005 de
1030 1946 1275 2007 successionibus
1301 1948 1384 2006 hom.
1415 1946 1593 2007 Pontificum

96 2040 196 2102 adhuc
213 2042 353 2100 vaticinia
371 2040 436 2097 sive
453 2041 623 2116 aenigmata
641 2037 678 2097 de
690 2038 756 2097 aliis
774 2038 819 2097 iu·
874 2038 1043 2099 mouendum
1057 2041 1281 2117 praenotionem
1295 2037 1459 2099 Malachiae
1471 2040 1597 2099 Mibernu

95 2135 188 2194 turis:
212 2135 238 2207 4)
254 2129 375 2190 Animal
390 2129 505 2189 rurale.
521 2133 552 2207 9)
571 2134 648 2191 Rosa
666 2128 816 2191 b'mbrme.
874 2130 1067 2208 adscriptam.
1083 2135 1232 2210 Marpurg.
1248 2130 1326 2192 4677
1342 2134 1368 2191 4.
1385 2133 1461 2191 Dan.
1487 2129 1597 2191 Guilel-

98 2228 127 2301 3)
144 2227 238 2284 Ursus
251 2222 352 2283 velam.
371 2224 397 2297 4)
418 2222 600 2301 Peregrinus
618 2222 817 2302 Apostolicus.
873 2241 942 2284 mas
954 2223 1097 2284 Mollerus
1114 2227 1142 2283 in
1159 2225 1231 2285 diss.
1245 2225 1282 2285 de
1295 2225 1436 2287 Malachia
1451 2225 1597 2302 Propheta

98 2320 126 2392 bl
144 2315 255 2395 Aquila
275 2331 390 2393 rapam.
408 2316 435 2389 6)
465 2315 558 2376 Canis
579 2321 608 2374 et
632 2313 763 2375 coluber.
786 2315 816 2388 7)
873 2316 1194 2392 Pontificio,hltdori.
1221 2318 1344 2378 47064.
1374 2315 1503 2376 44444444
1523 2318 1596 2376 Gor-

102 2410 155 2471 l'ir
173 2409 341 2487 religiosus.
360 2410 388 2481 8)
415 2409 458 2467 04
479 2406 592 2468 balneis
619 2409 773 2468 Etruriae.
790 2411 817 2482 9)
871 2409 978 2487 penius
1007 2411 1035 2468 in
1058 2410 1321 2471 observationibus
1348 2409 1439 2468 editis
1464 2408 1595 2481 Gallice,

98 2503 191 2565 Gmsm
207 2501 242 2562 de
261 2502 367 2564 Cruce.
388 2504 433 2576 40)
466 2503 577 2561 Lumen
594 2501 625 2560 in
655 2499 750 2562 Coelo.
773 2502 817 2569 44)
875 2500 1000 2561 abbans
1018 2502 1107 2561 villae
1124 2503 1212 2561 4659.
1232 2504 1259 2561 4.
1282 2509 1314 2562 44
1331 2500 1500 2561 Theodorus
1519 2502 1594 2563 Gru·

97 2595 180 2672 Ignis
195 2593 316 2654 ardens.
342 2595 388 2668 49)
412 2593 534 2673 llsllipio
558 2593 745 2673 depopulata.
771 2596 817 2669 43)
871 2609 983 2671 perus,
1002 2596 1090 2670 Lycei
1108 2596 1322 2654 Luccaviensis
1338 2597 1445 2654 llector
1470 2597 1498 2652 in
1516 2611 1596 2653 com·

100 2683 188 2743 Fides
205 2682 362 2763 intrepida.
388 2685 434 2756 44)
461 2685 570 2744 Pastor
592 2683 745 2762 aripelicus
771 2687 817 2757 45)
874 2688 1059 2745 mentatione
1080 2685 1221 2746 historica
1242 2685 1279 2747 dc
1308 2688 1501 2747 successione
1522 2702 1592 2745 con-

98 2778 208 2835 Pastor
236 2780 265 2834 et
291 2781 392 2834 nanda.
411 2778 456 2851 46)
487 2776 555 2838 Plus
574 2777 693 2856 {lorum
715 2779 759 2851 47)
775 2778 817 2835 04
871 2779 955 2837 44444
991 2778 1169 2838 Pontificum
1188 2779 1389 2840 homanorum
1425 2779 1593 2839 secundum

98 2866 254 2927 medietate
269 2869 378 2927 Lunae.
399 2870 447 2942 48)
466 2870 508 2928 04
533 2867 635 2929 labare
662 2869 749 2929 Solis.
776 2870 820 2940 49)
875 2872 1016 2930 vaticinia
1046 2872 1227 2946 Malachiae,
1259 2874 1277 2931 4
1307 2871 1407 2931 dubiis
1438 2871 1594 2931 Francisrs

102 2959 207 3020 Gloria
224 2958 329 3020 oliuae.
347 2962 396 3035 90)
415 2961 449 3018 ln
462 2964 667 3039 persecutione
679 2967 820 3021 emtrema
876 2961 1022 3024 Carriere
1042 2965 1082 3039 (in
1101 2961 1227 3039 digestis
1242 2963 1456 3039 chronologiae
1474 2963 1594 3023 Pantili-

99 3056 131 3114 8.
153 3056 187 3114 ll.
210 3050 344 3112 Ecclesia
371 3049 499 3112 sedebit:
528 3054 635 3113 Petrus
667 3057 818 3115 Romanus
872 3058 936 3115 aiae
969 3071 1067 3132 usque
1095 3053 1132 3115 444
1160 3054 1365 3116 Alexandrum
1395 3057 1456 3116 Vll.
1488 3055 1590 3116 Colon.

100 3144 355 3224 pulpascetooes
376 3144 407 3202 in
425 3143 526 3204 multis
554 3142 816 3206 tribulationibus:
872 3149 971 3223 4049.)
1004 3147 1191 3209 Menetrierii
1220 3155 1251 3208 et
1282 3150 1407 3208 aliorum
1432 3147 1593 3209 vindicata.

101 3235 215 3317 quibus
229 3240 392 3297 transactis
409 3237 516 3298 ciuitas
529 3236 688 3318 septisoliis
716 3238 819 3298 dirue·
872 3241 1052 3320 Witteberg.
1072 3241 1150 3302 4793
1174 3242 1201 3299 4.

101 3337 153 3391 tur
169 3336 199 3390 44
213 3329 316 3390 ludere
329 3329 500 3391 tremendus
507 3330 658 3410 judicabit
674 3331 820 3412 populum
912 3334 1039 3394 Caetera
1050 3332 1210 3393 Malachiae
1222 3332 1292 3393 hnic
1306 3334 1419 3396 tributa
1437 3342 1512 3395 sunt
1530 3333 1592 3392 Vita

100 3441 197 3486 suum.
216 3426 334 3484 Primus
355 3422 431 3484 haec
451 3428 581 3486 vaticina
603 3425 713 3486 additis
740 3426 819 3484 notis
873 3427 904 3488 8.
941 3422 1116 3499 Cutbberti,
1144 3432 1213 3504 post
1240 3427 1419 3487 Monachum
1444 3442 1592 3500 coaevum

101 3514 419 3595 Francisctnlpmnst
435 3516 603 3592 ciacconii,
621 3518 692 3579 Ord.
715 3516 817 3576 Praed.
872 3516 1147 3578 Lindislarnensem
1171 3524 1202 3578 et
1235 3519 1345 3579 Bedam
1375 3522 1400 3594 4)
1422 3517 1591 3597 scriptaad

101 3610 137 3671 ed
151 3612 338 3672 Clementem
359 3611 547 3689 villasque
564 3606 819 3669 ediditrlrnoldus
872 3610 1016 3670 Davidem
1040 3612 1150 3688 Regem
1174 3612 1310 3689 Scoliae,
1333 3611 1386 3672 sed
1410 3628 1466 3672 nec
1487 3614 1517 3670 in
1535 3612 1592 3672 44-

109 3703 196 3767 ll'ion
212 3711 284 3764 tam.
304 3707 331 3764 4.
343 3704 413 3781 ligni
430 3705 514 3762 Vitae
533 3719 597 3780 pag.
616 3700 674 3760 307
689 3700 817 3761 3444444.
873 3705 912 3763 444
930 3702 1064 3762 8444444.
1083 3712 1157 3764 tom.
1175 3706 1201 3765 3.
1221 3708 1314 3766 Martii
1337 3707 1375 3765 90
1398 3722 1497 3783 neque
1524 3704 1591 3765 alibi

102 3798 131 3855 9.
145 3812 201 3873 cap
224 3797 272 3854 90.
288 3796 394 3853 Venet.
414 3794 492 3854 4595
511 3795 536 3852 4.
554 3792 692 3852 Prodiere
710 3790 818 3851 deinde
872 3795 952 3874 quod
975 3798 1068 3856 sciam
1091 3800 1173 3875 typis
1195 3800 1356 3876 exscripta.
1384 3796 1537 3878 Epistulae
1556 3797 1593 3857 ad

101 3905 171 3948 cum
198 3887 442 3947 annotationibus
480 3886 656 3964 Hieronymi
680 3884 819 3943 loannins
873 3890 904 3949 S.
941 3888 1126 3951 bernardum
1163 3890 1323 3967 aliosque,
1360 3890 1591 3952 constitutiones

102 3981 174 4042 0444·
193 3980 418 4041 Praed.Latine
440 3981 602 4055 etltalice,
621 3977 689 4038 ibid.
709 3978 816 4039 46054
874 3998 1071 4056 communeS,
1093 3999 1128 4043 44
1158 3981 1194 4043 444
1226 3980 1340 4061 legibus
1372 3981 1535 4044 coelibatus
1563 3992 1594 4043 et

103 4075 224 4150 saepius
244 4075 335 4133 etiam
358 4088 464 4132 recusa
482 4074 592 4131 Romae
613 4077 648 4130 ut
664 4087 711 4130 44.
732 4071 818 4131 4689.
873 4075 1026 4135 Novarum
1042 4073 1238 4134 traditionum
1256 4075 1338 4135 liber.
1361 4077 1464 4152 Neque
1487 4077 1594 4135 horum

102 4175 194 4242 atquc
210 4165 289 4239 alibi,
305 4171 337 4224 ut
353 4168 381 4222 in
403 4163 528 4224 Thomae
543 4162 757 4242 Messiuphami
767 4163 821 4223 llo-
875 4167 1036 4243 quicquam
1059 4166 1174 4227 editum
1205 4170 1356 4244 comperi,
1379 4168 1449 4227 licet
1482 4185 1595 4228 meme

103 4261 206 4336 rilegio
234 4259 412 4318 Sanctorum
437 4255 597 4316 Hiberniae
625 4273 691 4335 pag.
712 4256 770 4316 376
788 4259 817 4315 44
875 4264 982 4319 rantur
997 4260 1015 4318 4
1029 4260 1118 4321 Baleo
1135 4260 1212 4319 xlv.
1232 4259 1385 4336 libatque
1404 4259 1473 4320 inde
1489 4278 1505 4321 4
1526 4261 1595 4320 We·

103 4353 220 4414 Maurici
238 4349 426 4427 Engelgrave
441 4349 570 4408 Caelesti
592 4349 740 4427 pantheo,
758 4367 821 4409 em·
875 4367 964 4424 meo,
982 4350 1108 4428 aliisque
1129 4359 1161 4410 et
1183 4353 1200 4411 4
1222 4351 1340 4410 Vischio
1363 4369 1427 4429 pag.
1452 4353 1520 4413 336.
1550 4355 1596 4413 444-

102 4443 233 4505 blemale
253 4442 284 4501 V.
302 4441 372 4518 §.l
391 4448 422 4499 et
447 4443 475 4500 in
507 4441 653 4501 Gabrielis
687 4441 819 4502 Bucelini
876 4443 1041 4503 bliothecae
1060 4446 1457 4522 cisterciensis,quietiam
1476 4463 1512 4504 ex
1532 4463 1597 4523 per·

102 4537 227 4596 historia
240 4533 411 4593 universali:
424 4534 515 4593 etiam
525 4536 553 4592 in
566 4535 822 4612 primacontinua·
878 4543 998 4596 vetusto
1015 4534 1124 4598 Codice
1150 4538 1321 4598 Monasterii
1336 4536 1518 4597 Elnanensis
1536 4539 1597 4597 lau-

146 4760 172 4815 44)
190 4764 251 4809 Acts
266 4759 343 4810 Erud.
363 4759 432 4809 1694.
453 4771 510 4822 pag.
527 4761 572 4810 444
589 4761 647 4811 sla.
920 4761 945 4820 ι)
963 4764 1041 4822 supra
1058 4768 1119 4811 torn.
1138 4760 1149 4808 1
1171 4759 1301 4823 4444404.

144 4835 172 4893 b)
190 4834 291 4884 4444441
309 4835 353 4884 des
370 4835 427 4885 944.
448 4835 515 4884 4005.
533 4848 591 4898 μοι.
611 4836 668 4886 aaa.
