3568 5414
252 201 310 264 178
865 213 868 220 ’
921 201 987 261 O'l'
1003 199 1071 262 llO

245 327 300 372 nos
327 309 515 390 scripserunt
543 305 647 382 libris,
682 307 758 368 lecto
791 308 959 387 posuimus.
1001 281 1195 388 Ι40000044,
1217 315 1318 370 exstat
1338 313 1358 368 4.
1381 309 1408 370 2.
1430 311 1597 387 scriptorum
1619 315 1691 375 ltrun·

246 406 386 468 Ceterum
407 419 485 486 quae
504 405 674 481 sequuntur
694 401 742 479 [eh
762 400 850 463 Anno
874 403 962 464 4406.
1017 405 1105 465 04440.
1127 401 1254 462 444004440
1276 401 1409 462 4044404444
1430 419 1494 480 pag.
1515 404 1571 466 383

135 509 140 526 ’
244 517 304 578 quo
326 499 470 558 Hearicus
492 497 526 554 V.
557 501 672 573 patrem
709 497 793 556 exuit
825 496 961 573 Imperio)
1058 497 1161 560 OTHO
1182 493 1343 556 ldmdensis
1363 496 1526 575 Episcopus
1546 500 1645 576 scripsit
1657 500 1694 560 444-

244 609 322 672 quae
342 589 468 650 recentis
488 587 650 648 memoriae
670 588 796 661 sunl‚d
821 585 961 668 probabi·
1016 589 1174 650 nerarium
1195 605 1283 650 suum
1304 587 1607 670 Hierosolymitanum,
1630 593 1696 653 obiit-

247 683 323 746 lidus
339 684 416 744 viris
438 680 572 755 tradita,
590 680 680 742 vel-c
697 679 782 744 nodis
804 681 875 762 ipsis
895 682 964 743 4400
1017 701 1076 760 qua
1108 681 1165 743 An.
1198 684 1286 744 4344.
1309 685 1386 744 llaec
1406 683 1443 744 de
1463 699 1497 743 eo
1521 686 1651 765 cangius,
1667 686 1694 746 ad

244 783 273 839 04
290 777 395 838 audita
423 791 576 857 ponemus.
613 774 676 835 Hoc
709 775 876 836 Chronicon
904 791 962 836 una
1018 777 1186 842 Chronicon
1219 775 1373 837 444040000
1403 794 1574 855 provocans.
1603 778 1649 840 Sed
1674 782 1697 839 iu

243 888 311 932 cum
333 869 470 948 ejusdem
504 866 605 930 Libris
627 868 667 927 ll.
689 867 725 928 de
749 867 841 947 pestis
863 866 967 928 4444440-
1019 870 1177 932 chronicis
1207 868 1411 931 Mindensibus
1442 877 1504 932 tum
1536 873 1698 934 llElltlhh'Nl

241 963 301 1024 rici
318 965 342 1024 l.
364 961 575 1023 Barbarossae
608 962 762 1041 usquead
796 964 853 1023 hu.
876 963 962 1024 4457.
1020 961 1056 1023 de
1077 960 1205 1023 40440440
1226 964 1338 1023 tomi
1370 963 1520 1036 Leibnitii,
1541 972 1570 1024 et
1593 963 1701 1026 BUSSO·

240 1065 272 1118 04
292 1056 457 1136 appendice
479 1054 625 1118 4444400404
642 1055 747 1118 4444040
770 1057 798 1115 40
822 1055 898 1116 4000
919 1056 963 1114 di·
1017 1057 1080 1118 NlS
1105 1053 1300 1120 Wotenstedii
1318 1055 1395 1135 apud
1418 1057 1569 1120 40040040
1584 1078 1590 1118 :
1606 1067 1659 1120 tum
1677 1059 1699 1116 in

240 1151 369 1212 stributa
392 1151 483 1211 4444400
504 1167 601 1228 usque
624 1149 661 1210 ad
683 1149 718 1210 Α.
742 1151 830 1211 4460.
852 1151 880 1210 40
900 1167 963 1210 040-
1017 1149 1185 1228 anonymis
1200 1150 1363 1209 Pistoriano
1379 1157 1409 1210 04
1424 1149 1701 1226 Meibomiano,hunc

241 1245 371 1304 nasterio
392 1242 522 1320 quodam
545 1244 707 1302 Viennensi
731 1249 884 1321 repertum
903 1245 962 1321 pri·
1017 1257 1075 1301 non
1099 1243 1234 1320 reperio,
1257 1242 1329 1302 44004
1349 1251 1476 1320 quatuor
1496 1231 1624 1309 Ι0440000
1647 1245 1702 1321 Epi-

240 1355 311 1399 mus
333 1337 531 1414 vulgavit‘lo.
549 1335 753 1416 cuspinianus
771 1337 960 1414 Argentorati
1016 1331 1123 1413 scopos
1154 1335 1323 1396 hlindenses
1351 1336 1498 1410 referant,
1520 1337 1571 1397 sed
1602 1353 1649 1398 000
1665 1336 1704 1396 4440

241 1433 331 1492 4445.
351 1431 400 1490 404.
424 1433 494 1490 Post
521 1431 740 1508 Cuspinienum
772 1430 961 1491 Basileenses
1016 1436 1135 1504 aetate,
1157 1445 1213 1488 nec
1235 1429 1375 1488 itinerarii
1398 1431 1580 1507 scriptorem.

240 1541 310 1586 cum
331 1524 508 1600 Gunthero,
525 1525 688 1602 praemissa
704 1523 885 1601 praefatione
902 1526 962 1584 lde-
1057 1519 1346 1582 OTHOdeMorenn.
1360 1520 1431 1600 Sup.
1441 1535 1469 1601 p.
1479 1522 1526 1584 85.
1538 1521 1686 1584 4404444444.

241 1616 428 1679 lanchthonis
452 1617 540 1678 4509.
563 1616 611 1676 401.
639 1621 730 1693 atque
751 1614 855 1676 eodem
882 1631 961 1676 anno
1060 1612 1185 1675 Thomas
1207 1612 1479 1676 OTTERBURNUS
1503 1600 1631 1694 hnglus,
1649 1611 1705 1675 Ord.

239 1713 319 1772 inter
339 1711 539 1789 scriptorese
571 1711 659 1769 Petro
694 1705 811 1768 Pithoeo
832 1711 963 1770 recensi·
1017 1710 1120 1770 444004.
1142 1708 1229 1770 00400
1252 1705 1417 1768 Chromoon
1433 1711 1541 1787 hepum
1557 1706 1707 1788 Anpliaein

221 1812 295 1866 tas.
329 1806 464 1882 Denique
487 1801 679 1864 Christianus
713 1801 859 1863 llrslisius
881 1811 961 1863 tomo
1017 1800 1071 1862 40.
1100 1801 1186 1862 4440.
1217 1801 1374 1876 desinens,
1397 1805 1542 1865 44000004.
1575 1806 1603 1862 40
1625 1804 1709 1864 Cotta

238 1901 335 1977 4444040
364 1899 569 1976 scriptorum,
592 1896 680 1957 Basti.
716 1897 802 1957 4584.
828 1898 962 1958 Francoi.
1019 1897 1106 1957 niana
1127 1903 1159 1956 et
1179 1896 1245 1956 aliis
1276 1895 1398 1976 hugliae
1428 1893 1713 1964 Βὶ444404440040.,4440

239 1993 328 2053 4670.
363 1991 411 2052 404.
444 1993 495 2068 qui
517 1991 607 2052 etlam
639 1989 787 2048 Chronico
807 1991 964 2050 continue·
1017 1988 1169 2051 Oudinam
1193 1997 1264 2050 tom.
1287 1989 1314 2050 3.
1342 2007 1407 2069 pag.
1427 1992 1515 2054 2334.
1542 1993 1612 2052 Luci
1632 1988 1714 2068 publi·

238 2087 352 2145 tionem
383 2083 509 2144 alterius
538 2081 682 2155 Othonis,
714 2078 840 2141 Adhatis
868 2081 963 2144 des.
1018 2101 1071 2144 000
1091 2086 1231 2161 exposuit
1251 2083 1285 2144 V.
1307 2083 1341 2143 C.
1374 2083 1500 2144 'ihomas
1530 2085 1642 2144 Hearne
1665 2095 1716 2141 uua

238 2175 341 2238 Blasio
362 2175 434 2237 Ord.
453 2174 604 2238 Benedici,
624 2177 653 2234 in
671 2174 798 2235 dioecesi
817 2173 964 2237 Constan·
1018 2194 1088 2238 cum
1107 2175 1264 2240 thh'NlS
1282 2175 1486 2246 Frunmntarii
1497 2179 1561 2237 sive
1573 2174 1716 2236 Wetham·

240 2274 366 2352 hiensis,
387 2270 607 2349 0044444440062.
641 2275 831 2330 constantem
865 2285 963 2348 004400
1018 2270 1125 2349 potede
1145 2270 1268 2330 historia
1291 2287 1391 2332 rerum
1418 2270 1608 2348 huglicarum
1630 2282 1717 2348 004400

240 2365 277 2426 04
299 2367 333 2426 Α.
358 2365 438 2426 4042
455 2370 486 2422 04
501 2362 650 2424 Radevico
665 2361 862 2441 appendicem
883 2351 963 2423 ¹Ano·
1018 2363 1055 2425 ad
1078 2363 1255 2427 Eduardum
1277 2364 1325 2424 444.
1343 2363 1437 2424 Onon.
1457 2362 1543 2424 4734.
1564 2364 1593 2422 8.

240 2461 323 2536 04044
348 2458 486 2518 undecim
507 2457 963 2536 annorum‚etEpistolamde
1059 2454 1176 2518 OVlDll
1210 2459 1352 2526 nomine,
1387 2455 1610 2517 celebratissimi
1640 2468 1722 2514 00400

239 2555 370 2616 Asiatica
391 2549 530 2612 Friderici
553 2549 751 2612 Barbarossae
772 2549 961 2629 expeditione
1015 2555 1115 2610 aetate
1146 2551 1273 2622 Poetae,
1295 2550 1380 2628 plura
1416 2551 1547 2611 carmina
1568 2551 1598 2608 in
1633 2548 1721 2608 lucem

239 2650 403 2709 interram
425 2649 580 2720 sanctam,
601 2643 744 2721 obituque
767 2646 813 2704 40.
836 2645 906 2704 400.
924 2643 959 2704 Α.
1015 2636 1197 2717 40400004,
1219 2660 1296 2723 quae
1327 2643 1424 2704 medio
1446 2643 1492 2704 vel
1519 2643 1620 2702 intimo
1641 2641 1723 2700 etiam

241 2741 329 2803 4490.
350 2738 497 2816 adjunxit.
520 2735 585 2796 Non
607 2735 809 2798 omittendum
832 2746 880 2798 004
911 2740 962 2800 AE·
1016 2753 1091 2798 aevo
1112 2736 1212 2798 4044044
1233 2751 1320 2797 00400
1342 2735 1518 2812 humanior,
1539 2737 1588 2814 4404
1605 2735 1724 2812 legerit,

241 2850 316 2894 neae
338 2832 432 2910 Sylvii
455 2830 493 2890 de
514 2829 634 2888 0440040
657 2828 714 2888 iude
739 2831 961 2902 testimonium,
1016 2830 1172 2892 dubitabit.
1195 2830 1349 2907 Ejusmodi
1371 2835 1443 2891 sunt
1463 2825 1536 2889 libri
1553 2834 1617 2890 4400
1631 2825 1668 2887 40
1682 2841 1727 2887 aa

241 2929 291 3004 qui
314 2928 343 2984 in
367 2923 492 2984 historia
513 2921 663 2982 Fridericli
683 2922 816 2984 ilicum
832 2923 962 2984 00004044
1018 2922 1100 2998 tulo,
1129 2921 1165 2983 de
1195 2929 1324 3003 quatuor
1355 2920 1526 2983 humeridus
1553 2919 1639 2982 etde
1661 2917 1725 2979 ludo

242 3022 325 3080 notis
352 3019 433 3080 edita
466 3036 533 3097 pag.
556 3017 604 3078 40.
626 3015 783 3094 profitetur
803 3034 878 3076 eum
895 3015 965 3076 licet
1019 3015 1276 3090 latrunculorum,
1299 3017 1336 3077 de
1356 3016 1465 3095 quibus
1481 3015 1541 3075 dixi
1557 3015 1607 3076 lib.
1625 3018 1636 3077 4
1657 3012 1729 3074 aiat.

241 3113 389 3186 4400444400
408 3111 586 3171 Pontificum
609 3115 670 3168 tam
694 3097 776 3168 arcto
798 3126 879 3170 00440
896 3108 967 3187 jun·
1019 3111 1140 3171 Latinae
1161 3123 1224 3188 cap.
1250 3112 1296 3170 444.
1312 3110 1367 3172 ubi
1388 3111 1477 3170 etiam
1498 3110 1535 3171 de
1564 3107 1673 3188 Elegea
1697 3105 1730 3166 40

241 3214 348 3277 04040,
366 3213 467 3265 tamen
487 3203 629 3262 historiae
647 3201 743 3280 legem
761 3205 800 3262 ita
815 3219 964 3276 servasse,
1018 3201 1204 3280 Philomela,
1225 3221 1316 3282 quam
1339 3205 1395 3264 sub
1415 3201 1515 3282 eliphii
1533 3203 1653 3264 OVlDll
1679 3199 1734 3263 lu

241 3305 276 3360 ut
295 3316 389 3378 meque
411 3295 547 3375 soporatio
568 3294 710 3371 veritati,
727 3313 780 3356 nec
801 3295 968 3375 cogitationi
1019 3297 1133 3358 centini
1161 3300 1280 3356 nomine
1303 3298 1437 3376 vulgavit
1457 3295 1617 3356 Goldastus
1645 3297 1733 3354 Fran-

240 3392 355 3454 ueritas
376 3390 514 3474 officeret.
536 3391 584 3451 Ex
598 3388 706 3450 Codice
724 3389 875 3451 Manusor.
893 3383 967 3452 Cae·
1019 3391 1075 3451 coi.
1099 3389 1186 3468 4640.
1209 3392 1236 3450 8.
1259 3397 1290 3449 04
1310 3390 1365 3450 0440
1387 3389 1422 3450 de
1438 3387 1536 3470 pulice
1555 3391 1601 3448 004
1619 3387 1734 3450 ortui}

244 3503 331 3548 00400
353 3486 517 3546 Viennensi
540 3485 637 3545 locum
661 3483 798 3546 Chronici
824 3483 965 3543 emendat
1019 3483 1161 3564 Serpiarti
1192 3501 1299 3544 nomeu
1325 3481 1411 3542 idem.
1434 3480 1592 3542 Goldastus
1629 3481 1735 3541 maluit

240 3579 422 3641 Lambeeius
443 3586 465 3638 t.
489 3579 516 3638 0.
540 3596 605 3657 pag.
629 3577 656 3636 4.
690 3574 780 3635 With.
813 3577 963 3636 Ernestus
1018 3579 1201 3658 praefigere,
1223 3586 1350 3655 etquae
1372 3579 1436 3636 sine
1454 3575 1511 3636 loci
1530 3582 1559 3634 04
1574 3576 1649 3635 0004
1667 3581 1737 3634 nota

238 3673 412 3736 ’4004004400
434 3677 463 3732 444
487 3673 611 3750 dialogis
643 3671 808 3731 menstruis
839 3669 963 3730 Germa·
1018 3672 1127 3753 prodiit
1148 3675 1176 3731 in
1200 3673 1226 3731 4.
1249 3670 1306 3731 sub
1327 3676 1448 3748 tempus
1479 3675 1565 3729 natae
1593 3676 1738 3746 typogra-

239 3771 305 3829 uice
327 3766 416 3827 editis
438 3767 495 3827 An.
520 3766 607 3827 4602.
631 3763 749 3841 44894.
779 3761 880 3831 laudat
907 3763 962 3824 Co-
1015 3766 1122 3845 phiae,
1146 3781 1203 3826 44440
1224 3779 1292 3824 0004
1316 3760 1390 3822 libro
1418 3767 1510 3822 4444404,
1533 3757 1735 3841 puellarum,

239 3859 336 3921 dicem
370 3859 510 3920 Chroniei
542 3858 695 3918 Ottoniani
724 3855 959 3934 hlanuscriptum
1015 3863 1065 3938 qui
1094 3861 1211 3936 incipit:
1248 3854 1331 3917 Idam
1363 3855 1441 3938 sorte
1470 3854 1548 3916 uiam
1577 3851 1739 3933 quandam

239 3956 270 4012 in
292 3954 367 4014 Bibl.
386 3955 509 4012 lenensi
526 3996 536 4027 ,
556 3968 616 4013 una
632 3965 702 4012 cum
720 3949 867 4011 Chronico
881 3948 961 4009 400-
1015 3951 1095 4014 nullo
1117 3951 1291 4013 comitante:
1313 3957 1343 4009 04
1363 3967 1431 4010 0004
1453 3950 1593 4009 00440400.
1612 3949 1741 4008 4000400

239 4048 324 4124 444404
356 4045 473 4125 quoda
506 4047 671 4124 Dagoberto
693 4047 713 4107 l.
737 4044 841 4121 incipit
867 4047 959 4119 etque
1014 4048 1050 4110 de
1072 4048 1178 4126 rapaci
1198 4062 1325 4118 nuncto,
1346 4042 1433 4120 cujus
1454 4044 1589 4103 initium:
1610 4038 1743 4102 Summi

239 4138 348 4199 deinde
371 4139 408 4199 ab
429 4140 495 4199 04440
515 4141 726 4201 000440004040
750 4137 816 4199 4044.
851 4147 853 4152 ’
1013 4140 1141 4202 uictoris
1155 4141 1258 4220 fierem
1276 4135 1455 4196 eumoiclor
1470 4132 1601 4194 amoris:
1625 4131 1744 4210 adjun-

278 4231 414 4295 H2'810rl‘2
434 4231 538 4304 44004444
552 4231 735 4293 4444440000
751 4247 828 4310 quae
848 4244 959 4290 memo·
1014 4237 1074 4296 ctis
1096 4231 1272 4296 Pnuruttt
1294 4225 1478 4290 Mauriliani
1496 4223 1650 4287 amoribus
1674 4227 1744 4284 sive

239 4329 361 4389 404040
388 4326 523 4386 80400440
545 4325 583 4384 40
604 4328 753 4387 4400404440
779 4325 906 4401 aliisque
927 4334 958 4385 et
1015 4329 1199 4400 carminibus
1221 4319 1347 4385 creticis.
1370 4323 1404 4382 ln
1427 4321 1481 4382 hae
1498 4319 1624 4380 editione
1643 4333 1747 4396 quae

236 4421 348 4496 ,dicitur
369 4420 463 4479 luisse
484 4418 562 4496 apud
586 4418 796 4498 wolfgangum
823 4418 958 4493 Lazium,
1014 4420 1083 4482 40444
1116 4419 1317 4481 emendatiora
1339 4417 1395 4494 legi
1417 4431 1506 4493 quam
1528 4415 1555 4472 in
1576 4411 1678 4488 elegia
1705 4409 1746 4470 de

165 4585 169 4594 ¹
238 4509 368 4576 necdum
391 4531 408 4573 a
430 4527 581 4592 quoquam
599 4514 629 4570 40
648 4512 852 4573 440040404040
869 4524 958 4572 auras
1015 4517 1115 4595 pulice
1136 4513 1214 4592 apud
1237 4503 1749 4582 Goldastum‚ostenditPolycar-

238 4615 389 4689 protracta
412 4616 469 4667 004.
939 4625 941 4630 ·
1014 4625 1072 4688 pus
1095 4612 1248 4686 Leyserus
1269 4607 1296 4663 in
1320 4603 1442 4662 historia
1463 4603 1612 4678 4400404004
1640 4594 1746 4656 medii

278 4701 380 4764 OTHO
399 4701 552 4780 Kullning,
566 4699 637 4760 Ord.
656 4703 855 4762 Praemonstr.
872 4700 958 4776 Prae·
1014 4704 1080 4762 0044
1104 4718 1170 4779 pag.
1193 4695 1282 4762 2070.
1308 4695 1445 4756 Eundem
1466 4709 1529 4772 pag.
1550 4687 1640 4750 2086.
1669 4687 1751 4748 vide

238 4801 355 4874 positus
376 4799 406 4856 40
439 4794 607 4875 Hilgenthal
636 4795 693 4855 440.
722 4794 809 4856 4423.
831 4790 869 4852 40
891 4793 958 4853 iun·
1015 4794 1169 4872 deelegia
1189 4791 1227 4852 40
1260 4788 1436 4867 444444040040,
1457 4801 1544 4863 quem
1566 4797 1671 4857 nuper
1697 4798 1750 4840 re-

239 4891 357 4954 40440440
378 4898 409 4954 04
440 4889 634 4951 440004044000
666 4890 833 4950 4400004044
854 4889 902 4947 004
927 4889 955 4966 444
1014 4886 1183 4949 004004040
1206 4883 1274 4944 4044
1296 4885 1324 4964 in
1341 4882 1501 4960 specimine
1520 4876 1672 4954 sylloges,
1693 4873 1751 4934 cui
