3368 5362
159 188 217 249 b3i
758 175 1050 238 aureatus

200 292 242 349 De
256 286 389 348 laesione
401 287 593 364 ariyim'tatis,
605 290 632 344 et
648 301 688 342 ao
703 283 798 361 possit
814 300 882 342 con·
939 280 989 341 bri
1005 282 1033 340 V.
1052 279 1123 340 editi
1142 284 1216 339 suut
1234 294 1251 338 a
1266 279 1406 338 blarteoe
1423 283 1455 337 et
1466 279 1582 338 Ourand
1599 280 1648 340 Col·

69 438 73 457 ,
137 400 277 445 sacrare
295 379 468 458 correpto?
485 397 551 457 pag.
565 378 634 437 973.
649 376 791 448 Quaestio
809 375 883 436 haec
937 375 1005 435 lect.
1023 372 1160 450 ampliss.
1179 372 1233 431 tx.
1251 385 1322 448 pag.
1340 370 1416 429 969.
1434 371 1464 428 in
1482 370 1590 446 quibus
1611 387 1650 432 au·

159 478 215 557 ipsi
232 475 380 554 proposita
394 473 521 532 luerata
541 469 670 547 quodam
684 469 816 540 Clerico,
831 485 883 529 cu·
936 474 1001 528 ator
1021 465 1230 525 demonstrare
1247 464 1353 542 cupit,
1373 463 1540 523 monachos
1555 463 1589 524 ad
1601 481 1650 525 om

157 572 209 648 ius
236 571 330 646 prima
359 566 443 624 litera
474 571 539 623 erat
559 565 605 621 W.
623 561 670 622 Ao
697 561 881 638 cirpim‘totis
936 563 985 621 nia
1002 558 1155 619 Ecclesiae
1174 559 1275 618 munia
1296 555 1442 616 obeunda
1461 555 1650 629 idoneosesse,

159 661 279 721 amittat
291 655 445 736 palmam,
462 655 517 734 qai
529 653 577 715 vel
592 671 669 733 qnae
678 653 812 732 propriis
827 658 882 712 aot
936 666 1150 727 summamque
1169 649 1227 709 illis
1246 647 1393 724 iujuriam
1413 666 1431 709 a
1448 648 1605 708 Canonicis
1616 665 1651 709 re

162 747 427 822 olienismonibas,
441 743 883 826 oelqnolibetaliaarteprae-
936 743 1093 822 gularibus
1115 743 1201 816 lieri,
1227 743 1279 818 qui
1304 743 1357 800 vix
1385 741 1494 802 seculo
1514 742 1565 802 xl.
1585 758 1652 802 exor-

87 850 92 858 ”
164 852 210 905 ter
227 838 398 903 naturalem
411 839 529 912 coitum,
540 837 601 899 sibi
612 855 711 898 semen
727 836 884 897 elicuerit?
937 839 979 909 ti,
1001 838 1102 896 statim
1125 836 1170 895 eis
1196 835 1314 894 bellum
1337 833 1532 894 indixerunt.
1561 836 1649 895 Horum

161 938 373 1010 Quaestionem
403 933 482 992 hanc
510 932 547 992 de
576 933 650 991 viris
678 934 801 993 excitari
825 949 882 992 oon
938 930 1132 1008 dialogorum,
1144 928 1236 988 verba
1254 933 1329 989 sunt
1343 927 1652 1006 observationisprae

162 1032 272 1102 miror,
291 1025 625 1102 scdhoenouplacct,
653 1040 670 1084 a
702 1024 812 1085 talibus
831 1024 885 1084 bas
941 1025 1027 1094 viae,
1058 1028 1163 1081 auctor
1194 1036 1284 1080 suum
1320 1037 1359 1080 ex
1398 1021 1537 1097 professo
1566 1034 1651 1079 nomeu

162 1123 356 1200 quaestiones
372 1119 450 1179 circa
466 1118 636 1195 sequiorem
656 1133 764 1177 sexum
783 1134 886 1176 move·
940 1115 1148 1185 subticuit,si
1166 1114 1238 1191 quid
1257 1116 1288 1173 iu
1308 1115 1355 1172 eis
1378 1113 1452 1172 boni
1483 1111 1650 1191 protulit,id

163 1220 207 1286 ri,
225 1212 308 1274 etad
332 1210 454 1272 easdem
473 1210 666 1287 responderi,
689 1207 800 1286 quibus
827 1209 885 1284 glo·
924 1215 1037 1290 ‘totum
1057 1208 1136 1281 Deo,
1155 1222 1249 1283 aquo
1267 1206 1515 1277 omnebonum,
1532 1205 1648 1275 reterens,

161 1312 273 1369 riosum
295 1311 419 1365 estnon
450 1318 539 1361 nosse
568 1302 735 1375 foeminaS,
753 1307 784 1359 et
806 1301 887 1377 igno-

162 1401 288 1460 rantiam
307 1413 392 1456 suam
409 1396 510 1472 potius
522 1393 607 1453 fateri
620 1392 778 1465 debebant,
794 1409 885 1469 quam

162 1492 200 1552 de
221 1489 331 1550 talibus
350 1487 396 1546 rel
416 1487 557 1564 cogitare.

206 1585 385 1657 Hucusque
412 1577 503 1638 editio
531 1579 723 1657 Magantina,
751 1576 803 1637 sed
831 1577 887 1639 alia

149 1682 286 1752 'quoque
301 1678 368 1752 post
394 1670 423 1730 id
451 1678 572 1749 tempus
597 1669 676 1729 edita
695 1674 791 1743 sunt,
809 1686 887 1747 quae

164 1785 244 1828 nunc
265 1765 417 1826 addimus.

204 1858 348 1938 Apolopia
365 1859 488 1936 Ruperti
506 1856 626 1935 quando
643 1858 763 1930 citatur,
782 1871 819 1915 ne
836 1857 889 1915 Le-

165 1960 230 2012 ctor
250 1952 329 2011 illam
349 1953 378 2008 in
396 1949 545 2027 Operibus
563 1950 642 2009 illius
662 1949 771 2008 trustra
789 1949 888 2025 requi-

164 2051 230 2117 rat,
249 2042 406 2102 sciendum
425 2048 491 2115 est,
510 2058 574 2100 eam
594 2057 662 2099 essa
692 2042 800 2100 librum
830 2043 889 2118 pri-

165 2152 249 2195 mum
268 2136 374 2210 Operis
392 2133 422 2191 in
439 2132 589 2211 quaedam
605 2130 746 2210 Capitale
757 2129 887 2210 tlepoluc

165 2229 197 2288 S.
214 2224 374 2285 Benedicti.
391 2225 468 2285 Cum
486 2226 566 2283 enim
585 2223 621 2284 ab
638 2224 767 2285 aemulis
781 2226 889 2302 quibu·

166 2318 251 2379 edam
272 2320 431 2379 lacessitus
458 2319 585 2391 luisset,
607 2325 638 2377 et
659 2318 818 2379 haereseos
840 2336 890 2380 ac-

163 2419 307 2485 cusatus,
325 2429 419 2488 quum
435 2427 474 2469 ex
491 2411 612 2488 scriptis
641 2411 708 2487 eius
736 2414 819 2472 varia
836 2428 889 2471 ex·

111 2498 115 2513 ’
166 2505 359 2583 sculperent,
376 2513 407 2563 et
427 2507 457 2563 in
487 2519 610 2563 sensum
634 2520 762 2581 pravum
788 2503 890 2564 detor·

941 1307 1131 1379 optansque,
1147 1304 1183 1359 at
1197 1296 1289 1358 made
1306 1313 1371 1358 sna
1384 1303 1494 1359 mater
1512 1296 1583 1358 liber
1602 1297 1649 1376 ipae

943 1393 1073 1471 lepatar,
1087 1390 1246 1453 dnmmodo
1263 1388 1391 1451 medem
1407 1391 1467 1452 Dei
1481 1397 1513 1451 et
1525 1389 1649 1451 dormibo

941 1486 1093 1566 loquatur.
1111 1486 1244 1563 Scriptus
1262 1493 1369 1544 tamen
1387 1502 1405 1545 a
1425 1485 1559 1563 Rupeno
1572 1483 1647 1544 Abba·

943 1588 973 1640 te
1001 1581 1145 1640 Tuitiensi
1175 1594 1267 1655 prope
1296 1578 1461 1638 Coloniam
1484 1577 1646 1655 Agrippinam

942 1677 1113 1753 conjectura
1144 1687 1202 1731 non
1233 1671 1296 1730 levi
1329 1687 1503 1749 possumus
1529 1683 1644 1729 aserim

942 1769 1017 1830 llam
1054 1765 1281 1826 Granobaoeose
1315 1760 1644 1836 monasteriumque

943 1877 979 1921 ex
998 1858 1100 1920 codice
1119 1859 1166 1919 illa
1183 1861 1283 1917 aetate
1301 1863 1435 1917 exarato
1456 1858 1538 1935 ipsos
1561 1854 1642 1915 desei

942 1955 1078 2033 psimus,
1096 1953 1189 2011 situm
1205 1951 1301 2009 estin
1320 1949 1459 2010 dioecesi
1485 1947 1641 2015 coloniens,

943 2047 1101 2123 simileque
1118 2043 1272 2121 exemplar
1289 2049 1404 2121 postea
1422 2045 1454 2103 iu
1472 2045 1536 2122 ipso
1550 2038 1639 2119 llupctti

943 2138 1085 2200 coenobio
1103 2137 1248 2197 tuitiensi
1267 2136 1467 2214 reperimus,
1491 2133 1564 2213 qaod
1586 2146 1639 2210 pere

944 2233 1067 2294 unicum
1080 2248 1117 2291 ex
1129 2229 1270 2290 omnibus
1289 2229 1371 2289 tanti
1389 2230 1449 2289 viri
1464 2227 1597 2307 Operibus
1604 2223 1638 2282 ibi·

943 2324 1011 2384 dem
1032 2330 1189 2401 superstes
1216 2320 1358 2381 babetur.
1378 2320 1497 2382 Delum
1512 2326 1599 2381 auctor
1615 2315 1637 2373 ti·

943 2419 1031 2477 brum
1050 2431 1139 2476 suum
1155 2415 1280 2473 tertium
1303 2412 1355 2472 his
1381 2416 1528 2474 terminat
1550 2410 1635 2472 verbs:

944 2507 1104 2569 imminens
1114 2509 1146 2568 S.
1162 2502 1280 2566 Nicolae
1293 2502 1453 2583 festivitas
1467 2501 1635 2585 compellatm
1681 2516 1683 2521 ’

166 2605 315 2676 quereot,
333 2599 395 2675 ipse
415 2602 537 2656 coactus
554 2600 602 2655 est
616 2609 650 2655 se
666 2612 835 2668 excusare,
857 2603 888 2656 et
942 2599 1002 2662 sibi
1017 2599 1170 2673 inrisere,
1188 2596 1267 2658 unde
1284 2597 1504 2679 compellimur
1528 2600 1634 2677 quartu

166 2692 233 2767 ojus
249 2694 290 2749 rei
306 2691 400 2767 gratia
419 2689 607 2768 juvenculus
633 2687 725 2748 asello
761 2694 887 2762 vectus,
942 2692 1147 2771 distinpnere,
1168 2690 1317 2767 cujusad
1333 2690 1390 2752 boc
1405 2702 1631 2772 possumusne&

161 2790 192 2844 et
211 2801 270 2843 uno
288 2799 380 2858 puero
396 2783 558 2841 comitatus
576 2782 605 2839 in
629 2781 786 2840 Franciam
805 2779 887 2839 abiit.
935 2785 1054 2866 juvari,
1072 2788 1159 2846 Porro
1176 2783 1204 2843 S.
1222 2783 1370 2845 Nicolaus
1389 2788 1589 2864 patronusne
1606 2779 1634 2835 ri·
1680 2782 1683 2897 ¹

167 2875 225 2937 Sed
244 2875 291 2935 ille
309 2875 404 2934 multa
420 2874 560 2933 historica
577 2871 615 2933 de
634 2872 689 2933 hoc
708 2874 814 2931 itinere
829 2888 887 2930 non
942 2881 999 2940 cini
1012 2877 1381 2939 Tuiti0Brunvillarensis
1397 2878 1633 2950 monasteriique

165 2975 295 3028 enarrat.
326 2965 403 3027 Loca
435 2965 583 3043 quaedam
611 2973 753 3042 excerpta
776 2982 813 3025 ex
831 2965 888 3024 bac
945 2989 1014 3033 oum
1031 2967 1406 3049 magnambauddubium
1424 2965 1634 3035 consumatum
1681 2956 1683 2993 ¹

165 3061 307 3139 Apologia
325 3058 407 3118 dedit
425 3057 598 3118 witlichius
616 3064 683 3135 post
711 3057 821 3117 librum
850 3057 889 3117 de
943 3063 1072 3124 habebat
1091 3063 1252 3138 Rupertus.
1269 3062 1407 3122 Demum
1425 3069 1541 3124 certum
1556 3056 1636 3120 acle
1681 3070 1683 3077 '

165 3152 466 3213 incendioTuitiensi
497 3168 524 3229 p.
556 3152 714 3228 linquam
733 3152 797 3227 ipsa
816 3156 889 3210 tunc
944 3156 981 3216 de
1005 3161 1184 3233 argumento
1217 3154 1303 3231 Opus
1334 3154 1462 3233 aliquod
1493 3171 1511 3216 a
1540 3154 1636 3230 uuam

165 3244 300 3306 nondum
318 3250 402 3304 esset
419 3243 520 3317 edita,
535 3242 587 3303 aed
606 3259 712 3303 omnes
731 3242 798 3302 illae
819 3259 888 3301 sen·
943 3249 1145 3327 compositum
1166 3247 1276 3320 fnisse,
1300 3253 1335 3308 ut
1362 3248 1516 3310 discimus
1543 3264 1575 3307 οι
1597 3241 1637 3302 ln

168 3340 282 3399 tentiae
310 3337 384 3398 libro
411 3336 468 3397 boc
495 3337 610 3414 primo,
634 3352 725 3414 quem
749 3334 892 3435 indicavi·
944 3341 1032 3401 gelmi
1052 3339 1308 3418 Havelbergensis
1324 3340 1457 3418 epistola
1475 3339 1512 3401 ad
1528 3339 1636 3400 Abbatm

167 3447 256 3504 mus,
279 3432 487 3490 inveniuntur.

206 3519 399 3599 Dialoporum
418 3521 495 3581 inter
515 3521 721 3583 Christianam
739 3526 768 3580 et
781 3516 891 3578 tacdae-

165 3631 217 3673 nm
235 3613 308 3675 libri
323 3615 380 3675 itt.
398 3616 509 3692 quibus
522 3612 636 3674 Aureoli
653 3631 763 3673 nomen
785 3612 890 3685 dedit,

166 3706 237 3767 editi
261 3715 333 3768 sunt
360 3725 376 3767 a
403 3708 494 3768 Gabr.
520 3705 703 3767 Gerberouio
720 3704 757 3766 ad
775 3705 890 3765 calcem

165 3801 298 3877 Operum
317 3799 461 3861 Anselmi.
481 3802 573 3862 Paris.
593 3799 681 3861 4675.
699 3818 726 3877 p.
745 3798 813 3859 52l.

206 3891 333 3969 Scripsit
349 3895 439 3953 etiam
469 3895 526 3953 lies
542 3897 654 3970 pertas
672 3890 890 3971 Episcoporum

167 3981 371 4044 leodiensium
389 3991 418 4044 et
431 3983 581 4045 Abbatum
591 3987 622 4047 S.
635 3982 792 4045 Laurentii
805 3982 889 4043 libris

165 4071 200 4127 l'.
228 4089 355 4145 quorum
383 4083 446 4136 tres
475 4079 588 4153 priores
615 4078 790 4155 perierunt,
818 4077 889 4151 quia

168 4162 335 4222 monachus
354 4167 510 4241 imperitus
528 4185 580 4228 eos
595 4186 612 4228 e
629 4167 731 4228 codice
756 4168 887 4242 abrasit,

165 4259 197 4313 et
213 4253 371 4331 Epitomen
390 4253 495 4333 Operis
514 4260 653 4320 bernardi
683 4262 711 4318 in
744 4260 888 4327 Cantica,

166 4363 243 4423 quae
273 4347 362 4425 vulgo
392 4349 517 4410 lteinero
549 4353 709 4429 tribuitur,
743 4354 885 4430 reposuit.

166 4440 249 4500 Duos
276 4441 408 4518 reliquos
434 4443 623 4505 abbreviatos
639 4446 677 4506 ab
690 4463 717 4506 a.
735 4446 804 4508 959.
826 4446 889 4506 edi-

166 4531 277 4593 derunt
292 4536 424 4597 llartene
439 4543 470 4596 et
488 4537 608 4596 [iurand
626 4538 749 4599 Collect.
766 4539 888 4617 amplis·

168 4625 243 4684 sima
263 4634 335 4686 tom.
352 4629 390 4688 tv
409 4647 434 4706 p.
455 4630 542 4691 ⁴033.
560 4647 630 4690 cum
650 4633 798 4692 variorum
816 4651 885 4692 con-

165 4715 390 4780 tinuationibus.

207 4806 248 4863 De
274 4809 337 4868 vito
364 4829 433 4873 vere
450 4816 615 4893 rtpostotico
633 4816 824 4894 Dialopornm
848 4817 882 4876 tr·-

946 3432 1215 3510 llusbergensem,
1237 3432 1291 3508 qui
1313 3434 1480 3494 occasione
1507 3432 1638 3503 Patrne*

941 3525 1062 3606 jusdam
1082 3525 1223 3585 canonici
1241 3523 1414 3602 regularis,
1432 3528 1527 3604 gratie
1552 3517 1637 3597 maluit

944 3617 1134 3697 perlectionis
1160 3616 1197 3675 ad
1231 3617 1404 3677 monachos
1437 3613 1637 3679 enervationis,

945 3709 1081 3788 ejusdem
1100 3710 1271 3787 argumenti
1299 3709 1546 3771 lucubrationem
1570 3701 1639 3768 edile

946 3810 1003 3864 rat.
1024 3800 1112 3862 llanc
1133 3803 1214 3861 enim
1237 3801 1286 3860 ille
1304 3802 1448 3862 refellere
1464 3806 1639 3882 cupiemus·

944 3914 1003 3974 gno
1020 3913 1088 3957 cum
1106 3901 1260 3955 contemtu
1279 3895 1325 3955 sic
1344 3895 1385 3954 de
1403 3898 1538 3975 nupera
1546 3895 1637 3956 ellatur:

945 3986 1044 4047 Porro
1063 3986 1173 4058 nescio,
1191 3985 1279 4046 cuias
1294 3983 1431 4061 Roberti,
1450 3979 1638 4049 micenae

944 4080 1073 4142 ctrinam
1090 4078 1245 4150 adnectis,
1273 4078 1363 4140 cuites
1389 4082 1576 4149 arroteritae,
1590 4071 1639 4156 φῖ·

947 4174 978 4233 in
995 4171 1131 4233 Ecclesia
1145 4172 1314 4250 ipnoratar,
1332 4189 1372 4232 ea
1384 4172 1531 4255 felicitate
1546 4175 1639 4233 miten-

943 4265 1045 4339 nitur,
1063 4282 1126 4344 qao
1141 4261 1386 4344 probarentne
1407 4284 1506 4343 usque
1532 4267 1639 4326 obsecre

943 4360 985 4418 tio
1003 4359 1133 4436 praevia.

982 4447 1120 4530 Epistola
1137 4449 1179 4509 ad
1195 4448 1381 4511 Lienelinam
1401 4454 1640 4528 canonicumque

942 4542 1058 4603 ratione
1076 4541 1290 4603 Monadorum
1310 4543 1394 4605 Ordo
1408 4546 1566 4626 praecellit
1579 4538 1642 4604 ort

940 4653 1007 4695 nem
1037 4635 1242 4707 clericorum,
1273 4635 1355 4698 edita
1390 4650 1440 4701 est
1462 4644 1521 4703 sub
1552 4644 1644 4699 nominc

941 4725 1062 4788 liuberti
1082 4731 1111 4786 iu
1135 4731 1267 4788 llarteue
1298 4737 1331 4787 ot
1359 4733 1498 4794 Durand.
1520 4734 1645 4795 Thesauro

940 4837 1016 4880 novo
1031 4821 1250 4881 anecdotorum
1267 4829 1339 4881 tom.
1359 4824 1369 4883 l
1391 4843 1459 4905 pag.
1474 4828 1544 4888 ⁶285.
1560 4834 1586 4886 et
1609 4842 1644 4882 no-
