3658 5412
749 222 986 286 sanetus

161 326 310 396 84418011
331 320 485 396 tiernensis
500 339 603 393 contro
622 333 742 393 Petrum
757 331 844 393 41441-
900 332 1022 391 ticenor.
1043 347 1071 388 n.
1097 331 1162 390 444.
1193 327 1283 392 rum
1304 330 1535 396 ilirandulonus
1558 351 1616 414 pro

120 425 239 486 lardum
272 427 407 504 scripsit,
441 427 500 487 tts.
536 425 566 486 in
589 425 664 487 utbt.
691 426 843 487 Vaticana.
898 422 1080 502 Hieronymo
1106 421 1296 484 savonarola
1321 430 1426 485 corttra
1450 425 1617 488 Samuelem

119 519 310 580 llontinucon
334 520 355 578 1.
377 535 404 578 4.
425 535 453 596 p.
475 519 542 581 439.
582 587 586 594 ‚
797 563 800 570 .
901 515 1130 592 Carrinenscm3
1152 517 1283 577 alterum
1300 535 1372 577 vero
1393 519 1504 579 iudicat
1519 519 1547 580 id
1565 523 1617 598 qui

161 610 333 684 sustitit,
354 611 477 672 Beulani
498 613 548 672 vel
571 611 692 672 baulani
721 611 843 688 presby·
902 625 995 687 supra
1013 609 1184 684 Naviznnus
1212 611 1240 668 in
1260 610 1353 688 Sylva
1380 613 1619 689 nuptialibus.
1655 643 1659 650 -

118 704 236 778 444444
259 705 349 764 Laeta
369 705 497 782 coniuge
519 703 616 777 441444,
634 705 663 762 44
683 703 842 764 Nortbum·
899 702 946 764 iot
965 701 1024 762 944
1043 701 1089 762 bis
1104 700 1293 779 designatum
1313 702 1415 764 Dolus
1431 704 1461 764 in
1475 707 1620 788 suarlpo-

120 794 188 858 bria
210 802 320 872 natus,
342 796 486 857 11444144.
507 796 619 856 64944
631 795 842 856 Annotationes
899 792 976 873 lupia
994 799 1099 854 contra
1115 795 1147 853 F.
1163 792 1339 856 Samuelem.

118 886 153 946 in
163 887 312 948 Nonnium
324 933 330 963 ‚
342 905 397 950 neo
411 906 470 948 non
480 888 517 948 de
528 887 620 968 pestis
632 889 721 968 Regis
734 887 844 948 444444
936 885 1088 948 SAMUEL
1103 933 1110 959 ‚
1131 889 1182 966 qui
1206 888 1295 967 uulgo
1325 889 1556 952 llaroccieionus
1571 907 1620 952 eo·

119 979 204 1060 apud
232 983 334 1042 scotos
354 983 482 1059 scripsit.
505 981 654 1042 Letandos
674 979 701 1042 4ῐ
723 982 842 1041 48114-
894 983 1104 1059 3444444444,
1126 985 1152 1055 a)
1173 981 1325 1056 iudaeus,
1348 983 1498 1045 chsanus
1516 989 1619 1064 patrio,

118 1073 207 1135 laetis
223 1073 346 1134 centur.
370 1076 393 1135 1.
414 1076 533 1135 Pitscus
553 1091 580 1134 c.
601 1074 670 1134 tito.
741 1108 747 1118 ·
895 1073 1142 1133 crassantes
1165 1073 1201 1134 44
1225 1073 1313 1133 tidem
1336 1073 1534 1137 Christianam
1550 1095 1621 1138 con-

161 1167 314 1242 scitust
343 1165 379 1227 de
406 1167 561 1243 cassinis,
598 1167 669 1228 Ord.
703 1167 840 1226 Fratrum
898 1179 1006 1223 versus
1029 1166 1621 1242 ScripsitarabiceHistorinmeorecerta·

92 1261 266 1322 ‘dlicorum
288 1261 359 1338 lieg.
380 1259 507 1321 observ.
532 1259 701 1337 provinciae
718 1259 841 1330 ianuae,
898 1255 985 1316 tionis
1002 1271 1070 1316 cum
1097 1253 1279 1318 Albuccbclo
1309 1259 1620 1322 Molrommerlanorum

117 1351 214 1415 edidit
230 1349 358 1412 ‘librum
382 1351 569 1430 lsapopicunr
596 1351 628 1411 in
645 1350 745 1428 apices
762 1350 845 1412 Scoti
895 1347 1059 1427 nepisino,
1078 1366 1155 1426 quaa
1167 1351 1258 1410 ctiam
1274 1351 1377 1411 Latina
1392 1352 1499 1431 prodiit
1516 1353 1623 1432 :Epis-

75 1455 77 1460 '
117 1445 162 1507 ad
181 1443 390 1526 investiganda
414 1442 583 1505 Aristotelis
602 1442 752 1522 principia
785 1445 841 1503 414-
896 1441 986 1502 talam
1002 1441 1243 1510 aelitlsaacum
1257 1441 1293 1504 de
1307 1445 1620 1527 vortallessiaeopud

116 1549 182 1601 nnt.
205 1541 282 1601 1493
308 1538 429 1601 Librum
445 1539 633 1618 lsopopicum
648 1537 840 1598 continentem
895 1533 1026 1595 ludaeos
1047 1535 1260 1614 asportatione.
1288 1535 1371 1598 ilaec
1392 1539 1429 1598 ab
1449 1541 1529 1617 ipso,
1551 1557 1622 1601 cum

118 1629 215 1692 libros
235 1637 345 1711 septem
372 1631 544 1711 4494444144,
563 1629 676 1692 1144441.
703 1632 789 1691 4195.
812 1629 840 1690 4.
895 1627 994 1690 441444
1027 1628 1160 1690 iudaeus
1193 1637 1296 1702 esset,
1319 1632 1429 1709 scripta
1460 1639 1527 1707 est,
1549 1634 1620 1711 quia

118 1723 246 1786 Librum
277 1726 396 1784 tertium
421 1724 607 1803 lsapupicum
637 1721 680 1784 ad
702 1721 843 1802 Pipsicos
896 1728 997 1799 optat,
1016 1727 1049 1783 ut
1066 1722 1197 1800 majores
1216 1729 1307 1800 caput
1329 1725 1403 1784 thl.
1434 1726 1551 1786 lesaiae
1581 1743 1620 1786 ex

116 1817 220 1898 apices
241 1815 458 1896 assequendas,
485 1817 522 1877 ad
544 1818 655 1878 lulium
679 1817 714 1877 11.
736 1815 842 1875 Pontii·
896 1814 1004 1875 Codice
1024 1817 1261 1894 Sacro,eoque‚
1275 1816 1546 1894 utPropbetamds
1560 1819 1623 1880 vita

1554 223 1648 289 445
1765 273 1774 288 .

117 1911 216 1972 44444
234 1909 270 1970 44
288 1909 505 1983 4444444444,
524 1912 589 1969 sine
606 1925 684 1969 anuo
703 1909 839 1986 impress.

118 2003 283 2064 Comment.
300 2003 332 2062 in
352 2009 414 2063 octo
425 1999 517 2062 libros
529 2001 749 2081 Physicorum,
771 1999 840 2060 ibid.

120 2095 216 2156 Varia
231 2093 394 2174 opuscula,
413 2097 516 2156 Venet.
536 2096 623 2156 ⁴502.
644 2095 729 2155 4503.
742 2092 841 2170 Argu·

117 2191 315 2250 mactationes
335 2194 440 2248 contra
458 2189 533 2265 illap.
552 2187 732 2247 Damianum
748 2188 842 2249 Cras-

118 2297 188 2342 sum
210 2279 247 2341 ele
265 2279 375 2360 llipolis
392 2279 464 2340 Ord.
484 2279 653 2340 Praedicat.
681 2280 765 2340 44444
781 2296 842 2338 mo·

118 2374 191 2435 dum
210 2371 370 2452 loquendi,·
384 2374 588 2450 Quaestionem
606 2371 645 2434 ab
662 2391 695 2434 eo
710 2373 843 2452 disputa-

119 2473 182 2528 tam
195 2465 226 2528 in
235 2466 431 2526 universitate
444 2465 610 2538 ticinensi,
622 2467 706 2526 circa
719 2465 843 2525 loannis

120 2557 335 2638 Euangelistoe
352 2558 639 2637 consanguinitatem
660 2564 714 2619 aut
728 2556 843 2638 fruter-
872 2603 881 2622 .

115 2653 241 2714 nitatem
258 2669 328 2712 eum
350 2652 471 2716 Giristo
500 2653 645 2714 Domino:
668 2650 842 2732 Apologram

113 2763 174 2828 pra
201 2743 324 2807 Nicolao
349 2745 386 2806 rie
412 2746 514 2825 Lyra,
546 2751 651 2806 contra
673 2747 718 2805 lo.
752 2745 844 2806 Viter-

119 2839 254 2902 diensem
276 2838 347 2900 Ord.
367 2837 475 2899 Procul.
493 2839 529 2900 de
544 2837 723 2916 Genealopia
737 2836 844 2898 Solba-

118 2938 208 2994 toris:
222 2933 428 3008 Quaestionem
440 2931 476 2992 de
486 2931 709 2993 immortalitate
715 2929 866 3014 animae..

115 3026 235 3089 1444441.
252 3027 339 3086 4498.
360 3027 438 3086 41444
461 3025 649 3103 Waddingus
664 3024 701 3084 de
719 3026 845 3102 scripto-

118 3121 204 3180 ribus
230 3117 303 3178 Ord.
330 3119 477 3179 illitorum
500 3136 527 3196 p.
561 3119 628 3179 313.
662 3117 730 3178 dil.
759 3115 844 3176 ndns

116 3213 287 3291 Sopranum
309 3209 347 3269 44
368 3211 564 3288 scriptoribus
583 3211 716 3288 Liguriae
732 3224 759 3286 p.
775 3208 845 3269 954.

117 3303 238 3364 0144ἰηί
259 3302 447 3364 Athenaeum
470 3305 654 3382 Ligusticum
672 3320 700 3381 p.
721 3302 787 3360 493.

159 3398 297 3458 *Nescio
314 3413 352 3456 an
372 3398 401 3457 in
425 3397 633 3474 complexione
648 3397 755 3454 varior.
773 3410 846 3472 opu·

122 3489 298 3562 scutorum,
316 3488 354 3547 44
371 3505 429 3566 qua
456 3488 514 3562 bic,
538 3489 727 3548 contincatur
756 3485 845 3557 44144,

119 3583 200 3662 quod
219 3582 258 3641 ob
279 3597 366 3641 suam
391 3581 633 3660 singularitatem
661 3580 709 3641 bic
740 3583 846 3641 merito

121 3673 318 3736 iudicandum
339 3673 428 3746 duxi,
456 3675 654 3751 notitiamque
678 3675 745 3734 eius
774 3672 845 3732 mibi

119 3766 294 3845 comparavi
318 3783 354 3827 er
384 3768 527 3828 Nevizani
543 3767 634 3844 Sylva
655 3768 777 3845 nuptiali
796 3767 845 3827 tib.

120 3862 142 3921 1.
158 3877 226 3940 pag.
245 3860 294 3919 38.
311 3858 374 3919 edit
393 3859 604 3936 Lugdunensis
621 3877 668 3920 44.
686 3861 772 3922 tate.
791 3861 846 3922 Sa·

122 3953 205 4014 muel
225 3951 261 4012 de
281 3953 416 4014 Cassinis
437 3953 468 4012 in
485 3957 618 4013 tractatu
634 3951 714 4032 quod
728 3971 785 4012 non
803 3959 849 4014 est

16 4083 18 4110 r
119 4044 264 4126 possibile
282 4044 417 4124 utiquam
437 4043 601 4122 mulierem,
620 4044 848 4107 4444444444εὲ-

16 4115 18 4162 ³
122 4155 203 4200 mam
234 4137 370 4216 recipere
399 4137 539 4216 stigmata
563 4143 655 4217 prout
682 4135 787 4198 babuit
816 4141 847 4199 8.

123 4231 317 4293 Franciscrrs.
331 4231 848 4308 44144444444444441444844444-

16 4339 18 4412 j
123 4327 170 4388 les
185 4325 299 4385 indicat
317 4323 394 4383 idem
415 4325 585 4383 Neviuanus
608 4323 654 4384 bis
672 4325 772 4384 verbis
798 4325 845 4386 lol.

16 4417 18 4494 i
122 4409 194 4480 849.
211 4418 249 4478 F.
264 4413 389 4478 Samuel
404 4421 508 4474 corttro
523 4417 558 4475 F.
579 4416 771 4476 Vincentium.

163 4515 274 4575 Contra
301 4511 379 4570 bunc
409 4510 581 4570 Samuelem
603 4511 714 4586 scripta
748 4512 844 4588 reperi

123 4605 270 4688 opuscula
287 4603 367 4680 444;
385 4605 514 4664 alterum
532 4605 560 4662 in
580 4603 680 4663 indice
697 4603 777 4665 4188.
793 4606 844 4666 114·

165 4832 192 4892 4)
209 4833 247 4882 44,
259 4827 334 4880 titulo
350 4831 474 4880 edittoncs
490 4831 680 4892 argentinensis
688 4840 712 4880 4.
725 4827 793 4878 1545.
808 4829 849 4878 dt·

122 4909 189 4956 ettae
208 4905 344 4967 Magister
360 4903 541 4967 synanogae,
559 4917 627 4967 quae
643 4911 685 4954 ert
702 4899 852 4961 14844444-

896 1909 1102 1969 sustulissent.
1134 1909 1268 1986 Epistola
1287 1909 1360 1968 baec
1390 1911 1418 1968 44
1438 1911 1574 1970 Latinam
1591 1917 1623 1971 et

895 2001 969 2062 alias
984 2001 1101 2079 linguas
1115 2017 1263 2062 conversa
1281 2007 1312 2060 et
1328 2003 1450 2080 saepius
1472 2005 1620 2080 impressa

895 2101 953 2154 est.
972 2095 1069 2155 Prima
1087 2094 1178 2154 editio
1197 2093 1305 2172 prodiit
1323 2093 1506 2174 Antverpiae
1534 2097 1622 2156 4485.

889 2185 933 2246 44
949 2187 1072 2264 reliquis
1089 2185 1274 2248 consulenda
1297 2194 1347 2246 cst
1367 2189 1442 2262 iter.
1459 2188 1558 2248 4414141
1576 2191 1629 2249 114-ἱ

895 2279 998 2340 bliotb.
1018 2279 1180 2340 ilaebraica
1200 2285 1270 2338 tom.
1291 2281 1301 2340 1
1321 2296 1350 2358 p.
1371 2281 1549 2341 14941444.
1575 2283 1626 2344 111.

897 2390 925 2451 p.
957 2373 1042 2436 1409.
1069 2389 1153 2449 seqq.
1182 2371 1268 2432 Adde
1299 2374 1454 2433 Passerini
1493 2373 1626 2453 Appara-

898 2473 963 2526 tum
982 2472 1064 2524 tomo
1083 2466 1117 2524 11.
1138 2483 1165 2542 p.
1184 2465 1244 2524 379

938 2556 1091 2618 snnbst
1112 2557 1202 2636 Tajo‚
1219 2555 1286 2616 ride
1305 2557 1379 2617 inira
1408 2558 1486 2637 Tojo.
1677 2585 1692 2596 ,

941 2652 1067 2713 snttcn
1087 2649 1233 2712 Baliarici
1242 2649 1273 2709 in
1295 2648 1513 2729 Plilosopiiom
1540 2652 1626 2715 Com·

898 2743 1041 2805 mensarii
1066 2751 1172 2805 extant
1199 2745 1310 2804 1444444
1339 2745 1367 2802 14
1403 2743 1476 2804 11441.
1503 2745 1628 2806 0414144
1724 2804 1726 2808 ,

898 2839 997 2899 44444.
1013 2838 1253 2898 tlontlauconius
1273 2837 1346 2898 Bibl.
1369 2837 1622 2899 bibliothecarum

898 2929 977 2991 4188.
997 2947 1024 3007 p.
1042 2931 1108 2991 489.
1126 2929 1273 3003 Additur,
1295 2933 1425 3009 scriptos
1452 2948 1520 2991 esse
1549 2940 1624 2993 tem·

899 3039 970 3103 pore
990 3023 1101 3084 Leonis
1121 3025 1159 3084 X.
1178 3040 1204 3084 a.
1224 3023 1311 3084 1517.
1323 3023 1403 3104 quod
1416 3022 1629 3104 deexscripto-

899 3133 950 3190 re,
969 3124 1192 3198 naupactum,
1211 3117 1354 3196 intelligo.

939 3207 1096 3269 sanctus
1113 3210 1271 3286 Aragonae
1284 3211 1407 3284 inians,
1425 3212 1523 3272 iacobi
1538 3213 1628 3291 Regis

899 3315 985 3378 cogn.
1004 3301 1132 3359 Victoris
1161 3300 1262 3374 iilius,
1281 3303 1434 3363 Ecclesiae
1467 3303 1628 3365 toletanae

900 3391 1041 3467 Praesui,
1072 3395 1193 3470 scripsit
1222 3393 1358 3454 Litauios
1383 3403 1412 3454 et
1448 3397 1579 3475 Hymnus
1597 3397 1628 3456 in

901 3483 1019 3545 laudem
1050 3483 1212 3546 Genitricis
1235 3486 1291 3546 Det
1330 3487 1463 3548 Mariae.
1499 3489 1625 3550 Occisus

901 3583 989 3642 luite
1017 3582 1127 3641 Mauris
1154 3597 1181 3640 a·
1211 3579 1299 3640 1375.
1329 3582 1443 3659 il'ppol.
1472 3583 1624 3643 1144444444

900 3673 1081 3736 Bibliotheca
1100 3675 1231 3734 41444444
1246 3680 1336 3734 tomo.
1354 3675 1390 3734 14.
1411 3693 1438 3753 p.
1459 3675 1527 3736 351.

941 3763 1151 3828 5444141544
1170 3767 1326 3842 Besarart,
1344 3767 1509 3828 monachus
1523 3784 1630 3829 coena

899 3861 939 3919 bii
957 3860 1222 3919 Dominicanorum
1238 3860 1400 3935 Oscensis,
1415 3860 1496 3920 Fidei
1512 3861 1628 3923 Censor

900 3953 1066 4034 generalis,
1084 3958 1116 4010 et
1142 3953 1313 4030 provinciae
1340 3953 1506 4031 dragantea
1543 3953 1626 4014 Prior
1671 3955 1683 3978 ⁹

901 4047 1117 4125 provincialis,
1134 4047 1212 4104 circa
1236 4061 1263 4104 a.
1282 4044 1370 4106 ttsb.
1385 4045 1510 4124 Scripsit
1523 4044 1632 4106 adven

901 4157 955 4200 sus
987 4137 1120 4200 Arnnldi
1149 4135 1339 4199 Villonooani
1367 4155 1510 4215 4444444,
1543 4146 1633 4218 prout

902 4240 998 4293 testes
1013 4241 1085 4294 sunt
1098 4234 1204 4292 Franc.
1218 4235 1330 4310 Dingus
1345 4233 1411 4293 illst
1430 4221 1596 4311 aragoniae
1609 4233 1630 4294 l.

901 4327 949 4386 914.
962 4333 992 4386 41
1008 4327 1189 4386 Vincentius
1202 4326 1306 4386 Blasco
1320 4326 1395 4385 ilist.
1417 4325 1583 4400 dragoniac
1595 4323 1631 4384 V.

904 4419 1057 4480 tuitioni.
1069 4419 1218 4479 Antonius
1230 4418 1303 4478 Bibl.
1327 4421 1456 4496 Hispane
1473 4417 1540 4476 4144.
1550 4412 1587 4472 X.
1601 4417 1628 4474 3.

902 4529 929 4572 4.
950 4515 1017 4575 415.
1044 4513 1106 4572 144.
1133 4511 1237 4582 Quetil
1262 4510 1299 4571 de
1327 4506 1528 4587 scriptoribus
1556 4505 1628 4566 Ord.
1754 4533 1761 4546 ·

901 4604 1139 4667 Praedicatorum
1159 4611 1232 4664 tom.
1250 4605 1272 4664 1.
1291 4620 1319 4681 p.
1334 4601 1404 4660 771.
1451 4594 1460 4611 ’

896 4823 987 4870 menta
1005 4817 1035 4866 tn
1051 4829 1135 4879 regno
1152 4811 1348 4868 Maracitana.
