3368 5362
185 186 244 246 468
788 184 1057 246 SIDONIUS

184 294 293 352 tiniano
324 293 403 351 tht.
428 297 454 350 et
481 290 642 350 Anthemio.
675 291 896 352 Valcntnrianns
951 293 1145 351 bt.Faustus
1162 290 1279 349 Ruricio
1295 306 1341 366 cp.
1361 290 1389 348 3.
1407 290 1434 347 8.
1453 291 1534 350 9.-F.t
1554 296 1641 370 possin

184 387 246 465 ipsc
273 377 386 445 occisus
413 383 453 442 orl
481 382 558 442 diras
585 381 687 444 lauros
717 384 809 444 lti'tl.
829 382 897 444 tr'nl.
951 385 1089 444 Ruricius
1107 383 1135 440 in
1151 382 1296 460 epistolis.

182 478 295 558 Aprilis
328 488 356 537 et
387 475 503 536 levatus
545 474 705 537 Petronius
739 478 898 537 ttnaeirnns
994 476 1041 534 444.
1070 476 1117 534 tt.
1149 492 1176 551 p.
1208 475 1275 534 252.
1310 481 1373 533 not.
1407 475 1573 543 Vicariorni
1592 478 1643 537 add.

183 573 370 647 Imperator,
399 569 453 648 qni
477 568 586 627 444441.
614 569 661 628 clio
689 571 822 642 occisus,
841 587 899 648 per
953 567 1021 625 vide
1038 566 1176 627 Carotum
1195 567 1231 624 44.
1249 566 1267 624 Ι.
1288 567 1315 624 7.
1334 583 1362 624 4.
1381 567 1449 628 ets.

182 660 287 721 urbem
309 666 432 719 troctas.
993 675 1022 734 p.
1038 659 1105 719 254.
1126 663 1186 717 444.
1204 656 1243 714 Et
1254 655 1360 731 uerbi)
1377 658 1445 717 adri.
1476 659 1607 720 Arnobius
1621 664 1641 717 in

222 755 269 813 444.
287 756 313 814 3.
331 772 358 830 p.
378 752 444 813 484.
457 760 518 812 not.
531 751 724 834 Diffibnlant)
742 754 810 814 add.
829 758 899 813 Pru·
954 750 1062 809 Psalm.
1078 750 1145 809 439.
1430 809 1434 815 ,

181 846 261 904 dent.
280 846 545 921 4444444444-
566 851 595 904 44
607 844 723 906 avulsis
737 842 902 922 eoesfibulat
994 859 1022 917 p.
1046 839 1117 900 256.
1146 848 1207 899 not.
1239 841 1318 900 Nom
1347 840 1383 900 de
1413 842 1578 921 Pontificio}
1597 843 1647 903 444.

181 933 235 995 itia
252 938 352 995 Zonis.
954 935 1032 1010 Ergo
1048 949 1087 991 cx
1105 931 1152 990 his
1170 933 1313 991 versibus
1331 935 1361 991 in
1384 934 1580 994 adulterinum
1598 952 1647 994 sen

224 1048 251 1106 p.
272 1028 336 1088 485.
359 1026 902 1109 Palamofficiiscooequiolibur)Jor-
955 1040 1022 1084 sum
1057 1024 1202 1083 contortis
1229 1024 1387 1084 Romanus
1422 1028 1598 1105 antiquarius
1622 1043 1647 1084 eo

188 1120 301 1180 nendos
317 1137 341 1178 c.
362 1120 387 1177 t.
408 1121 565 1196 04444444
583 1119 696 1179 diutius
713 1127 766 1180 444.
955 1115 1101 1188 divertit,
1126 1122 1159 1174 ut
1190 1123 1300 1192 putet,
1328 1116 1487 1178 dioeceses
1513 1119 1647 1178 Gallicanas

223 1229 249 1288 p.
270 1212 334 1270 486.
354 1219 414 1270 not.
431 1211 596 1273 Historiam
612 1214 735 1285 terrere)
757 1212 824 1271 add.
847 1213 901 1270 La·
954 1209 1104 1266 Romanae
1120 1206 1183 1265 sedi
1202 1207 1378 1268 immediate
1394 1210 1489 1270 tuisse
1510 1210 1645 1285 subjectas,

183 1303 349 1361 clantiust.
370 1304 396 1361 t.
415 1306 555 1362 erno.
576 1305 693 1363 tlieron.
712 1304 840 1363 deviris
869 1304 901 1363 n-
955 1298 1032 1376 quod
1063 1314 1220 1358 erroneum
1252 1306 1320 1373 est,
1350 1309 1383 1359 et
1410 1318 1427 1361 a
1456 1302 1646 1361 Sidoniiseosu

185 1395 270 1452 lustr.
289 1410 313 1452 c.
334 1393 400 1452 432.
420 1394 506 1453 Corn.
525 1394 623 1470 Nepos
639 1394 667 1451 in
683 1395 804 1467 Attico,
826 1398 900 1454 itar-
954 1390 1172 1451 alienissimum
1187 1435 1194 1463 ,
1208 1393 1259 1468 qui
1275 1409 1314 1451 ue
1339 1392 1467 1470 quidem
1491 1393 1646 1453 verbonis

190 1486 370 1563 tyrotogium
388 1487 555 1545 Romanum
574 1487 634 1544 vn.
652 1486 723 1546 idus
739 1487 876 1564 Aprilis·
954 1485 1086 1542 Romano
1105 1483 1244 1543 Pontiticc
1261 1486 1290 1542 in
1309 1501 1403 1562 opere
1419 1501 1479 1546 suo
1495 1487 1567 1546 tecit.

221 1577 269 1635 444.
290 1577 335 1636 43.
356 1593 383 1653 p.
401 1577 469 1636 244.
482 1582 542 1634 not.
556 1576 825 1638 concinnatoribus
838 1579 899 1637 cri·
995 1575 1043 1634 tV.
1070 1575 1116 1634 42.
1144 1593 1173 1652 p.
1199 1574 1269 1634 237.
1295 1583 1357 1635 not.
1375 1577 1475 1637 Motus
1491 1576 1644 1647 4444444444]

180 1667 313 1741 minum)
332 1666 398 1727 add.
416 1668 542 1727 Rufinus
559 1668 607 1726 tib.
627 1669 654 1729 6.
666 1685 692 1728 c.
704 1671 808 1728 ubist.
823 1670 899 1730 Con·
957 1665 1025 1725 add.
1042 1684 1071 1724 v.
1091 1667 1158 1726 259.

184 1761 284 1819 cinnat
302 1761 394 1837 rpitur
409 1759 558 1819 adversus
576 1776 643 1820 enm
655 1760 765 1840 infame
776 1764 897 1821 4444444
996 1775 1023 1834 p.
1041 1759 1110 1818 258.
1129 1767 1189 1818 not.
1207 1760 1273 1838 lpse
1291 1759 1485 1836 etiamiadd.
1501 1760 1643 1837 inoperans

181 1853 304 1913 nonium
322 1853 445 1911 crimen.
953 1851 981 1906 in
1001 1852 1062 1908 vita
1083 1850 1232 1927 Fulgentii
1249 1869 1277 1912 c.
1292 1856 1319 1912 4.

220 1946 257 2004 id.
276 1953 335 2004 not.
358 1944 497 2023 Siquid)
526 1943 730 2004 Tertullianus
760 1949 788 2002 in
811 1945 896 2022 Apol.
991 1941 1038 2000 tv.
1057 1942 1105 1999 43.
1126 1959 1153 2018 p.
1171 1943 1239 2002 259.
1259 1952 1321 2002 444.
1342 1943 1552 2004 Cantillensem
1569 1941 1643 2002 Eccle-

180 2054 238 2094 non
252 2054 314 2113 qna
328 2053 418 2116 penes
442 2053 494 2095 vos
520 2036 653 2113 parasiti
679 2035 898 2112 affectant,‘ad
949 2030 1027 2090 siam
1043 2034 1050 2102 4
1068 2032 1135 2091 add.
1151 2041 1220 2111 post
1235 2051 1341 2094 vocem
1365 2037 1542 2097 obfirmata:
1567 2039 1592 2094 in
1612 2035 1641 2093 ii·

177 2126 304 2204 ploriam
313 2125 507 2206 famulandae
529 2125 695 2199 libertatis,
718 2124 773 2185 snb
794 2133 895 2186 aucto·
950 2124 1036 2181 corio
1049 2123 1232 2202 0444444444Ι
1242 2173 1250 2200 ,
1270 2128 1409 2186 Ecclesia
1422 2127 1558 2189 vocaculo
1567 2128 1642 2187 aava

110 2269 114 2281 ,
179 2224 314 2276 ramento
331 2217 464 2287 ventris,
483 2216 561 2274 inter
581 2216 794 2291 contumelias,
816 2219 895 2295 sapi-
948 2230 1014 2272 cam
1038 2219 1164 2291 mansis,
1182 2221 1212 2275 et
1232 2219 1348 2277 cunctis
1376 2217 1439 2278 sibi
1468 2217 1640 2298 ortjarentibnr

177 2306 278 2366 orandi.
689 2354 694 2362 .
949 2309 1049 2366 terris.
1068 2309 1108 2366 Et
1125 2309 1183 2367 sub
1197 2308 1309 2367 finem:
1328 2312 1396 2369 Vet.
1419 2312 1531 2378 Tabula
1551 2315 1641 2371 Peutin

219 2418 247 2476 p.
265 2401 334 2460 242.
353 2405 412 2459 444.
440 2397 648 2458 Faecnlentioe
657 2403 669 2474 )
697 2401 762 2460 add.
796 2405 893 2461 Pacia-
947 2401 1028 2474 geri:
1048 2397 1189 2460 cantatio
1204 2400 1500 2478 Aupustonometnm.

177 2507 236 2551 nus
258 2493 285 2549 in
308 2493 482 2568 paraenesi,
504 2495 594 2567 atquo
617 2495 652 2549 nt
677 2500 797 2551 coenn‘m
820 2492 894 2552 solet
987 2507 1014 2566 p.
1031 2492 1097 2550 260.
1124 2498 1182 2550 not.
1205 2490 1311 2551 Barba
1324 2496 1332 2567 4
1345 2494 1416 2554 add.
1437 2499 1485 2557 Ex
1509 2497 1561 2557 hac
1576 2499 1638 2574 epist

179 2587 241 2641 turn
257 2583 393 2642 maacirne
409 2580 538 2660 foetere,
554 2599 622 2641 cum
636 2600 764 2643 moveos.
946 2584 1050 2640 Baron.
1070 2589 1131 2642 tom
1151 2585 1173 2641 4.
1190 2587 1259 2645 ac.
1273 2586 1321 2645 58.
1338 2587 1494 2664 Cuyckius
1507 2590 1638 2651 444444444-

220 2691 248 2749 p.
266 2674 334 2733 245.
354 2681 413 2731 not.
433 2672 563 2731 Pruritu
580 2680 587 2746 4
605 2674 671 2733 add.
691 2675 821 2753 Pruripo
842 2674 892 2734 ob·
946 2672 1050 2733 densis
1066 2676 1165 2751 Episc.
1180 2678 1209 2734 in
1225 2683 1472 2754 epparaenetica
1485 2682 1521 2742 ad
1537 2684 1638 2751 Cicron,

179 2767 405 2838 tractationum,
419 2765 579 2825 Caesarius
593 2766 693 2831 homil.
712 2766 748 2825 ad
764 2769 890 2844 plebem.
949 2773 979 2823 et
993 2764 1136 2825 Canisius
1154 2770 1183 2825 in
1198 2767 1362 2829 alcuinum
1379 2789 1429 2849 ep.
1447 2775 1495 2834 38.
1511 2776 1637 2837 scabunt.

83 2894 87 2902 ·
179 2857 212 2913 n.
225 2859 340 2915 Hieron.
353 2856 389 2915 ad
411 2858 607 2933 Nepotianum
630 2856 732 2935 linpua
742 2862 891 2937 pruriens.
947 2858 1111 2939 Episcopus
1142 2859 1307 2920 Galliarum
1335 2861 1428 2923 barba
1457 2882 1539 2926 rasos
1562 2867 1637 2926 tuisse

223 2966 251 3025 p.
270 2947 338 3008 247.
357 2954 417 3006 not.
438 2946 594 3025 improbus
608 2947 713 3026 dictis)
729 2951 798 3010 add.
814 2953 894 3012 teau-
947 2949 1022 3008 Cum
1047 2966 1083 3008 ex
1104 2966 1138 3008 ea
1161 2954 1356 3029 perspicuum
1379 2957 1438 3031 sit,
1458 2958 1637 3018 Germaniano

179 3054 234 3097 cus
254 3039 413 3115 presbyter
433 3039 471 3097 de
494 3039 595 3099 mundi
621 3048 795 3118 contemptu
822 3060 849 3103 c.
864 3046 893 3104 2.
949 3042 1046 3100 virum
1066 3042 1260 3117 spectabilem
1277 3061 1367 3121 esse,
1390 3065 1451 3108 non
1469 3051 1637 3127 episopum.

179 3128 253 3203 (inis
286 3128 410 3206 dilipens
439 3128 624 3208 turpiloquio
657 3138 753 3210 poten
784 3133 893 3195 babere
946 3133 999 3207 qui
1013 3134 1126 3192 crinem
1145 3134 1223 3193 Deae
1241 3136 1383 3217 Politiae,
1403 3157 1464 3200 non
1486 3151 1579 3203 auten
1596 3143 1638 3201 titt

177 3219 318 3281 mundam
332 3222 479 3280 mentem?
947 3230 1072 3282 voverat
1092 3242 1204 3302 ,quem
1224 3230 1422 3292 senissimum
1441 3235 1532 3296 atad
1555 3236 1638 3313 prone

217 3314 263 3384 tv,
282 3316 309 3374 4.
341 3331 369 3390 p.
398 3314 465 3374 223.
498 3320 558 3373 444.
584 3315 661 3374 Nam
693 3314 890 3395 facultatum)
951 3316 1064 3374 sionem
1081 3316 1231 3392 religionis
1248 3322 1452 3399 arripiendam
1475 3328 1638 3387 Vectiusin·

176 3405 379 3465 'tertullianus
395 3406 471 3483 apol.
499 3403 548 3466 vel
572 3406 645 3483 quta
662 3423 701 3466 ce
719 3407 891 3469 substantia
946 3405 1090 3482 pelleret,
1125 3408 1260 3468 Vectium
1303 3418 1469 3493 compellat
1507 3419 1637 3485 sidonias,

173 3495 325 3575 familiari
350 3494 465 3576 fratres
487 3513 612 3567 sumas,
630 3516 707 3576 quac
729 3517 820 3578 ponec
840 3519 891 3562 nos
945 3514 1076 3573 quemve
1096 3498 1268 3561 Sacerdotis
1280 3513 1397 3580 patrem
1410 3555 1420 3582 ,
1434 3509 1637 3588 utrumquem

174 3586 239 3666 fere
257 3587 374 3646 rtirimit
391 3587 642 3671 fraternitatem„
944 3590 1056 3662 tificis,
1093 3607 1150 3649 non
1185 3609 1258 3653 vero
1293 3599 1471 3662 Pontificem
1502 3602 1636 3681 praedicat,

214 3679 354 3755 ibid.pos
374 3681 485 3739 verba:
516 3683 548 3740 4).
577 3681 715 3740 ambros.
743 3682 780 3741 de
813 3685 888 3743 fide:
943 3680 1317 3759 addequodCantitensis
1341 3692 1477 3755 Ecclesia
1511 3709 1635 3773 nunquan

171 3770 240 3829 add.
269 3770 347 3828 idem
378 3772 406 3828 in
440 3773 535 3831 Lucae
562 3789 587 3831 c.
617 3773 664 3831 42.
683 3773 731 3831 nu.
748 3774 776 3830 7.
798 3791 823 3834 c.
844 3776 888 3833 47.
945 3771 999 3831 4444
1015 3771 1201 3834 Cathedralis
1216 3778 1452 3856 Ecclesia,imo
1469 3788 1525 3850 sub
1539 3787 1635 3865 disposi-

92 3872 95 3877 '
172 3877 240 3919 cnm
257 3859 459 3939 intersrotres
473 3863 693 3940 patrimonium
709 3882 766 3923 non
775 3863 889 3945 jndae,
943 3865 1023 3924 tione
1038 3867 1225 3927 Garnedratts
1256 3872 1464 3938 Arvernensis
1495 3880 1634 3947 Ecclesiae.

172 3951 224 4010 recl
236 3953 334 4028 pietas
351 3960 507 4031 sequestro
523 3954 629 4016 debeat
647 3955 790 4017 dividere.
946 3973 1000 4016 nec
1016 3959 1044 4015 in
1066 3958 1139 4017 libro
1152 3963 1338 4036 notitiarum,
1350 3969 1514 4048 metropole
1527 3973 1635 4032 ortatu
1680 3960 1682 4021 ἶ

213 4043 258 4099 tv.
277 4045 304 4099 3.
323 4061 350 4119 p.
368 4046 437 4103 234.
455 4053 514 4104 not.
531 4048 640 4107 tncitot
656 4054 691 4107 nt
705 4050 889 4125 curioiadd.
949 4048 1017 4106 culo
1031 4094 1038 4123 ,
1055 4058 1086 4107 et
1102 4051 1272 4127 Apostolica
1285 4058 1471 4121 cancellaria
1483 4107 1491 4134 ,
1505 4063 1633 4124 Cantillen-

172 4132 284 4191 Euseb.
305 4150 320 4190 a
339 4136 374 4190 n.
389 4136 424 4191 D.
442 4137 642 4198 ccccxciv,
661 4141 688 4197 in
708 4140 817 4200 Chron.
832 4142 890 4201 Cn-
947 4141 989 4198 sis
1007 4142 1207 4218 Episcopatus
1226 4145 1284 4206 atla
1314 4154 1428 4210 mentio
1455 4155 1497 4213 trt.
1522 4158 1633 4215 Tanton

171 4222 219 4280 rio
228 4228 385 4299 promptus
400 4229 429 4282 et
441 4227 597 4305 popularis
611 4236 724 4289 orator.
943 4249 1003 4307 que
1017 4233 1120 4303 abest,
1137 4243 1170 4295 ut
1185 4254 1221 4296 ex
1237 4237 1358 4300 Sidonio
1367 4242 1462 4306 barba
1475 4264 1555 4306 rasos
1565 4247 1631 4306 tuisse

212 4315 258 4372 tV.
287 4315 313 4372 4.
343 4315 411 4373 236.
443 4327 501 4376 not.
533 4321 681 4399 Disposito
706 4320 886 4400 confundat)
942 4323 1104 4385 Gattiarum
1124 4329 1290 4407 Episcopus
1308 4338 1628 4414 perspicuumsit,quiu

168 4406 237 4465 add.
265 4407 343 4465 idem
372 4424 418 4483 ep.
446 4410 493 4467 59.
516 4411 534 4467 4.
562 4414 588 4469 ti.
607 4413 636 4470 si
650 4411 725 4471 nibil
744 4413 887 4493 disposita
944 4411 1002 4473 imo
1019 4416 1142 4477 barbam
1161 4426 1337 4496 promisisse
1354 4437 1529 4490 constater
1546 4431 1626 4501 aaa.

171 4496 334 4556 conturbet.
357 4497 526 4558 Rothaldas
542 4503 578 4559 ad
597 4504 748 4563 Nicolaum
769 4508 819 4563 t‘t'.
842 4506 885 4564 ita
942 4505 1033 4583 hujus
1048 4509 1133 4583 libri,
1151 4529 1241 4588 quam
1259 4516 1336 4574 vide.

169 4587 412 4667 dispositumDeo
423 4591 723 4653 auocr'lrantominime
734 4595 882 4672 differam.
981 4601 1028 4659 tV.
1044 4604 1090 4662 44.
1109 4621 1137 4680 p.
1155 4604 1224 4663 263.
1243 4614 1304 4665 not.
1322 4608 1460 4689 Namque
1473 4621 1509 4674 nt
1520 4615 1544 4674 is
1553 4615 1565 4688 4
1579 4607 1623 4670 abb·

38 4743 66 4773 ·.
169 4770 175 4780 ⁸
211 4681 257 4738 tV.
285 4683 310 4782 4.
341 4698 369 4756 p.
401 4683 466 4742 237.
498 4689 558 4742 not.
587 4682 784 4760 Portitorem)
816 4689 884 4748 add.
938 4692 1106 4752 Guilelmus
1120 4693 1276 4758 Arvernus
1291 4701 1621 4782 ParisiensisEpiseopns

168 4767 245 4827 idern
264 4772 425 4830 ttreron.in
445 4776 620 4850 praeibist.
643 4777 672 4833 S.
695 4777 836 4854 Antonii,
855 4801 882 4842 c.
937 4782 974 4841 de
992 4785 1143 4861 moribus,
1167 4788 1214 4848 ubi
1236 4789 1274 4848 de
1303 4795 1436 4869 pietate,
1455 4796 1485 4854 in
1507 4796 1621 4874 soronii
