3368 5362
183 225 244 286 308
671 262 675 269 «
743 215 1080 277 POLYDORUS

184 335 328 405 Latinae,
351 326 419 390 libr.
440 327 544 387 XVIII.
568 326 625 384 buc
649 339 743 399 usque
766 321 900 381 noudum
955 340 1008 400 per
1027 339 1124 382 anuos
1146 324 1207 383 lare
1230 324 1337 402 viginti
1367 327 1585 405 interpretatus
1606 341 1657 396 est.

184 429 274 500 editi,
295 423 348 485 sed
371 430 470 481 tamen
495 421 524 477 in
547 419 639 477 variis
653 413 842 489 bibilotbeeis
859 414 901 473 la·
955 423 1022 494 post
1044 415 1080 476 ad
1103 414 1280 476 Medicinam
1302 418 1442 479 animum
1465 423 1618 498 applicuit,
1637 432 1658 482 et

184 525 317 581 litantes.
340 515 459 575 Adsunt
480 514 560 571 enim
584 513 612 568 in
628 510 767 568 Vaticana
780 551 786 579 ,
799 505 901 567 Cardi·
954 509 1094 569 Friderici
1117 509 1167 569 III.
1187 508 1337 570 Electoris
1359 511 1511 572 844ουί44
1528 514 1659 575 Archiater

184 609 410 673 ualisOttoboni
433 613 465 664 et
487 606 640 664 Patavina.
662 604 749 660 Rern.
767 599 900 660 debian-
955 603 1053 662 lactus
1074 618 1143 661 curu
1168 602 1231 679 ipso
1253 604 1281 660 in
1306 604 1434 662 Terram
1464 605 1598 666 Sanctam
1624 626 1660 686 pe

183 709 301 766 ttaueou
320 699 394 762 B'ibl.
416 698 666 759 bibliothecarum
688 695 770 754 MSS.
787 711 815 771 p.
833 695 899 754 llll.
956 697 1139 773 regrinatum
1163 694 1243 753 abiit.
1255 694 1364 755 Redux
1377 699 1498 774 primus
1508 697 1659 760 Academiae

183 803 250 862 490.
274 799 343 856 485.
364 797 411 855 Ex
435 810 469 851 eo
491 791 584 851 uitam
607 787 788 848 Petrarclrae
808 787 902 847 edidit
931 806 935 813 ·
958 788 1210 865 Wittebergeusis
1231 789 1342 848 flector
1363 793 1554 853 constitutus
1567 803 1615 853 est
1630 797 1659 853 lle

181 897 243 954 Iac.
265 890 339 951 Phil.
361 887 543 947 Tamasinus
565 885 594 941 in
618 883 775 943 petrarcha
794 881 903 941 redivi·
958 880 1060 940 morbo
1081 882 1194 941 Gallico
1215 885 1461 945 controversiam
1484 888 1594 965 Lipsiae
1622 888 1659 946 ba-

182 975 219 1044 vo
241 1002 269 1062 p.
295 984 361 1043 485.
383 984 478 1039 ortam
500 974 647 1035 4464444444
669 974 904 1035 dIussatiIdura·
956 973 1041 1044 buit,
1063 974 1100 1034 de
1121 991 1180 1052 qua
1199 976 1310 1035 Leicbii
1322 978 1459 1054 origines
1471 982 1658 1060 typographiae

181 1081 275 1138 torius
297 1083 378 1134 tomo
400 1075 439 1133 X.
461 1073 645 1147 scriptorum
664 1086 764 1129 rerum
789 1068 905 1129 italica·
959 1070 1125 1145 Lipsiensis
1147 1087 1176 1147 p.
1197 1068 1245 1127 78.
1530 1145 1535 1151 ᾗ

181 1189 257 1233 rum.
279 1170 388 1228 Totum
410 1183 487 1244 opus
509 1182 581 1223 vero
599 1162 758 1223 exCodicc
772 1162 905 1222 844444444-
1000 1161 1075 1238 Ejus
1098 1169 1168 1223 uota
1190 1169 1262 1222 suut
1285 1168 1458 1242 sequeutia.

178 1265 304 1342 begiano
337 1261 474 1337 promisit
502 1255 655 1334 Kappius:
688 1255 833 1328 dubium,
866 1272 904 1316 au
1001 1255 1193 1316 Laeonismns
1215 1253 1574 1334 tumultuarins‚ooutra
1587 1260 1659 1319 44444-

179 1357 338 1435 promissis
362 1361 442 1412 stare
455 1358 556 1428 queat.
579 1350 642 1427 Ego
658 1349 789 1424 mallem,
803 1357 907 1412 notatu
962 1352 1073 1428 pinam.
1097 1350 1235 1410 Leiebius
1256 1367 1287 1428 p.
1308 1351 1377 1412 406.
1399 1352 1469 1413 407.

178 1452 266 1529 digua
289 1466 325 1508 ex
349 1445 457 1506 eadem
480 1445 626 1521 excerpi,
650 1460 687 1501 ue
712 1442 750 1501 de
783 1445 911 1520 scripto-
1005 1444 1122 1504 Cursus
1144 1441 1286 1521 Pbysicus
1307 1445 1658 1524 etbopicus.Lips.l5ll.

179 1547 264 1605 ribus
287 1541 457 1601 notissimis
479 1537 601 1597 crambe
624 1537 672 1595 vel
691 1539 807 1595 centies
825 1545 910 1599 cocta
966 1536 1014 1596 tol.
1037 1535 1160 1613 44944444
1182 1536 1275 1596 solus.
1299 1536 1370 1596 ibid.
1395 1540 1486 1599 4544.
1502 1540 1548 1600 lul.

179 1643 380 1714 recoquatur,
403 1631 455 1692 sed
479 1633 579 1709 potius
603 1630 757 1702 mundus,
779 1633 831 1708 qui
849 1648 909 1692 nra·
1008 1629 1048 1686 De
1068 1626 1292 1706 complexione
1315 1632 1382 1690 sine
1405 1640 1554 1704 annuet,
1573 1634 1659 1693 local.

178 1730 335 1811 gniludine
359 1728 548 1788 voluminum
569 1724 702 1794 laborat,
728 1725 827 1802 aliquo
847 1743 909 1786 ma·
1006 1720 1199 1780 Tractatus
1187 1738 1217 1779 444
1254 1721 1478 1802 Wimpinianas
1509 1726 1659 1803 4444444444.

176 1842 236 1905 gno
259 1823 335 1883 malo
359 1822 513 1881 liberetur.
533 1817 608 1878 Vide
626 1834 717 1895 supra
735 1819 783 1877 IV
803 1819 871 1878 569.
963 1814 1089 1873 Witleb.
1114 1813 1202 1874 45944.

219 1921 237 1978 5
256 1919 321 1978 8444
339 1913 413 1973 libri
429 1910 650 1990 Erremplarum
667 1908 907 1973 memorabilium
1003 1905 1221 1984 Propositiones
1241 1904 1452 1985 Astratoqicae
1474 1910 1524 1971 45.
1543 1928 1601 1972 can
1613 1911 1658 1970 4444

180 2014 239 2072 MS
264 2013 291 2069 iu
314 2009 388 2068 Ribl.
410 2008 562 2067 Patavina.
960 1997 1164 2060 solutionibus.
1189 2002 1267 2077 Lips.
1285 2003 1374 2062 4488
1397 2004 1428 2063 4.

220 2106 248 2163 6.
271 2100 360 2163 Liber
382 2111 488 2160 contro
510 2098 637 2159 lusores.
1000 2090 1197 2172 epistolica
1219 2093 1658 2172 GeorqiumSamoniaeIlaoen.

221 2197 247 2256 7
272 2193 415 2271 4444449444
433 2191 471 2252 <te
493 2189 562 2251 444444
583 2188 902 2270 rrdoeuloebmbrum
958 2187 1036 2247 tls.
1030 2186 1148 2246 rnilibl.
1161 2187 1304 2247 Paullina.
1318 2189 1657 2269 FallerusCatalp.llt

183 2291 220 2349 al.
245 2287 464 2350 Hebraeorum.
957 2277 1108 2359 Epistulae
1129 2276 1205 2338 duae
1226 2278 1262 2338 de
1282 2279 1366 2340 Actu
1389 2282 1470 2342 inter
1499 2283 1657 2344 Frrderr‘eurr

220 2384 247 2442 8.
272 2383 313 2442 Ile
335 2379 493 2440 miraculis
515 2379 640 2440 Antonii
659 2379 809 2441 Patavini.
958 2375 1031 2452 Imp.
1054 2378 1084 2432 et
1104 2370 1248 2433 Carolum
1269 2373 1385 2434 Ducem
1409 2376 1670 2455 Burpundramb

218 2477 245 2534 9.
274 2474 339 2534 Vita
359 2475 392 2533 B.
417 2472 546 2533 Helenae
561 2471 760 2533 Enselnrinae.
958 2467 1085 2539 ibidem,
1105 2484 1133 2544 p.
1148 2467 1216 2526 283.

217 2569 264 2629 l0.
290 2568 450 2627 Tractatns
472 2565 508 2627 de
529 2565 718 2645 carisessione.
746 2568 779 2627 444
813 2568 914 2627 Scan
1000 2560 1119 2621 Cursus
1142 2560 1171 2619 in
1191 2558 1452 2639 IIetapbysicam,
1479 2563 1608 2643 1449444444
1621 2579 1656 2639 pe·

173 2661 281 2721 444444
296 2668 326 2719 44
342 2659 531 2737 Papadopulo
548 2661 603 2718 visi
621 2666 704 2718 suut.
723 2658 797 2717 Pide
816 2660 901 2720 illum
956 2652 1123 2727 stilenliae,
1144 2651 1343 2727 Quaestiones
1363 2652 1656 2734 cananaeam

173 2754 298 2830 Autiqv.
320 2753 422 2812 Putav.
445 2754 479 2811 44.
504 2752 550 2812 40.
575 2769 601 2828 p.
625 2751 693 2810 4436.
714 2750 805 2810 bunc.
825 2768 897 2811 vero
954 2765 994 2806 na
1005 2745 1111 2822 naria,
1126 2745 1231 2824 Elepia
1245 2745 1276 2804 in
1290 2753 1420 2808 mortem
1437 2751 1561 2813 Ernesti
1573 2749 1655 2809 844444

172 2854 254 2906 tomo
275 2848 311 2905 44.
334 2847 407 2905 illst.
429 2846 605 2921 Gymanasii
629 2846 764 2904 Patavini
777 2863 804 2922 p.
819 2847 886 2907 469.
951 2841 1048 2914 44444
1060 2841 1124 2899 4444.
1143 2839 1216 2899 Vide
1231 2839 1350 2903 Ceutur
1376 2842 1581 2906 bladerianarn
1593 2843 1654 2903 4434.

213 2939 229 2974 ¹*
250 2940 285 2998 V.
306 2940 339 2999 C.
361 2939 524 3015 Apostolus
546 2938 641 2997 zenas
664 2938 692 2994 iu
715 2938 841 3015 epistula
859 2938 896 2997 de
993 2932 1008 2966 ³*
1030 2935 1151 2993 Praeter
1172 2950 1208 2994 ea
1229 2950 1306 3010 quae
1331 2935 1380 2994 hic
1402 2934 1442 2997 da
1460 2938 1595 2998 Pollichio
1608 2944 1654 2994 tau

170 3031 414 3091 meditationibus
436 3028 812 3106 PhilosophicisBcruardi
833 3033 897 3091 Tri·
951 3035 1066 3105 guntur
1102 3027 1212 3088 addere
1242 3033 1352 3104 jurat,
1373 3032 1532 3108 egregiam
1560 3042 1652 3108 operm

161 3127 268 3185 nisani
290 3124 395 3185 scribit
417 3125 445 3182 in
467 3125 569 3183 Illuseo
583 3124 759 3182 Trivisaneo
780 3124 895 3184 servari
950 3123 1137 3199 praestitisse
1156 3122 1238 3182 illum
1254 3122 1386 3181 Electori
1401 3124 1554 3185 8444444444
1567 3135 1648 3183 noran

170 3217 304 3277 codicem
327 3219 475 3293 scriptum
498 3217 556 3276 Au.
579 3214 666 3276 4475.
691 3218 719 3274 44
742 3233 801 3292 quo
822 3222 895 3278 suut
951 3213 1256 3292 lvittembergensem
1265 3213 1405 3276 scholam
1416 3220 1536 3297 erigere
1546 3212 1647 3277 molienti

171 3310 473 3370 orationesllicconis:
490 3308 633 3386 additque
647 3307 897 3386 Carminaquao-
936 3321 1027 3383 ¹quae
1050 3307 1174 3367 taudem
1196 3314 1297 3368 erecta
1320 3315 1369 3367 est
1391 3326 1476 3370 auno
1495 3311 1578 3372 4594.
1591 3306 1647 3369 0444

170 3401 238 3464 dam
262 3403 353 3462 1444444
386 3402 488 3462 haberi
509 3400 589 3480 apud
611 3401 646 3461 V.
667 3401 700 3460 C.
724 3403 895 3479 Ilierouym
949 3399 1006 3459 Lu.
1029 3399 1116 3460 4544.
1139 3403 1260 3460 Praeter
1273 3416 1365 3476 opera
1381 3400 1433 3462 hic
1449 3402 1576 3464 iudicata
1588 3404 1644 3460 errat

169 3494 328 3554 Barullaldi
366 3496 587 3554 Ferrariensem
630 3492 734 3552 eodem
768 3495 895 3554 authore
949 3496 1016 3552 eius
1038 3493 1536 3571 Ilesporrsr'oinarrores·8imanr's
1551 3491 1643 3557 enar

169 3591 309 3648 Xiecone.
324 3589 406 3664 (Vide
420 3590 497 3647 Zeno
512 3588 625 3646 Lettl.
640 3586 893 3662 4784444785.)
948 3585 984 3647 de
1005 3584 1089 3647 Malo
1112 3587 1238 3647 Franco.
1263 3588 1382 3663 Lipsiae
1407 3589 1499 3652 4594.
1522 3592 1547 3650 4.

209 3682 358 3743 Modestus
371 3682 636 3754 POLENTONUS,
654 3682 796 3740 Xiecouis
814 3680 893 3741 filius
990 3677 1406 3757 POLYDORUS'Verpilius,
1425 3682 1639 3752 Urbinasauo

99 3772 104 3781 '
168 3793 194 3835 a.
220 3778 561 3836 lt85.Pataviilurium
575 3777 891 3834 Doctorrenunciatus
948 3777 1017 3834 uiae
1038 3774 1133 3835 bonas
1155 3774 1271 3834 litteras
1295 3773 1405 3834 didicit
1432 3785 1465 3837 et
1492 3768 1636 3839 omuino

168 3867 277 3926 ibidem
301 3886 353 3944 per
375 3886 471 3928 anuos
492 3869 663 3946 complures
680 3866 892 3944 jurisprudeu·
946 3867 1117 3929 Alexandro
1140 3867 1188 3928 vt.
1212 3868 1355 3928 Pontifiae
1379 3871 1410 3930 in
1437 3870 1570 3949 Angliam
1590 3865 1635 3924 rub·

166 3961 239 4018 444444
258 3963 378 4020 ciuilem
403 3963 514 4022 docuit.
538 3963 727 4039 conseripsit
738 3962 889 4038 Responsa
946 3978 1000 4023 sus
1021 3969 1089 4035 est,
1108 3969 1141 4021 ut
1154 3961 1404 4032 ibiQuaestorem
1417 3961 1633 4041 ageretmbtlu·

161 4051 269 4128 juris,
290 4054 326 4112 ad
349 4073 426 4131 quae
447 4056 587 4134 Caepolla
601 4055 691 4114 etalii
704 4061 887 4133 provocant:
945 4058 1004 4115 rico
1028 4056 1102 4115 VIII.
1124 4055 1205 4132 Rege
1227 4054 1490 4117 Archiadiacouus
1511 4048 1631 4116 wellensis

169 4146 240 4202 item
256 4144 291 4203 de
308 4146 454 4224 sepulcris
470 4147 636 4209 illustrium
653 4147 889 4225 uirorum,qnae
943 4150 1130 4208 constitutus
1151 4150 1181 4207 iu
1203 4148 1310 4224 Anglia
1333 4149 1630 4224 mansimdorecns

170 4237 292 4297 Patauii
310 4238 473 4315 uisuntur,
492 4259 569 4318 opus
590 4259 606 4301 a
629 4240 811 4302 Scardeouio
826 4241 889 4300 lau·
945 4243 1028 4300 uium
1050 4248 1149 4301 444444
1171 4245 1316 4316 vergente
1340 4239 1490 4304 Urbiuum
1511 4248 1629 4303 reuersus.

166 4329 281 4403 datum,
292 4333 415 4410 Antiqu.
429 4333 529 4393 Patav.
543 4335 575 4394 Il.
588 4337 616 4394 8.
629 4331 656 4412 p'.
669 4336 736 4396 483.
752 4329 889 4410 Kappius
944 4334 1114 4411 ibidemque
1136 4352 1161 4394 a.
1186 4333 1273 4394 4555.
1297 4335 1357 4394 4444
1380 4352 1438 4397 suo
1461 4339 1573 4399 Iunctus
1592 4334 1626 4388 til·

167 4424 389 4505 dissertata.
406 4427 527 4487 tullio.
547 4429 691 4488 comneni
712 4425 886 4503 Papadopoli
943 4428 1017 4487 Vide
1038 4427 1173 4487 Baelium
1302 4461 1305 4467 ·

166 4516 406 4596 Ilisttlymnasii
420 4521 609 4581 Patavinilib.
623 4522 824 4582 lll.sect.l.c.
842 4521 887 4579 43.
985 4522 1098 4599 Ingenii
1121 4522 1217 4597 ipsius
1239 4531 1440 4585 monumenta
1462 4532 1534 4588 sunt
1552 4524 1612 4582 baec:

207 4611 436 4675 POLlTIANUS
458 4614 524 4674 Vid.
545 4614 734 4676 ANGELUS.
983 4609 1218 4672 Proverbiorum
1237 4611 1388 4689 Libellus,
1407 4619 1512 4678 Venet.
1531 4612 1627 4692 peritt-

207 4705 358 4765 llIartinus
383 4707 616 4781 POLLICHIUS,
643 4703 887 4779 Mellerstadins,
943 4705 1114 4782 Christopb.
1136 4706 1173 4766 de
1195 4708 1314 4779 Pousis,
1338 4709 1429 4768 4498.
1444 4712 1473 4770 4.
1488 4709 1627 4786 Adagioruu

169 4810 185 4852 4
209 4796 427 4871 Mellerstadio,
451 4803 633 4861 Fraueoniae
657 4799 751 4870 urbo,
773 4801 818 4856 sic
848 4798 892 4855 di·
941 4814 1018 4876 opus
1040 4801 1226 4876 recognitum
1249 4805 1281 4866 et
1301 4799 1541 4878 locupletatum,
1568 4792 1626 4858 8454·

166 4891 254 4959 ctus,
278 4889 421 4967 Magister
442 4896 625 4970 Lipsiensis,
640 4895 675 4951 Il.
690 4891 835 4950 Thomam
850 4890 886 4948 ibi
943 4890 1022 4968 apud
1047 4890 1247 4969 Frobeniurn,
1268 4892 1357 4954 ⁴52⁴.
1382 4894 1473 4958 4525.
1497 4897 1541 4957 441.
