3658 5412
694 133 1018 258 severinus
1094 211 1102 221 ·
1541 211 1603 282 ω

97 295 136 359 ad
160 303 275 358 tomum
291 297 314 356 1.
328 295 473 358 Thesauri
495 297 718 360 hnecdotorum
731 317 759 378 p
774 300 823 364 89.
880 317 974 364 usus:
1000 302 1087 366 uicit
1106 301 1184 364 6666
1202 305 1344 370 Dominus
1367 310 1476 372 Patro:
1498 313 1596 378 heca

95 390 235 468 Epistola
256 389 445 450 centimetro
467 389 598 466 praelixa
619 391 699 452 edita
722 401 769 454 est
791 396 822 454 in
878 411 947 456 oues
974 409 1079 470 meos,
1103 395 1289 472 non-tonde,
1303 416 1363 461 non
1376 404 1523 476 excorio,
1540 424 1601 469 666

97 480 210 540 labbei
233 478 305 540 ltihl.
329 497 406 540 nova
426 482 508 542 llSS.
531 478 553 542 l.
576 501 604 562 p.
627 486 696 544 668.
879 485 1037 560 curacura,
1054 485 1287 552 autumnando
1304 508 1450 556 comune.
1470 495 1597 560 Balaam

142 575 171 633 t.
195 573 406 652 taovpraroao
426 573 554 648 666616,
576 578 641 637 sive
662 596 694 639 m
718 596 824 642 remin-
878 575 1001 640 (lentur.
1019 577 1130 640 1683.
1147 582 1307 644 Pitseusc.
1330 583 1401 649 366.

95 663 173 724 dom
194 664 306 724 umori
319 664 477 726 editionem
499 665 724 747 interpretatio,
751 690 821 734 cum
916 667 1048 730 1666666
1068 669 1104 730 de
1124 672 1243 741 surh,
1261 691 1298 734 ex
1315 675 1410 738 Gallia
1428 679 1600 746 Narbonen-

93 757 215 815 Douato
227 757 334 834 prodiit
348 757 427 834 apud
444 757 518 818 liob.
531 760 719 838 Stephanum
734 768 825 827 6834.
877 765 927 836 si,
948 765 1056 822 Ductor
1081 765 1198 826 lurtum
1223 772 1256 824 et
1285 766 1483 845 Advocatus,
1515 774 1600 836 initio

95 847 125 904 ti.
148 845 234 908 llaec
255 851 311 908 tria
333 865 406 910 varo
424 849 518 910 habes
540 854 632 912 etiam
660 856 691 914 in
715 857 823 918 Gram-
876 849 1050 924 schismatis
1067 873 1094 916 a.
1116 854 1203 916 6377.
1228 855 1380 920 Urbanum
1404 861 1450 920 Vl.
1472 872 1598 926 secutus

93 941 219 1002 maricis
240 941 370 1002 Putscbii
393 960 421 1019 p.
444 942 531 1002 6779.
874 951 940 1012 est.
963 948 1044 1006 etin
1066 950 1193 1025 gratiam
1215 948 1295 1010 iliius
1316 949 1444 1012 [iccium
1465 953 1502 1014 ad
1524 957 1601 1023 Aca.

136 1033 166 1092 a.
192 1029 314 1092 Glosroa
340 1033 613 1109 Graeco-torinna,
643 1056 719 1115 quas
747 1042 817 1102 otim
875 1035 1006 1097 damiam
1022 1039 1219 1100 parisiensem
1243 1041 1336 1102 misit.
1359 1043 1599 1110 PluraOudiuus

93 1124 205 1184 habuit
235 1127 343 1186 Petrus
369 1128 559 1203 Scriverius,
583 1130 687 1190 edidit
716 1140 820 1194 autem
872 1131 1068 1207 601601166-
1087 1132 1175 1192 1196.

92 1215 252 1278 Antonius
270 1217 439 1282 Matthaeus
452 1225 532 1280 tomo
544 1222 592 1282 Vl.
604 1223 819 1287 analectorum
916 1221 1160 1284 savuuthrius
1178 1225 1290 1288 libetur
1305 1267 1314 1294 .
1328 1226 1398 1290 vide
1416 1243 1527 1306 supro,
1547 1231 1601 1293 Ju-

92 1307 168 1370 eon.
191 1309 456 1386 praeamara.
487 1330 517 1389 p.
552 1314 621 1376 aas.
651 1317 713 1376 enta
742 1326 820 1395 post
879 1307 938 1372 tua
954 1313 1148 1376 866666.

91 1400 222 1460 Dubitat
243 1408 345 1462 umen
366 1402 405 1462 de
416 1402 547 1466 Auctore
560 1408 756 1486 Tanaquillus
767 1412 822 1471 lia-
916 1405 1145 1482 SEVERINUsv
1163 1408 1336 1484 Romanus,
1367 1414 1487 1488 Labieni
1519 1415 1600 1482 fitius

92 1492 150 1552 ber
170 1493 268 1571 Epist.
290 1495 312 1554 1.
335 1494 384 1554 63.
404 1500 436 1552 et
457 1497 520 1572 ipse
542 1498 719 1562 Matthaeus.
876 1494 910 1557 it.
935 1497 969 1556 E.
997 1497 1188 1573 ilardinalis,
1211 1509 1278 1577 post
1299 1504 1445 1570 Summus
1463 1508 1600 1574 Pontileu

135 1584 377 1664 suavescat,
399 1587 624 1650 incertaesadis
638 1592 819 1672 Episcopus,
875 1589 953 1650 circa
968 1605 996 1648 a.
1019 1591 1087 1650 638.
1109 1607 1181 1654 6666
1204 1591 1272 1652 fidei
1294 1596 1534 1674 explanationem
1559 1601 1600 1663 ia·

91 1678 256 1756 temporib.
278 1676 820 1760 Augustini,scripsitadversuseos,
875 1685 954 1744 ctam
978 1697 995 1740 a
1025 1681 1129 1759 Sergio
1155 1683 1487 1764 Constantinopolitano
1511 1690 1602 1767 Epis·

91 1771 148 1846 qui
170 1768 298 1842 dicunt,
320 1769 478 1830 Christum
500 1772 530 1830 in
553 1771 608 1832 hac
631 1775 693 1834 vita
710 1775 820 1854 degan·
876 1789 950 1850 copo
968 1773 1119 1834 haeretico
1137 1776 1331 1852 reprobavit,
1349 1785 1380 1838 et
1397 1787 1500 1840 contra
1518 1782 1600 1844 illam

91 1868 158 1922 rem
192 1877 253 1920 nou
274 1860 388 1920 vidisse
420 1864 539 1922 carneis
559 1866 624 1924 suis
645 1867 740 1928 oculis
766 1868 821 1931 Pa·
874 1867 1004 1942 scripsit.
1032 1867 1110 1928 llaec
1135 1865 1281 1928 Oldoiuus
1307 1870 1336 1931 iu
1365 1868 1521 1934 Athenaeo
1543 1873 1598 1932 ho·

90 1960 196 2026 hem,
217 1952 272 2014 sed
294 1959 361 2031 post
386 1957 637 2016 resurrectionem
668 1976 705 2018 ex
743 1977 822 2022 mor·
876 1973 965 2022 mano
986 1973 1014 2034 p.
1031 1957 1102 2020 utu.

91 2047 233 2120 tuis,et
253 2047 461 2106 ascensionem
483 2048 513 2104 iu
535 2049 627 2112 coelia
646 2067 716 2110 cum
738 2059 820 2113 tran·
915 2050 1128 2110 SEVElilNUS
1163 2048 1313 2126 Colchus,
1347 2053 1598 2130 mediolanensis,

93 2137 268 2200 alatusast
291 2136 464 2216 ingloriam
487 2140 540 2200 Dei
572 2142 688 2216 Patris,
723 2145 820 2221 prote·
874 2141 976 2202 hbbas
993 2143 1210 2204 canonicorum
1224 2145 1599 2221 Regulariuml’lacentiso

90 2236 181 2290 ctum
204 2229 361 2292 scilicetei
378 2230 523 2290 dantisin
542 2238 818 2298 remunerationem
874 2233 948 2296 obiit
962 2250 988 2294 a.
1010 2234 1096 2295 6696.
1111 2235 1238 2312 Scripsit
1254 2233 1290 2297 tie
1320 2235 1400 2296 Vitis.
1415 2238 1596 2300 Sanctorum

88 2323 243 2400 martyrii.
276 2324 309 2382 16
336 2340 395 2400 qua
426 2326 575 2400 scriptura
601 2326 753 2401 6666666,
788 2336 821 2390 et
875 2323 1100 2404 illustriumque
1118 2343 1160 2388 eae
1178 2325 1289 2388 Oratim
1305 2327 1455 2390 Cononico
1476 2327 1524 2391 66.
1548 2332 1599 2400 IV,
1665 2337 1668 2343 “

87 2416 298 2495 disputatione
319 2431 393 2484 sua,
414 2431 449 2476 ac
475 2421 650 2477 sanctarum
684 2417 819 2497 Scriptu-
873 2419 944 2493 quia
960 2433 998 2477 an
1017 2417 1090 2478 editi
1105 2419 1189 2492 sict,
1207 2434 1266 2478 non
1284 2419 1379 2480 habeo
1396 2431 1596 2498 compertum.

86 2527 195 2570 rarum
217 2510 422 2582 testimoniis,
449 2509 612 2568 Dominum
647 2511 751 2572 Jesum
778 2513 817 2579 eb
873 2509 981 2570 Celsus
1008 2507 1047 2568 de
1071 2510 1189 2576 lissinis
1220 2511 1249 2570 iu
1274 2511 1373 2585 Lyceo
1402 2513 1596 2579 lateranensi

87 2605 156 2680 ipso
177 2601 246 2679 sius
266 2607 414 2678 conceptu
436 2617 488 2678 per
509 2602 654 2678 Spiritum
676 2610 815 2666 sanctum
849 2609 949 2678 part.
966 2600 1002 2662 ll·
1020 2617 1086 2678 pag.
1106 2602 1176 2663 269.

87 2695 192 2766 lacto,
214 2701 246 2754 et
267 2700 356 2772 partu
377 2710 416 2753 ex
446 2694 590 2770 Virgine,
623 2695 703 2770 quod
735 2698 816 2758 Deus
912 2693 1596 2774 salutamuscracoviensir,1txtuueus,

86 2803 187 2847 verus
209 2788 239 2846 in
262 2787 384 2848 homine
405 2801 479 2846 vero
500 2788 564 2863 ipse
585 2803 707 2862 quoque
724 2789 817 2850 Homo
871 2785 941 2844 0rd.
966 2786 1225 2857 sarcinatorem,
1249 2787 1427 2863 Theologiae
1455 2790 1596 2866 Magister

86 2880 173 2940 Deus
194 2879 295 2940 tactus
315 2885 477 2952 natusest,
490 2893 611 2955 semper
623 2881 725 2938 carnis
742 2895 815 2942 suae
871 2883 902 2940 et
923 2878 1142 2953 Ecclesiastes,
1171 2879 1378 2955 augustinum
1405 2885 1437 2938 et
1462 2878 1597 2958 Aquina-

86 2971 187 3032 oculis
208 2977 240 3030 et
262 2972 379 3032 Patrem
396 2969 529 3045 vidisse,
544 2978 575 3028 et
588 2970 733 3046 Spiritum
747 2987 817 3030 asn-
872 2975 934 3031 6666
953 2971 1096 3032 memoria
1111 2971 1227 3043 tenuit,
1241 2971 1318 3030 vixit
1330 2971 1405 3048 iseo.
1422 2972 1490 3032 le
1505 2979 1536 3035 et
1553 2973 1598 3032 ia·

86 3070 175 3124 ctum
187 3106 197 3137 ,
219 3079 273 3141 per
293 3061 455 3140 specialem
476 3068 508 3122 et
528 3063 555 3122 ei
577 3064 694 3124 unitam
716 3062 769 3124 Dei
784 3069 815 3124 et
871 3064 970 3138 gentis
984 3061 1596 3142 661661666666666668666666666

87 3155 233 3214 hominis.
255 3155 441 3214 societatem.
466 3155 545 3214 llaec
575 3153 756 3214 Gennadius.
777 3154 815 3215 ds
872 3151 1060 3217 hermantiam
1081 3153 1279 3222 elucubravit.
1301 3154 1404 3230 Elegia
1426 3155 1492 3230 ejus
1526 3155 1596 3222 vide

87 3248 202 3326 Seript.
223 3247 338 3308 Ecclas.
359 3262 385 3308 c.
418 3244 468 3306 87.
500 3243 692 3323 Augustinus
721 3245 814 3322 huius
871 3244 1162 3323 apudiiaoviumad
1181 3261 1295 3306 annum
1315 3246 1403 3306 6398.
1422 3263 1506 3311 num.
1526 3249 1575 3311 63.

87 3341 263 3401 sententias
278 3339 415 3398 meminit
427 3351 590 3415 suppresso
611 3340 732 3398 nomine
746 3339 817 3415 Epi·
912 3335 1127 3402 satuimus
1142 3333 1179 3394 de
1193 3333 1395 3413 1666666666,
1409 3337 1595 3411 Bitontisus,

86 3433 194 3492 6698.
216 3438 248 3490 et
270 3431 357 3491 1696.
376 3430 430 3490 sed
450 3447 516 3490 eam
555 3431 677 3490 refutat.
709 3431 816 3492 Caeto-
872 3427 1040 3490 monachus
1056 3425 1364 3498 Benedictinus‚sac.
1378 3426 1441 3491 XV.
1455 3429 1505 3504 qui
1519 3429 1597 3488 mul-

87 3542 158 3586 rum
182 3523 260 3586 liber
281 3523 331 3583 ille
349 3529 484 3582 aetatem
504 3539 563 3582 non
585 3523 665 3582 tulit.
872 3527 937 3582 tum
960 3522 989 3580 in
1012 3516 1264 3595 recognoscendis
1286 3517 1416 3578 homiliis
1438 3519 1596 3595 crysosto

125 3612 815 3691 suttune,vetseroatos,hngiaa,010·
871 3614 911 3672 mi
935 3614 963 3672 in
979 3611 1163 3676 llattbaeum
1187 3609 1360 3686 insudavit,
1383 3616 1461 3670 teste
1483 3610 1596 3672 Thema

89 3711 158 3770 uiae
187 3708 284 3767 literis
310 3707 462 3779 incubuit,
488 3707 621 3782 primum
652 3707 813 3782 6666666,
870 3706 1015 3766 ianuensi
1043 3703 1082 3763 da
1110 3702 1258 3764 Valerano
1280 3703 1309 3762 in
1342 3702 1525 3779 praelatione
1557 3703 1595 3764 ad
1704 3751 1706 3757 .
1771 3699 1773 3705 “

88 3807 162 3880 post
179 3799 434 3877 hrchiepiscopus
450 3798 658 3858 Eboracensis.
673 3800 731 3860 Sed
744 3803 814 3877 quia
870 3797 1032 3860 editionem
1050 3796 1171 3858 illarum
1188 3795 1431 3870 antiquissimam
1451 3794 1480 3852 in
1493 3793 1597 3854 biblio·
1673 3868 1676 3874 Ι

89 3894 201 3953 nimias
222 3893 418 3969 pecuniarum
441 3892 613 3950 exactiones
639 3893 815 3952 Pontificum
871 3888 959 3950 theca
979 3889 1150 3950 monasterii
1169 3886 1329 3948 Fariensis.
1348 3884 1420 3946 Vide
1436 3885 1594 3948 llahillonii

89 3986 221 4045 tolerare
243 3999 303 4044 666
336 3984 453 4061 potuit,
475 3985 777 4054 excommunicatus,
799 3997 816 4042 a
871 3979 934 4040 lter
949 3980 1086 4042 italicum
1105 3996 1171 4056 pag.
1191 3976 1259 4038 667.

88 4076 201 4156 populo
231 4083 333 4136 66666
362 4077 392 4133 16
421 4091 528 4152 magno
556 4073 668 4135 honore
696 4075 815 4136 habitus
910 4071 1086 4136 savuuutl
1107 4070 1232 4135 Abusus
1253 4069 1415 4130 Sermones
1442 4067 1474 4129 in
1493 4066 1599 4130 Natali

90 4169 159 4230 init.
176 4167 300 4230 Oblita.
317 4166 406 4228 lusu.
436 4167 563 4244 Scripsit
591 4165 815 4246 Breoilopuium
871 4162 1149 4226 salemanniam
1183 4165 1212 4221 in
1240 4160 1316 4222 Bihl.
1345 4160 1597 4238 Sangarmanensi

91 4265 199 4322 contro
228 4257 379 4339 petendum
412 4259 592 4337 liupirtrum
623 4257 815 4334 Iordanem,
871 4264 1018 4318 memorat
1036 4257 1182 4333 (langius.

90 4369 185 4432 quem
207 4352 362 4425 Pontilex,
384 4353 526 4428 quamvis
547 4349 670 4428 hugliaa
697 4352 816 4430 linguas
910 4347 1144 4420 saluatoris,
1170 4348 1307 4408 incertae.
1329 4345 1439 4411 aetatis
1467 4350 1498 4402 et
1515 4342 1596 4402 sedis

91 4446 252 4524 ignarum,
270 4445 335 4520 ipso
352 4442 522 4504 inconsulto
536 4441 689 4502 llecsnum
703 4443 814 4506 libore·
867 4442 1052 4518 Episcopus,
1074 4441 1283 4500 Colonienaem
1307 4438 1401 4498 tuisse
1423 4433 1595 4511 conjectura

91 4551 217 4596 oensem
243 4537 461 4609 constitueret,
489 4537 613 4596 8161616
632 4532 815 4612 synodale,
871 4535 1002 4594 estllev.
1014 4532 1295 4616 Peniiqusculum
1309 4531 1376 4604 ejus
1391 4528 1517 4602 exiguae
1534 4539 1596 4582 mo-

91 4628 251 4688 &mmor
265 4625 467 4707 etEpirlolua,
482 4625 746 4688 chleoeondrum
758 4629 815 4688 Pu·
871 4624 929 4700 lis,
947 4626 1027 4703 quod
1047 4624 1218 4686 Doctrinom
1236 4620 1410 4696 inscripsit,
1429 4617 1477 4674 vel
1497 4623 1529 4676 ut
1540 4616 1596 4676 Co·

89 4719 236 4796 porum
254 4737 345 4796 quem
365 4719 562 4780 moribundos
582 4721 815 4798 scripsit,inter
870 4717 928 4778 des
947 4725 1074 4778 monast.
1105 4716 1279 4778 llilariensis
1297 4715 1325 4770 in
1345 4707 1614 4782 bustriahabet„

93 4811 170 4887 alia,
206 4818 285 4874 teste
317 4811 467 4874 hetthaeo
495 4813 626 4887 Parisio,
655 4811 702 4872 his
716 4811 817 4874 verbis
873 4810 1016 4872 11666166
1037 4808 1073 4870 rie
1100 4805 1273 4886 86666116,
1294 4800 1410 4864 editum
1430 4806 1478 4859 est
1499 4801 1595 4874 primo
