3654 5408
666 209 1035 292 assissinos
1533 221 1593 284 363

100 333 255 392 sententia
276 328 319 390 ci.
341 325 447 406 Happii
469 333 537 402 est,
558 325 691 388 414444
717 329 823 388 111444-
876 317 1484 406 44144.044411443441444411444044·
1507 325 1595 390 Pras·

102 441 142 484 ns
165 424 328 485 Poleotano
348 438 377 499 p.
400 421 448 482 44.
876 422 1043 488 dicatorum
1061 427 1074 482 t
1101 423 1112 482 l
1130 441 1158 501 p.
1175 421 1243 483 403.
1258 421 1412 482 43444444
1431 439 1459 500 p.
1474 419 1522 482 04.

145 514 314 578 1144444344
338 511 555 590 navandis,
575 514 737 589 4141414144
758 513 823 576 Via·
916 515 1142 584 BBBBBTUS.
1174 511 1311 574 Clericus
1348 515 1518 591 Hispanus,
1553 513 1591 574 ad

101 609 227 672 44444444.
376 631 379 638 ·
421 597 423 602 ’
877 623 969 685 quein
997 621 1066 668 oum
1096 607 1301 668 additamento
1321 603 1597 667 444414444444141-

143 700 383 772 341333133,
413 699 581 778 Episcopus
616 699 822 768 Arelatensis,
878 705 960 760 recta
991 708 1040 760 444
1071 701 1204 780 Epistola
1228 699 1329 760 isidori
1352 700 1537 778 Hispalensis
1558 699 1595 761 ds

98 796 202 858 Hilarii
224 808 397 864 successor,
427 791 465 850 de
495 807 556 870 quo
577 791 765 854 Beiiedictini
793 795 822 852 in
879 803 939 854 usa
956 792 1044 872 pariis
1076 790 1421 872 444444114444414444444ι
1448 790 1594 852 Ecclesia.

102 889 233 950 Historia
257 887 386 946 literaria
406 883 519 944 Galliae
533 891 607 946 toni.
624 885 650 946 li
668 903 734 966 pag.
753 887 823 954 sat.
881 887 961 947 Vixit
982 889 1073 968 igitur
1094 893 1231 966 tempore
1248 886 1372 958 Isidori,
1390 894 1422 946 44
1439 884 1598 947 34444414-

100 981 183 1061 Ejus
202 988 250 1041 est
267 975 501 1058 lapsamque
523 977 655 1040 clericos
686 995 758 1042 suos
785 979 822 1040 ad
880 978 1209 1045 commoditatibus
1231 982 1301 1058 (qui
1322 995 1350 1040 a.
1372 979 1440 1040 030.
1461 980 1598 1058 contigit)

98 1075 269 1138 Concilium
291 1069 470 1134 Arelatense
493 1078 581 1132 vocat
603 1078 627 1132 t.
649 1073 686 1132 11
710 1072 821 1135 concil.
879 1075 1009 1152 reliquit.
1031 1076 1140 1136 Exstat
1162 1077 1192 1134 in
1214 1073 1396 1134 editionibus
1416 1072 1519 1133 isidori
1536 1075 1596 1135 illo·

100 1168 212 1230 Labbei
245 1183 310 1246 pag.
345 1163 433 1226 4093.
455 1163 552 1238 Sunt,
573 1167 624 1242 qui
647 1166 702 1243 ipsi
729 1167 824 1226 Vitam
878 1167 1077 1242 dritensi,st
1100 1167 1208 1228 3444111
1230 1167 1383 1242 Parisina,
1406 1181 1542 1227 necnon
1565 1166 1595 1225 in

106 1260 228 1322 Hilarii
246 1259 402 1330 tribuunt,
422 1271 501 1334 quae
523 1261 625 1317 tamen
646 1254 749 1336 oporte
776 1263 824 1316 est
879 1262 963 1321 44414
984 1261 1086 1322 Sanct.
1108 1267 1181 1320 tom.
1203 1261 1214 1320 l
1237 1261 1349 1338 Aprilis
1364 1275 1400 1338 p.
1421 1259 1490 1321 349.
1522 1259 1596 1322 1144

102 1355 245 1416 Honorati
267 1350 475 1412 Massiliensis.
497 1347 570 1409 Vide
590 1348 716 1410 Galliam
738 1349 823 1411 04441-
878 1351 1078 1415 3144444411
1110 1352 1182 1412 31444
1217 1349 1383 1430 Hispanam
1416 1353 1483 1412 144.
1508 1351 1543 1413 V.
1565 1353 1596 1414 5.

101 1448 232 1508 stianam
255 1447 331 1504 loia.
350 1443 362 1503 l
383 1457 411 1518 p.
444 1443 512 1502 334.
533 1447 565 1500 44
585 1441 727 1502 Nostrum
749 1448 822 1506 4444.
879 1463 908 1508 4.
931 1445 999 1506 349.
1380 1451 1385 1460 ·

101 1540 242 1617 lllpag.
264 1537 333 1599 335.
441 1619 443 1623 Ι
703 1545 706 1552 “
918 1538 1029 1599 Petrus
1061 1535 1375 1613 3304344031415,
1407 1538 1597 1599 04414444-

143 1627 678 1704 344414444444414444434110114313,
697 1643 825 1708 magnus
878 1649 967 1714 rum,
990 1633 1098 1692 Bocior
1118 1631 1306 1710 Theologus,
1333 1632 1454 1710 scripsit
1487 1633 1598 1715 Specta

100 1727 296 1788 Venetiarirm
318 1723 544 1800 cancellarius,
573 1721 713 1784 4444444
747 1725 844 1792 Dan,
879 1723 940 1785 lum
968 1723 1069 1803 finalis
1099 1721 1319 1798 retributionis,
1341 1727 1466 1802 antiquo
1492 1723 1597 1785 chara·

101 1819 194 1892 dolo,
217 1819 400 1898 Venetorum
422 1817 516 1890 Buci,
537 1824 571 1876 et
591 1817 750 1877 Francisco
772 1818 824 1876 Pe·
878 1827 959 1880 ctere
983 1821 1185 1897 impressum.¹

102 1911 243 1972 trsrchsc
264 1925 385 1970 summa
407 1909 606 1969 familiaritate
632 1908 822 1988 coniunctus.
919 1908 1333 1994 3301344033444444,
1356 1909 1514 1987 religiosus
1534 1923 1598 1969 roo·

102 2005 180 2084 Ejus
193 2010 242 2062 est
255 1999 392 2082 Epistola
414 2020 441 2062 a.
457 2003 544 2064 4353.
567 2005 677 2080 scripta
693 2001 730 2063 ad
744 2017 825 2063 conx-
880 2008 1002 2067 nasterii
1036 2005 1192 2078 44444414,
1223 2001 1369 2064 dioecesis
1403 2000 1596 2078 leodiensis,

104 2094 567 2160 4444444144444·944441444444
589 2094 717 2156 Bandoli
744 2094 823 2156 edita
879 2100 950 2161 Ord.
972 2099 1183 2161 cisterciensis
1193 2129 1203 2171 1,
1231 2096 1346 2157 seculo·
1366 2097 1502 2167 incerto,
1524 2097 1597 2171 sori-

104 2199 177 2254 4444
198 2189 366 2250 Chronioon
389 2187 543 2250 laudatum
566 2189 722 2248 44441111.
742 2189 772 2250 S.
790 2190 822 2248 3.
879 2194 975 2271 psisse
990 2193 1085 2254 144444
1098 2186 1352 2254 commentarium
1366 2188 1398 2249 144
1410 2186 1596 2267 Sapientiam

107 2285 173 2346 ital.
193 2283 344 2345 1444444411
366 2297 395 2361 p.
418 2281 464 2344 40.
487 2281 613 2342 Breuem
634 2297 755 2359 quoquc
775 2297 824 2341 rs-
878 2283 1064 2359 Solomonis,
1085 2288 1137 2363 qui
1160 2286 1250 2363 vulgo
1272 2283 1399 2344 doberto
1421 2282 1524 2343 Holcot
1544 2283 1599 2342 tri·

104 2393 176 2439 444444
201 2379 377 2440 Venetorum
397 2373 563 2436 Historiam
590 2375 749 2453 scripsisse
779 2381 825 2434 44
878 2379 988 2440 buitur.
1011 2379 1079 2438 Car.
1112 2373 1150 2438 de
1181 2377 1282 2437 114414.
1314 2375 1387 2458 Bibl.
1411 2376 1597 2454 Scriptorum

107 2479 209 2532 statur
230 2469 309 2530 idcro
331 2470 511 2530 Buramitus
542 2469 571 2527 in
604 2467 824 2545 Prolegomenis
878 2471 948 2532 044.
970 2472 1180 2534 cisterciensis
1211 2487 1239 2548 p.
1271 2469 1341 2530 380.
1371 2467 1435 2528 141.
1457 2467 1594 2528 Andreae

104 2583 133 2644 p.
154 2563 183 2624 7.
205 2579 283 2642 qaae
304 2561 383 2640 apud
415 2561 530 2622 nobiles
561 2561 746 2623 Contarenos
770 2560 825 2620 Vs·
878 2563 953 2625 Bibl.
974 2564 1091 2640 Belgica
1115 2582 1142 2641 p.
1166 2563 1235 2623 iss.

105 2659 197 2718 netiis
209 2654 397 2718 adservetur.
412 2651 525 2715 Nomen
541 2653 609 2733 cius
624 2656 731 2732 inipso
747 2655 824 2732 Ope·
920 2657 1181 2730 BBGlNiiLBUS,
1203 2653 1440 2729 dichidiaconus
1466 2652 1600 2733 4444494-

105 2767 137 2811 re
155 2749 286 2812 Daedali
304 2749 412 2826 legitur
429 2764 458 2826 p.
477 2749 546 2808 399.
880 2751 990 2826 vensis,
1002 2749 1160 2812 Frodoardi
1174 2751 1334 2810 Hemensis
1349 2745 1518 2811 Cironicon
1530 2763 1601 2807 oon-

143 2842 380 2920 341340439,
409 2843 576 2921 Episcopus
607 2835 824 2916 Hivernen'sis,
882 2847 1013 2907 tinuerit
1035 2861 1134 2922 iisque
1155 2841 1193 2904 ad
1215 2859 1242 2903 a.
1265 2841 1353 2903 4377.
1372 2842 1482 2902 Exstat
1500 2842 1528 2900 in
1547 2842 1602 2903 Go-

109 2941 188 3002 riiiit
204 2953 265 2998 sec.
282 2937 329 2998 11.
348 2935 454 2997 medio.
881 2937 948 2999 dice
969 2938 1169 3013 Cottonisno,
1190 2941 1270 2996 teste
1291 2931 1431 3012 Catalogo
1453 2933 1533 2994 illius
1555 2933 1601 2993 Bi·

143 3032 221 3113 3144
241 3037 383 3110 superest
409 3027 544 3110 Epistola
568 3029 604 3091 ad
635 3027 824 3089 Besideriiim
881 3031 1047 3092 bliothecae
1068 3047 1098 3090 n.
1119 3030 1168 3090 09.
1188 3027 1327 3090 0441444
1348 3035 1369 3086 4.
1393 3027 1432 3086 141
1455 3043 1483 3104 p.
1506 3027 1577 3088 503.

107 3127 292 3206 Episcopum
309 3123 549 3200 Caduroensem,
566 3123 645 3184 edita
669 3139 684 3183 a
707 3123 827 3184 canisio
924 3118 1604 3202 33013440330444444144444,4444441444

107 3221 178 3280 tint.
200 3221 281 3279 teet.
299 3225 321 3276 t.
340 3218 351 3277 1
370 3235 398 3296 p.
416 3217 485 3276 640.
847 3233 852 3245 ·
884 3217 957 3280 044.
977 3217 1006 3276 S.
1027 3216 1181 3277 Benedicti
1204 3217 1383 3279 cantuariae
1410 3215 1439 3271 in
1461 3212 1603 3272 coenobio

143 3309 728 3386 4444444444330430344418,(144444
741 3307 830 3368 HEC·
886 3311 917 3371 S.
939 3308 1117 3387 Augustini,
1139 3311 1228 3369 Poeta
1256 3315 1288 3367 et
1317 3307 1445 3378 Blietar,
1468 3304 1601 3366 Graecae

105 3403 829 3483 340344033444414441443414444443444-
883 3404 974 3464 etiam
997 3401 1129 3479 Linguae
1159 3417 1217 3460 non
1247 3401 1379 3477 ignarus.
1402 3398 1529 3474 Scripsit
1550 3411 1605 3456 sa·

108 3499 217 3570 sinus,
239 3499 361 3575 scripsit
386 3494 482 3558 Vitam
506 3485 690 3557 Veira'rcliae
707 3493 830 3571 41441144)
882 3513 942 3576 per
974 3492 1124 3556 34444444
1156 3491 1357 3573 Bpacati'num
1375 3537 1383 3568 ,
1402 3491 1553 3565 carmine,
1575 3488 1604 3548 li.

108 3585 829 3655 44044414433444441.448.1431141.14414444.
885 3589 1088 3652 414144441444
1121 3604 1138 3649 a
1171 3603 1262 3665 regno
1297 3584 1486 3647 Constantini
1508 3597 1605 3659 usquo

108 3684 203 3746 Beros
219 3683 259 3744 de
274 3683 464 3745 3444144444
483 3683 557 3746 Bibl.
579 3681 831 3743 Bibliothecarum
885 3683 923 3746 ad
945 3683 1159 3755 Anastasium,
1181 3695 1272 3759 quam
1308 3678 1446 3738 11414444
1473 3675 1605 3734 conscri-

107 3779 188 3840 llSS.
210 3796 238 3858 p.
262 3779 331 3840 441.
353 3778 432 3854 (393
455 3779 552 3837 Prima
574 3775 654 3836 edita
677 3777 705 3836 in
728 3779 833 3837 Tome—
888 3783 1010 3858 pserat,
1031 3777 1165 3836 carmine
1197 3774 1289 3834 latino
1315 3769 1475 3849 expressit
1498 3767 1606 3828 Balsus

109 3875 165 3932 siai
189 3869 833 3944 14444444444441414444,3414.3444444344
888 3871 973 3933 Cerit.
996 3871 1061 3931 1114.
1083 3867 1133 3930 33.
1156 3869 1275 3928 Pitseus
1301 3861 1442 3946 Append.
1478 3862 1526 3922 iil.
1556 3860 1605 3920 74.

108 3967 231 4044 14441444.
261 3981 337 4044 cusa
369 3965 402 4024 in
436 3953 834 4043 34444444430444144
893 3962 1265 4042 [4444144144144444444
1284 3959 1372 4020 medii
1388 3957 1454 4018 aevi
1472 3971 1501 4034 p.
1519 3954 1607 4017 4334.

112 4060 199 4122 4733.
220 4059 311 4122 4733.
326 4064 358 4118 44
379 4060 408 4118 14
426 4073 474 4135 op.
490 4056 673 4119 Honameati
691 4053 725 4116 41
745 4055 836 4116 varia
890 4056 936 4118 44
958 4057 1057 4134 ipsam
1079 4059 1181 4114 exstat
1211 4053 1343 4132 Epistola
1367 4048 1530 4112 Hildeberti
1551 4049 1607 4110 Ce-

113 4155 309 4215 4444441444
336 4150 428 4213 4114.
449 4152 481 4212 1..
503 4147 679 4210 Beccadelli.
702 4147 836 4227 3444944
892 4151 1094 4221 4444444414,
1106 4163 1165 4224 ipio
1181 4146 1252 4208 illud
1274 4148 1404 4207 Carmen
1425 4142 1462 4204 44
1484 4141 1608 4201 historie

114 4248 202 4310 4790.
224 4249 273 4308 97.
298 4249 325 4307 4.
347 4247 406 4308 vol.
429 4247 498 4322 111.)
890 4242 995 4305 14414141
1018 4241 1139 4304 144444;
1161 4239 1239 4320 apud
1263 4239 1466 4300 Habillonium
1499 4233 1606 4296 44441.

153 4339 430 4404 33331334Τῦ3
460 4338 497 4400 44
519 4337 711 4415 3444444444,
739 4339 837 4400 44441-
890 4354 918 4416 p.
936 4337 1002 4398 403.
1018 4337 1100 4398 Vixit
1116 4337 1206 4414 igitur
1224 4335 1308 4395 initio
1325 4332 1418 4393 seculi
1436 4331 1608 4414 1114444444

115 4453 177 4499 444
191 4453 231 4510 ,4
253 4434 433 4514 quidusdam
451 4436 542 4495 etiani
558 4431 595 4493 44
608 4432 694 4494 Senis
714 4432 834 4507 dictus,
891 4433 1053 4509 scriptores
1084 4429 1144 4491 liuc
1176 4443 1275 4506 usque
1295 4432 1426 4487 aetatem
1448 4422 1544 4499 ipsius
1566 4420 1610 4477 in·
1683 4439 1688 4455 .

18 4563 21 4574 ·
115 4537 147 4590 et
180 4533 370 4611 Hecupemis,
390 4527 461 4588 Ord.
491 4527 752 4601 Praedicatoruni,
774 4541 833 4585 seo.
891 4529 1004 4584 certain
1028 4523 1121 4584 441444
1143 4521 1331 4583 tradiderint.

19 4855 25 4890 i

116 4624 200 4687 xiil.
220 4631 252 4684 st
273 4623 350 4684 xiv.
372 4622 500 4700 Scripsit
516 4617 721 4682 summarium
739 4615 836 4678 414444-
931 4616 1192 4691 33013440448,
1214 4612 1381 4676 rnonsciios
1404 4601 1610 4666 dunelmensis

118 4723 183 4780 44444
203 4723 233 4778 44
251 4711 404 4778 meraculo
424 4715 459 4774 B.
480 4709 633 4773 Ambrosii
652 4709 835 4782 8444444411,
891 4713 969 4772 circa
991 4727 1017 4772 a.
1042 4708 1271 4772 4470434444
1293 4703 1399 4765 Abbati
1426 4695 1608 4798 Hieiialulensi

118 4811 207 4890 cujus
238 4810 406 4888 discipulus
428 4809 493 4868 1414.
514 4809 669 4868 Habentur
701 4803 729 4864 in
752 4798 836 4864 llo'tis
891 4802 1083 4881 synchronos
1102 4809 1193 4881 atque
1214 4801 1339 4860 amiciis.
1369 4793 1445 4870 Ejus
1474 4783 1610 4893 Epistola

120 4911 299 4968 sanctorum
324 4903 456 4966 tonsili
479 4903 571 4964 Hartii
594 4919 659 4981 pag.
681 4901 750 4962 340.
779 4896 838 4958 44-
879 4897 933 4956 ,44
954 4894 1128 4972 ailredum,
1161 4893 1223 4953 cita
1255 4893 1285 4952 S.
1324 4883 1432 4948 34444
1462 4881 1641 4960 Virpmi's,‘
