3368 5362
137 186 194 249 lot

136 291 338 356 emendatione
364 292 614 353 commentarium
649 289 750 351 laudat
772 293 861 351 Baro-

137 386 264 449 040000
301 385 357 446 An.
381 385 468 446 4445.
491 402 520 443 0.
544 386 571 444 4.
592 385 860 461 ’44000400400004

137 497 213 558 0000
235 484 344 539 vocant
364 478 552 555 Augustinus
574 475 720 536 Oldoinus
748 477 777 534 in
809 476 862 535 At-

138 573 253 632 henaeo
283 574 414 631 Romano
436 586 463 647 0.
496 569 566 629 505.
587 576 618 628 04
643 569 676 630 G.
711 568 861 647 tosephus

138 667 220 744 Eggs
232 667 260 724 in
274 664 484 741 supplemento
495 679 645 740 purpurae
656 660 761 723 doctae
775 677 800 738 p.
814 660 862 721 67.

179 757 366 819 44004408
393 755 519 831 Gallus,
540 754 763 830 Narbonensis,
787 754 864 816 Cae·

138 849 309 913 melitenum
329 849 451 911 Ordinis
477 851 560 909 Prior
590 846 747 909 Generalis
767 847 806 907 ab
827 847 862 907 A.

139 946 226 1007 l266.
245 943 280 1004 ad
304 944 391 1005 tate.
416 945 549 1020 Scriptor
571 941 706 1019 Sagittae
740 940 862 1019 400000,

138 1037 176 1097 00
197 1037 336 1099 laudibus
357 1035 537 1097 Carmelitici
564 1032 706 1108 Ordinis,
728 1041 759 1094 04
780 1033 866 1093 Anti-

138 1148 216 1209 quae
237 1129 365 1191 Carmeli
398 1129 550 1206 religionis
587 1127 758 1205 deploratio.
791 1126 865 1187 Vide

109 1242 115 1255 “
139 1224 340 1285 Trullensium
363 1239 429 1300 cap.
446 1221 513 1283 506.
535 1225 567 1281 04
585 1220 738 1298 Alegrium
758 1237 786 1297 p.
805 1219 865 1280 203

141 1315 194 1375 000
217 1329 248 1375 04
269 1316 421 1389 Placium,
453 1315 504 1391 qui
522 1314 595 1375 huic
626 1313 744 1375 Nicolao
767 1313 865 1374 lacum

140 1407 245 1468 tribuit
267 1408 296 1466 in
319 1423 374 1466 suo
396 1408 532 1466 Testium
554 1407 695 1467 Veritatis
725 1407 865 1483 Catalogo

140 1518 169 1577 p.
191 1501 258 1559 864.
281 1498 352 1559 edit.
376 1501 497 1576 primae,
521 1504 555 1559 ut
571 1514 609 1557 04
622 1499 718 1558 Placia
735 1501 770 1558 lc
784 1498 867 1559 Wal-

141 1592 200 1652 000
222 1593 339 1653 lection.
364 1591 547 1653 memorabit
570 1597 641 1651 tom.
666 1594 692 1653 l.
715 1593 865 1670 paghtss.

139 1685 222 1746 Hauc
254 1688 393 1764 sagittam
425 1685 659 1763 elegantissimis
685 1684 866 1747 characteri·

738 148 1042 250 nicaenus

916 287 971 349 ber
1000 292 1181 350 8044000004
1209 287 1246 349 00
1273 289 1436 350 henricum
1466 290 1627 370 Campaniae

918 380 1086 458 Comitem,
1107 386 1135 443 in
1158 381 1316 444 Bertrandi
1336 383 1450 442 Tissier
1467 383 1629 444 Bibliotheca

919 478 1115 538 Cisterciensi
1139 486 1221 536 torno
1243 479 1261 536 3
1283 492 1350 554 pag.
1374 475 1442 535 493.
1464 478 1546 537 44000
1564 478 1630 549 40040

921 571 1010 632 4669.
1027 569 1065 631 404
1091 567 1257 650 Epictetum
1270 567 1307 628 00
1321 567 1456 630 eundem
1471 568 1630 643 00044000,

918 681 979 742 qua
1000 665 1025 723 04
1048 666 1090 723 044
1112 664 1232 722 40444040
1253 677 1287 720 00
1309 661 1464 738 Epistulas
1485 662 1596 740 Papae,
1609 670 1632 722 et

920 756 1101 817 Cancellarii
1118 754 1306 832 aliorumque
1318 759 1556 832 0040000404νο
1572 755 1633 813 viro

920 868 987 911 rum
1002 896 1009 924 ,
1027 850 1156 927 scriptas
1173 864 1227 926 per
1246 845 1424 922 biennium,
1447 845 1543 906 edidit
1561 847 1633 907 Baln-

920 944 988 1004 eius
1002 950 1074 1003 tom.
1090 942 1110 1002 8
1124 943 1207 1001 4400.
1224 956 1280 1019 pag
1299 936 1368 999 234.
1387 944 1420 998 04
1437 941 1528 1001 aliam
1545 940 1634 1018 (lepre

918 1036 1062 1096 satoriam
1090 1034 1127 1095 ad
1156 1032 1354 1093 Wilhelmuru
1376 1033 1416 1093 ab
1444 1034 1533 1095 Anno
1562 1032 1634 1108 4475.

919 1127 1060 1205 4404400.
1082 1130 1263 1197 4004000040
1288 1142 1353 1204 pag.
1373 1126 1445 1186 237.

960 1219 1156 1287 44004408
1171 1217 1207 1280 de
1224 1217 1416 1305 0400400040,
1431 1236 1527 1298 00040
1541 1224 1630 1282 tomi

920 1331 985 1395 pag.
1010 1313 1078 1374 364.

961 1405 1155 1467 44004408
1176 1403 1212 1466 de
1233 1403 1446 1477 0404400004,
1466 1407 1635 1469 Teutonicus

919 1518 957 1562 ex
975 1500 1127 1559 Comitatu
1143 1493 1384 1578 Spanhemensi,
1400 1497 1576 1560 dioeceseos
1591 1503 1637 1561 lla

920 1594 1086 1670 guntinae,
1101 1592 1274 1669 Theologus
1287 1591 1473 1650 Viennensis
1487 1590 1636 1655 deiunctae

921 1687 1054 1746 Viennae
1067 1686 1101 1746 4,
1126 1686 1216 1746 4494.
1237 1683 1274 1744 00
1295 1700 1355 1761 000
1377 1674 1569 1747 'trithemius
1583 1704 1636 1764 cap

25 3346 28 3350 .
145 3262 230 3340 gelus
248 3264 437 3342 hlanriquez,
455 3258 661 3341 Vischio‘pag.
679 3261 747 3322 aas.
765 3262 868 3329 lauda·

139 1776 206 1841 bus.
220 1779 419 1856 impressam,
440 1779 558 1839 notavit
579 1794 618 1839 044
641 1779 729 1838 40040
761 1781 866 1839 Posse·
919 1777 989 1839 874.
1011 1778 1049 1838 00
1072 1780 1102 1839 S.
1125 1779 1160 1838 E.
1182 1776 1272 1837 0400
1294 1776 1500 1843 luminaribus
1528 1778 1636 1840 Germa·

139 1871 240 1931 vinus.
262 1872 304 1931 De
322 1873 523 1949 llanuscripto
534 1870 714 1931 Cottoniana
725 1870 794 1932 vide
806 1872 866 1932 0u-
921 1874 987 1932 uiae
998 1888 1062 1950 cap.
1078 1871 1146 1933 232.
1160 1869 1237 1947 Ejus
1251 1871 1365 1948 scripta
1379 1888 1386 1929 :
1402 1870 1637 1934 Commentarius

139 1961 243 2022 diuum
267 1970 338 2022 torn.
361 1966 389 2024 3.
413 1980 478 2041 pag.
503 1963 570 2023 465.
921 1964 952 2025 in
975 1966 1026 2025 lV.
1049 1962 1142 2029 libros
1163 1962 1407 2035 Sententiarum,
1431 1965 1521 2024 Liber
1540 1963 1576 2026 do
1589 1983 1636 2044 pa

182 2056 371 2117 NlCOLAUS
390 2056 528 2130 Vischel,
548 2054 755 2118 cisterciensis
769 2059 867 2117 44000-
920 2056 1044 2119 rissima
1061 2056 1253 2137 conceptione
1265 2056 1298 2115 B.
1315 2057 1436 2120 Mariae
1454 2057 1637 2137 temperuir·

140 2147 217 2209 chus
235 2148 375 2208 Coenobii
394 2149 424 2209 S.
442 2150 548 2210 Crucis
576 2149 605 2216 in
636 2148 755 2209 Austria
771 2149 867 2224 ,Ger-
918 2149 1018 2229 ginis;
1031 2152 1189 2213 Sermones
1207 2149 1244 2217 da
1262 2156 1398 2226 tempore
1416 2157 1450 2209 et
1467 2149 1505 2210 de
1519 2151 1635 2212 Sanctis

141 2257 250 2301 manus
271 2241 349 2301 circa
373 2240 408 2301 A.
427 2242 519 2303 4440.
542 2241 637 2318 llujus
658 2243 816 2303 80000004
836 2249 867 2303 04
918 2243 1075 2306 Orationes
1097 2246 1210 2304 multae
1232 2249 1263 2302 ct
1285 2232 1386 2302 variae
1407 2242 1598 2318 0000040404
1612 2245 1636 2303 44

142 2333 232 2393 444400
261 2333 309 2392 444.
343 2331 381 2393 00
408 2333 547 2394 laudibus
574 2336 606 2393 B.
635 2336 764 2412 Virginis
790 2351 867 2412 quos
921 2336 1037 2397 Scholia
1058 2336 1240 2414 disputatae.

140 2425 302 2503 Imaginem
317 2428 349 2488 S.
360 2426 483 2488 Mariae
496 2429 667 2506 inscripsit,
686 2428 789 2488 laudat
803 2429 866 2487 Tri·
961 2429 1153 2490 NlCOLAUS
1167 2427 1204 2488 de
1219 2426 1377 2500 Alsentia,
1392 2427 1556 2491 Carmelita
1572 2429 1639 2506 Coa

141 2521 274 2581 themius
294 2538 358 2600 cap.
380 2519 448 2581 768.
471 2528 502 2581 04
524 2523 552 2579 40
575 2521 774 2583 luminaribus
791 2522 864 2581 Ger-
920 2530 1032 2581 ventus
1052 2517 1309 2583 Crutzenacensis
1324 2518 1485 2597 superstes
1500 2520 1639 2583 0040044

141 2615 256 2674 0400400
276 2631 345 2692 cap.
366 2612 432 2674 464.
452 2612 526 2674 Vide
547 2615 590 2673 sis
611 2621 642 2672 et
663 2615 758 2687 intra,
777 2614 863 2675 PAL·
921 2615 1007 2675 4495.
1027 2621 1106 2675 40040
1123 2614 1229 2674 000004
1250 2612 1419 2673 Trithemio
1444 2614 1475 2673 in
1497 2613 1640 2674 400440044-

144 2706 312 2766 Το44408.
920 2707 979 2768 400
1006 2707 1165 2767 Ecclesiae·
1181 2723 1247 2784 cap.
1267 2705 1337 2765 080.
1360 2705 1491 2784 Scripsit
1512 2705 1543 2767 in
1566 2706 1639 2767 aaa

181 2797 371 2860 Nicotaus
404 2800 567 2861 Monachus
599 2817 636 2859 044
674 2796 867 2860 cluniacense
920 2799 1000 2860 44004.
1025 2801 1060 2859 40
1081 2797 1290 2880 Apocalypsin.
1314 2797 1351 2857 10
1373 2797 1515 2880 Officium
1536 2798 1639 2862 etam

144 2888 394 2966 Claraeoallesie,
416 2892 472 2952 hoc
493 2900 541 2952 est
561 2909 576 2951 e
598 2892 703 2970 04000,
725 2889 820 2953 44404
840 2894 867 2968 0)
923 2896 951 2953 04
962 2891 1092 2955 0000040
1109 2892 1259 2972 prolixum
1277 2891 1424 2952 Volumen
1438 2935 1445 2964 ,
1457 2899 1490 2953 04
1499 2905 1640 2953 ammones

145 2983 175 3044 S.
193 2985 335 3044 Bernardi
357 2985 394 3046 ab
415 2986 581 3061 40404040,
603 2983 712 3044 004000
730 2985 868 3047 falsarius
922 2983 960 3046 de
983 2990 1118 3062 ternpore
1137 2983 1222 3044 etde
1240 2981 1390 3045 sanans<

144 3076 353 3155 deprehensus
369 3078 396 3154 b)
415 3085 506 3155 atque
524 3079 668 3155 prolugus
686 3079 714 3135 40
734 3076 867 3152 44044040,
967 3076 1162 3140 44004408
1175 3076 1205 3136 S.
1224 3078 1330 3138 Crucis
1345 3079 1373 3136 in
1389 3076 1514 3139 Austria
1526 3105 1534 3152 ,
1548 3092 1641 3155 supro,

144 3168 281 3246 ejusdem
306 3170 447 3231 Bernnrdi
470 3170 663 3231 adversarius
678 3169 715 3229 de
731 3187 792 3247 000
806 3169 867 3229 An·
922 3168 1065 3232 Nicotaus
1084 3167 1317 3246 cisterciensis
1372 3233 1377 3242 ¹

961 3261 1153 3324 NlCOLAUS
1164 3261 1200 3321 de
1213 3258 1328 3332 Carbia
1339 3261 1412 3333 040·
1426 3261 1536 3323 Minor.
1549 3269 1642 3342 postea

145 3356 241 3415 turin
263 3355 430 3418 Annalibus
451 3357 704 3419 cisterciensibus
722 3363 802 3416 tamo
820 3373 868 3416 se·
922 3355 1093 3432 Episcopus
1105 3355 1343 3428 Asisinatensis,
1359 3356 1481 3433 scripsit
1496 3355 1590 3416 Vitam
1601 3354 1643 3412 10

145 3448 244 3508 cundo
258 3449 296 3511 ad
313 3449 348 3510 4.
364 3449 451 3511 tlt-5.
471 3451 558 3511 4448.
580 3451 666 3510 4454.
687 3450 774 3510 4474.
791 3448 867 3529 Ejus
923 3446 1050 3507 noeenlii
1069 3448 1118 3506 IV.
1140 3447 1177 3507 ab
1199 3447 1232 3506 A.
1255 3448 1344 3508 4243.
1366 3447 1403 3507 00
1428 3447 1520 3510 tect.
1541 3450 1642 3526 Papae,

144 3535 362 3623 0004040047.
372 3560 443 3606 0004
457 3546 500 3603 40.
517 3541 631 3603 Picardi
650 3541 868 3615 netis,editae
923 3556 1014 3617 quam
1042 3540 1138 3600 edidit
1165 3540 1308 3600 baluzius
1337 3547 1411 3600 tom.
1440 3538 1506 3602 Vll.
1532 3540 1643 3603 Niscell.

145 3637 273 3713 primum
295 3639 322 3697 in
340 3639 474 3699 auctario
491 3636 566 3696 Bibl.
581 3637 703 3695 Petrum
722 3635 814 3693 Paris.
833 3633 868 3693 A.
923 3648 992 3711 pag.
1013 3632 1159 3694 353405.

145 3730 232 3793 4640.
246 3730 354 3791 004000
372 3733 402 3790 40
418 3729 588 3801 Coloniensi
603 3743 638 3788 ac
651 3726 869 3789 recentioribus
966 3724 1155 3788 NlCOLAUS
1170 3724 1206 3786 de
1227 3726 1332 3802 casa,
1350 3742 1464 3805 supra,
1481 3728 1644 3790 CUSANUS

145 3820 380 3894 Parisiensibus,
403 3838 438 3881 ac
458 3821 591 3898 denique
614 3821 642 3877 in
675 3817 867 3895 lugdunensi
924 3825 997 3879 tom.
1021 3821 1049 3879 l.
1069 3836 1136 3897 pag.
1160 3821 1227 3880 405.
1326 3876 1328 3880 ,

147 3915 219 3968 tom.
235 3912 315 3971 xxi.
334 3928 398 3990 pag.
416 3912 653 3975 plessaeani
669 3911 868 3972 Cellensised
964 3910 1159 3974 44004408
1187 3911 1222 3972 00
1250 3912 1366 3986 Dacia,
1391 3910 1556 3992 lluugarus
1580 3910 1642 3975 0rd.

147 4001 229 4061 hunc
250 4005 401 4065 Nicolaum
423 4007 576 4084 Epistulae
598 4005 672 4065 libro
693 4010 801 4082 quarto
818 4022 871 4064 ex-
926 4003 1027 4063 Praed.
1046 4004 1214 4083 theologus
1230 4004 1441 4065 Astronomiae
1455 4011 1487 4064 et
1504 4007 1577 4066 artis
1592 4005 1644 4065 lle

148 4099 252 4170 stant,
271 4096 299 4153 in
322 4096 410 4174 cujus
432 4098 565 4158 secunda
588 4115 653 4175 pag.
674 4099 742 4160 460.
759 4100 872 4157 mantia
925 4095 1009 4156 dicae
1027 4098 1143 4175 peritus
1163 4100 1242 4158 circa
1260 4097 1295 4157 A.
1319 4098 1407 4157 4464.
1426 4096 1465 4157 00
1486 4098 1575 4176 eujus
1592 4099 1643 4157 lla

123 4199 125 4204 ·
148 4186 319 4261 Sermonis,
338 4189 446 4249 Nicolai
458 4187 494 4249 de
506 4191 536 4249 S.
553 4188 676 4250 Victore.
693 4189 792 4266 Atque
808 4206 872 4249 ser-
927 4191 1420 4269 00004.000004404000400404004
1433 4194 1641 4252 astronomicae

149 4294 248 4338 mones
268 4279 340 4339 lllll.
360 4281 437 4340 inter
458 4283 536 4341 Petri
558 4281 718 4344 04444444
743 4299 832 4361 opera
849 4289 871 4342 4.
928 4282 1101 4357 4000440440,
1123 4282 1283 4344 00000000
1303 4283 1435 4344 lacobus
1456 4284 1562 4354 000444
1577 4291 1639 4342 tem.

149 4372 168 4432 4
195 4373 339 4449 reperiri,
366 4375 384 4433 A
408 4376 451 4431 Jo.
474 4373 598 4434 Picardo
624 4373 686 4452 jam
714 4383 870 4437 natatum:
931 4377 942 4435 4
969 4393 1034 4452 pag.
1057 4376 1127 4437 827.

149 4466 342 4542 reperiuntur·
358 4467 449 4526 etiam
469 4466 499 4525 in
518 4467 547 4526 S.
570 4465 761 4529 04044004
779 4470 874 4547 operi·
967 4466 1156 4530 NlCOLAUS
1185 4468 1313 4530 Dathas.
1337 4466 1434 4548 Supra
1455 4477 1476 4529 t.
1500 4471 1528 4529 2.
1550 4486 1577 4548 p
1598 4468 1636 4526 to.

149 4556 206 4617 bus
218 4558 402 4632 ,Volumina
420 4559 455 4619 V.
471 4557 539 4618 vide
558 4574 648 4636 supra
666 4566 728 4619 tom
758 4565 785 4622 4.
806 4579 872 4640 pag.
967 4560 1157 4624 NlCOLAUS
1171 4560 1417 4643 ntrrctetspulet,
1436 4564 1544 4623 Ductor
1561 4562 1636 4622 Vien-

149 4650 218 4712 240.
248 4658 280 4711 04
312 4657 383 4711 40444.
405 4652 424 4713 2
445 4668 508 4730 pag.
533 4651 600 4710 tea.
633 4652 743 4713 Exstat
774 4661 806 4715 04
839 4654 873 4714 li·
929 4658 1052 4732 nensis,
1075 4658 1168 4733 patrie
1191 4657 1322 4718 Svevus.
1345 4657 1442 4733 Supra
1464 4661 1487 4714 t.
1507 4657 1526 4715 4
1546 4671 1573 4731 0.
1593 4651 1631 4712 84.

191 4864 217 4924 ι)
230 4868 318 4918 Petrus
334 4866 452 4919 Cellensis
471 4870 513 4918 lv.
531 4866 555 4915 t.
571 4876 628 4927 pag.
650 4863 702 4915 455.
964 4867 991 4928 4)
1008 4867 1076 4919 4000
1088 4873 1112 4919 s.
1124 4869 1243 4920 00400404
1261 4870 1346 4932 aptet.
1361 4868 1403 4920 et.
1418 4875 1445 4918 ct
1460 4866 1501 4918 88.
