3368 5362
59 263 64 270 ,
174 199 233 259 oro
430 166 436 173 “
784 190 1053 262 sruourus

173 305 642 382 slr·uuut.Supr.cp.2.l.2.el
662 304 885 376 lilllunde.
981 306 1050 364 ibid.
1073 312 1133 364 nol.
1155 303 1303 379 Alliensis)
1334 304 1395 363 dol.
1429 305 1564 364 l'ancrta.
1593 307 1638 368 lt-

174 394 308 458 Conilitio
329 395 503 473 templorum
521 397 643 457 Eulooio
661 397 680 456 Ι.
695 398 723 456 3.
741 415 766 457 c.
786 400 813 457 3.
827 416 889 458 me·
942 399 1065 459 EENAS
1086 407 1118 458 et
1139 413 1238 475 poue:
1264 396 1419 457 Viurrnis.

175 490 381 561 morabilium‚
406 488 542 549 Corrrlilin
568 490 693 561 Troiae,
714 496 809 550 veteri
828 493 888 551 Xc-
982 490 1050 549 ibid.
1070 498 1130 549 unt.
1158 487 1337 559 Valentinos)
1360 487 1429 547 dele
1451 489 1556 549 verba:
1575 489 1638 550 idem

175 581 334 658 nophontis
360 581 515 657 interpreti
539 583 567 639 iu
600 584 796 658 aequivocis:
819 583 888 642 iude
942 585 1077 659 Prosper.
1091 590 1122 642 et
1133 598 1211 660 pone
1223 600 1230 640 :
1242 581 1352 641 Eidem
1366 583 1520 658 Prospero.
1536 581 1637 641 Volua.

175 674 204 730 in
226 673 346 748 proclivi
369 671 587 742 corrrlitorium,
609 683 642 732 ut
665 673 889 750 tractatorium,
984 676 1045 735 Vll.
1069 679 1097 738 4.
1118 692 1148 752 p.
1169 676 1236 735 394.
1261 681 1324 732 not.
1358 673 1522 735 Eurorum
1546 671 1637 751 sacam

173 763 361 840 aleatorium,
379 764 579 843 receptorium
590 774 621 825 et
633 767 661 825 id
674 785 770 843 genus
784 768 888 827 multa.
946 767 1041 828 Plinio
1062 769 1152 844 epist.
1175 766 1225 826 73.
1248 765 1318 826 add.
1340 765 1379 824 al.
1402 766 1453 825 ts.

173 856 377 939 Conditoriom
399 860 488 916 etiam
511 865 603 934 atquo
625 866 683 918 eto.
986 862 1047 921 vll.
1068 861 1096 918 E.
1118 878 1146 937 p.
1169 861 1238 920 399.
1261 859 1296 919 8.
1318 856 1492 932 Eustachii)
1509 858 1643 918 llassilim-

214 949 326 1009 Deinde
349 957 416 1025 post
449 952 563 1010 verba:
586 950 792 1011 tiouditorium
825 951 892 1009 reli·
946 955 988 1013 sis
1021 954 1168 1030 Episcopi,
1201 953 1249 1010 cui
1283 951 1316 1010 S.
1351 951 1503 1010 Venerius
1532 949 1642 1008 decemo

173 1043 243 1119 qui:
267 1044 365 1100 insere
400 1041 493 1101 haec:
518 1045 632 1103 Seneca
661 1044 711 1103 lib.
732 1043 762 1102 6.
783 1043 820 1102 de
842 1044 892 1102 be·
946 1045 1121 1105 Gennadius
1150 1044 1187 1103 do
1219 1045 1294 1101 viris
1326 1041 1431 1101 inlust.
1454 1057 1481 1100 c.
1502 1039 1643 1099 lisoio

175 1135 233 1194 nei.
253 1151 279 1192 c.
295 1137 321 1193 5.
340 1134 581 1194 aecrouduatum
594 1152 701 1208 merim,
717 1152 892 1213 quanquam
946 1136 988 1196 ad
1004 1151 1167 1215 personam
1194 1136 1229 1194 S.
1254 1130 1416 1192 Eustachii
1447 1130 1577 1212 Episcopi
1593 1146 1642 1189 suc·

173 1225 217 1285 sis
228 1225 365 1288 dominus
378 1273 384 1301 ‚
396 1226 532 1287 intrabis.
548 1228 724 1304 ‚agobardus
744 1229 782 1286 de
802 1227 893 1288 luda·
947 1228 1075 1289 cessoris
1092 1243 1189 1304 supra
1205 1223 1280 1284 atati
1298 1222 1427 1283 laminis
1446 1223 1502 1283 aei
1513 1220 1643 1301 composta

176 1322 212 1376 ic.
234 1323 389 1395 superstit.
412 1320 446 1377 ln
460 1319 527 1397 ipso
549 1326 650 1378 aretem
668 1322 761 1380 Roma
778 1317 893 1378 biennio
950 1322 1214 1384 Sacramentorum
1240 1316 1397 1397 eprepium
1414 1321 1446 1374 et
1464 1332 1521 1374 aaa
1541 1329 1642 1394 parona

176 1408 207 1468 in
240 1426 293 1470 srto
321 1408 470 1470 habitasse
508 1410 669 1486 conducto,
702 1411 891 1488 hypogaeum
947 1413 1093 1476 volumen.
1117 1411 1165 1472 ubi
1187 1409 1226 1469 de
1245 1411 1371 1470 Musaeo
1391 1408 1565 1469 Massiliensi
1582 1405 1639 1464 idea

175 1511 223 1561 est
244 1509 302 1562 etc.
950 1511 1057 1568 ilouor.

215 1596 263 1654 Vl.
284 1598 310 1656 4.
330 1613 357 1673 p.
380 1596 448 1655 3644.
468 1595 602 1669 Domino)
615 1597 661 1655 Ex
674 1598 708 1655 l).
722 1595 893 1674 Augustino
989 1601 1049 1662 vil.
1073 1600 1103 1658 4.
1123 1615 1151 1676 p.
1175 1595 1242 1656 407.
1266 1602 1330 1655 not.
1352 1592 1544 1655 Vossionensi
1554 1587 1640 1670 oppio]

174 1688 287 1763 Haymo
309 1688 416 1748 liomel.
449 1690 533 1748 llam.
565 1689 641 1749 XVl.
665 1707 691 1766 p.
717 1691 801 1748 Trin.
828 1686 896 1748 Nisi
947 1693 1018 1754 add.
1040 1691 1140 1769 vulgo.
1168 1687 1285 1748 Varsou.

171 1777 248 1857 farte
265 1777 316 1838 line
333 1785 472 1853 coeunti,
490 1780 569 1840 sicut
585 1781 620 1839 B.
640 1780 828 1858 lupusliuus
845 1779 892 1838 di·
988 1786 1050 1847 vn,
1073 1787 1100 1846 5,
1123 1801 1151 1862 p.
1175 1784 1244 1842 tos.
1280 1787 1344 1841 not.
1379 1779 1566 1852 AGaAEclol
1592 1773 1640 1836 all.

174 1872 221 1944 cit,
238 1878 272 1932 ut
288 1870 344 1946 ille,
360 1874 413 1949 qui
425 1871 506 1950 filius
520 1879 572 1945 ast,
586 1891 640 1946 per
655 1871 892 1932 misericordiam
949 1879 1023 1939 obiit
1043 1878 1078 1937 Α.
1100 1878 1134 1938 c.
1157 1875 1224 1935 487.
1247 1873 1382 1934 Tabulae
1414 1871 1587 1933 senonensis
1602 1867 1642 1928 Es

175 1963 230 2023 Dei
239 1963 416 2024 sublimetur
430 1966 471 2025 ad
484 1964 691 2043 spoeopnlem
708 1963 889 2041 dapnitatem,
950 1971 1069 2044 etesiae,
1092 1968 1190 2028 idibus
1212 1967 1304 2039 lunii,
1337 1958 1432 2025 v'etus
1465 1961 1639 2025 calendarium

173 2062 203 2114 et
218 2055 365 2135 efficiatur
383 2057 554 2135 Episcopus,
574 2062 604 2116 ot
618 2061 688 2115 tunc
703 2055 814 2132 poterit
831 2070 894 2114 esse
949 2063 1132 2122 &nonensis
1154 2059 1317 2130 Ecclesiae,
1334 2054 1442 2117 ldibrio
1463 2054 1545 2115 luti
1557 2047 1642 2129 Antist

170 2148 259 2223 patri
271 2154 299 2206 el
312 2147 395 2222 filius
412 2139 441 2206 e'l
454 2148 600 2220 domiuus,
611 2151 736 2225 propter
753 2145 892 2205 honorem
950 2152 1090 2232 Episcopi
1106 2148 1294 2222 serunensis,
1318 2150 1456 2226 primum
1485 2145 1606 2223 sepultus
1621 2142 1641 2196 ll

174 2238 334 2316 ‹lr'pnitatia
354 2243 467 2300 Passim
489 2242 638 2314 Ruricius,
662 2242 810 2311 Faustus,
836 2240 892 2298 De·
948 2247 1082 2307 Ecclesia
1100 2244 1152 2304 SS.
1173 2241 1310 2300 Gervasii
1328 2246 1362 2298 et
1383 2238 1540 2310 Prothasii,
1559 2229 1641 2293 deinde

174 2331 311 2405 siderius,
329 2340 359 2393 et
381 2334 485 2410 reliqui
508 2336 537 2391 in
561 2333 708 2410 epistolis.
949 2338 1114 2399 translatus
1148 2333 1187 2393 ab
1217 2332 1367 2408 Anssgiso
1400 2331 1437 2390 A.
1470 2331 1505 2391 C.
1522 2330 1548 2388 8.
1566 2326 1606 2385 tt
1622 2324 1641 2380 iu

214 2442 233 2501 p
264 2427 330 2486 364.
354 2424 439 2501 Qunrl
454 2432 487 2486 tu
499 2430 590 2504 paler
613 2428 739 2503 patrum
766 2428 796 2481 et
823 2421 894 2501 Epi·
950 2430 1117 2491 Ecclesiam
1139 2427 1169 2486 S.
1192 2425 1281 2496 Petri,
1304 2423 1355 2483 ubi
1380 2438 1450 2482 mos
1475 2429 1523 2481 est
1549 2415 1642 2478 leue

173 2534 280 2597 scopus
297 2515 895 2598 Episcopnrum)Gervasiusllhemensis
951 2523 1089 2599 piscopos
1120 2517 1257 2595 sepelire.
1299 2515 1503 2592 Chmnologia
1537 2505 1642 2572 Eonacli

54 2649 56 2653 >
173 2613 262 2688 epist'
283 2612 318 2670 ad
353 2612 529 2671 Paschalem
554 2610 608 2669 ΡΙ).
636 2605 895 2667 Excellentissimo
953 2612 1206 2672 Attisiodorensts.
1229 2606 1415 2668 Hnieetiom
1433 2602 1642 2682 Δωρίωνα-

176 2703 265 2763 Patri
287 2702 425 2778 Petrum,
448 2708 478 2762 ct
506 2701 723 2780 Episcoporum
753 2700 896 2778 Episcopo
951 2702 1047 2764 rabili
1057 2699 1205 2782 praesuli,
1215 2697 1382 2778 praefatus
1397 2699 1485 2777 papa
1494 2691 1644 2767 Mesopo

178 2793 327 2869 Pasclrnli,
345 2795 512 2855 Geruasius
528 2793 679 2854 Eemensis
706 2792 802 2852 dictus
827 2791 895 2870 Epi
951 2797 984 2855 E.
1004 2794 1099 2874 primi
1126 2796 1227 2872 Papae
1244 2790 1387 2868 Grepnrii
1414 2795 1445 2849 et
1472 2779 1643 2847 brochus&

177 2904 297 2966 scopus,
314 2905 369 2948 noc
384 2894 502 2948 tautum
520 2887 654 2947 Pontifex
666 2887 828 2957 Romanus,
843 2884 894 2943 sed
953 2886 1057 2947 Leonis
1081 2888 1182 2964 Papae
1207 2889 1237 2943 et
1262 2884 1410 2951 tinctoris,
1434 2877 1644 2961 pussillum

178 2982 268 3039 etiam
290 2979 458 3040 Palrlarcha
477 2978 896 3055 constantinopolitanuslioc
951 2977 1066 3038 randas
1088 2975 1236 3054 reliquias
1258 2976 1390 3036 &uoces
1407 2964 1643 3043 detulitatiasst·

178 3072 265 3131 titulo
301 3072 463 3132 honoratus
484 3079 542 3130 est.
575 3071 712 3130 Balsama
744 3070 897 3147 responsis
952 3070 1045 3130 alesia
1071 3072 1103 3129 8.
1132 3067 1215 3128 Petri
1233 3066 1305 3139 nini,
1338 3082 1409 3126 cum
1432 3062 1530 3127 debita
1548 3072 1643 3123 oum·

177 3164 213 3224 ad
243 3166 422 3241 interrogata
450 3165 538 3224 Marci
568 3163 775 3232 Patrlarclrae‚
805 3157 897 3235 ripas
953 3165 1030 3222 lione
1048 3159 1192 3239 dsposuit.
1211 3159 1292 3219 laem
1309 3150 1644 3245 qnoquenanatulitur

177 3252 288 3330 napulie
309 3251 396 3332 calip
419 3251 543 3331 eclipsi
569 3253 718 3332 ὑπάρχων
738 3255 770 3320 itt
793 3251 897 3330 χάριτι
950 3271 1030 3333 paro
1050 3255 1106 3314 88.
1127 3251 1305 3329 Pontificum
1327 3250 1450 3323 uocis,
1470 3242 1646 3319 trentam

177 3348 221 3409 Osi
234 3392 245 3420 ,
290 3350 342 3411 irai
380 3347 576 3426 πρεσβυτέρων
614 3346 801 3424 πρεσβύτερος
843 3361 898 3405 asc
952 3346 994 3406 cii
1008 3352 1038 3406 sl
1056 3341 1210 3404 Ambrosii
1229 3342 1260 3402 in
1278 3341 1474 3420 praedictam
1497 3335 1645 3399 sumus.

178 3463 236 3504 non
259 3445 424 3523 Episcopus
446 3445 683 3515 Alexandrinus,
706 3440 895 3510 Anastasius,
953 3438 989 3498 de
1004 3435 1133 3496 basilica
1156 3437 1186 3496 8.
1211 3433 1327 3508 Leonis,
1344 3431 1400 3492 uli
1409 3423 1647 3512 puniamfw!

176 3537 312 3598 Biblioth.
334 3539 362 3595 iu
385 3538 489 3596 histor.
509 3538 538 3596 S.
556 3537 680 3596 loannis
701 3551 730 3594 c.
753 3534 799 3594 43.
822 3529 895 3610 fecit
954 3528 1111 3597 tumulata,
1135 3544 1214 3605 piros
1232 3526 1322 3605 prius
1344 3524 1490 3586 decimis
1509 3514 1646 3617 [mimir

177 3631 208 3689 ei
224 3629 457 3708 deprecationem
482 3629 676 3689 cactirrsctcm
703 3626 755 3699 ila,
770 3623 896 3704 insacia
936 3640 1027 3693 xnore
1058 3623 1113 3683 88.
1143 3619 1284 3680 Gcrvosii
1318 3624 1349 3677 ct
1375 3616 1537 3678 Pratlosii.
1563 3608 1647 3707 Exit}

177 3724 286 3800 quippe
303 3722 332 3781 ei
345 3740 402 3782 non
418 3721 549 3783 audebat
564 3720 622 3781 tale
649 3717 765 3797 aliquid
789 3717 898 3776 (licere.
954 3715 1080 3791 adparet
1093 3715 1196 3789 lapsus
1213 3710 1344 3790 hujusce
1361 3707 1581 3788 comnographi
1594 3750 1601 3777 ,
1612 3714 1645 3802 tlt

177 3809 900 3893 Sanctissimoetterbeatopatripotrumloanni
957 3806 1061 3866 scribit
1084 3805 1113 3864 8
1137 3803 1316 3881 Agroecium
1339 3803 1480 3864 adfuisse
1493 3794 1645 3863 cnuton-

182 3906 298 3965 Vicario
317 3906 433 3966 Christi
448 3906 616 3984 deprecatio
631 3950 637 3976 ,
655 3909 684 3962 at
703 3899 864 3981 postulatio
879 3918 899 3958 a
955 3914 1040 3957 ceno.
1064 3897 1177 3955 Fertur
1208 3911 1325 3973 quoque
1347 3896 1382 3956 8.
1403 3892 1566 3971 Apronius
1581 3888 1643 3949 814

180 3999 289 4058 Cosma
309 3998 427 4075 iurltpno
441 4016 530 4059 seruo
553 4012 714 4058 seruorum
731 3992 899 4054 sanctitatis
954 3988 1055 4049 nensis
1087 3986 1336 4065 rlrcliepiscopus
1365 3986 1525 4064 praeusto
1551 3978 1643 4059 opums

177 4090 310 4160 Vestrae,
346 4093 469 4167 insuper
499 4109 516 4151 a
540 4090 708 4149 Theodosio
736 4089 840 4163 Magno
869 4086 900 4145 S.
959 4080 1079 4141 concilio
1096 4084 1148 4139 stc.
1172 4094 1226 4138 nec
1246 4080 1441 4138 connominis
1461 4081 1538 4137 iuter
1556 4074 1643 4149 sspisno

179 4180 415 4255 chrysostomus
435 4183 525 4242 sliam
547 4182 626 4242 diem
650 4183 776 4241 iunctus
808 4172 902 4251 aallp
957 4191 1015 4252 pus
1039 4179 1223 4246 numeratur,
1246 4171 1298 4248 qui
1319 4171 1435 4230 Niceno
1461 4157 1644 4231 sanctioni

178 4267 299 4345 παΊίρων
321 4279 466 4347 vocatur,
486 4273 673 4350 Nicephorus
693 4273 713 4332 l.
737 4273 783 4331 tt.
806 4289 832 4330 c.
863 4272 899 4331 43
957 4268 1155 4343 scripserunt.
1176 4263 1277 4324 Codex
1300 4249 1642 4323 unmanunttuncurl

178 4372 209 4424 et
230 4365 260 4424 S.
282 4363 449 4425 lacobusa
475 4364 548 4423 Divo
569 4366 728 4424 Clemente
751 4364 789 4423 de
807 4365 902 4440 gostis
941 4374 1026 4418 aum
1059 4356 1174 4416 Graeco
1205 4355 1385 4415 Massiliensi
1408 4351 1562 4415 contundit
1586 4349 1642 4405 llas

178 4459 209 4518 S.
232 4458 308 4517 Petri
329 4457 433 4529 initio,
453 4472 508 4514 neo
530 4473 586 4514 uon
609 4456 701 4516 Osius
722 4455 902 4516 Corduben·
958 4453 1027 4509 uius
1048 4450 1136 4509 Anno
1156 4446 1267 4507 Christi
1292 4447 1351 4506 463
1373 4453 1460 4507 tamo
1482 4444 1527 4504 vi.
1554 4427 1641 4529 saleni

179 4551 259 4608 sisa
284 4549 394 4608 Sancto
415 4548 578 4608 Athanasio
599 4546 716 4615 ἀληθῶς
742 4539 820 4611 ὅσιος
851 4546 901 4605 καὶ
959 4550 991 4602 et
1011 4543 1194 4601 breviarium
1216 4541 1407 4599 &nonensis
1429 4537 1580 4605 Ecclesiae
1605 4520 1642 4585 lli

180 4636 275 4716 antip
290 4631 341 4700 Ίῶν
358 4639 549 4701 succussor.
960 4634 1016 4694 bus
1037 4634 1122 4694 Juntt'
1141 4631 1258 4710 Apriot't'
1279 4630 1426 4710 Episcopi
1445 4622 1609 4692 &naumis
1677 4618 1680 4677 ἵ

221 4735 268 4793 Vl.
291 4735 338 4795 ⁴2.
361 4751 425 4812 pag.
459 4735 526 4796 385.
551 4740 611 4793 not.
644 4734 797 4810 Repenscsl
832 4731 900 4791 add.
999 4728 1059 4787 Vll.
1083 4730 1112 4786 9.
1134 4743 1198 4805 pag.
1222 4726 1290 4785 425.
1312 4731 1375 4783 not.
1415 4717 1639 4799 valefactura

182 4827 273 4904 vulgo
295 4825 377 4886 Ries.
959 4819 1026 4879 adl.
1048 4821 1179 4879 Faustus
1202 4816 1309 4875 hamel.
1333 4816 1372 4876 de
1402 4816 1505 4885 vidua,
1525 4824 1591 4888 quae
1605 4800 1639 4859 dll
