3368 5362
730 163 1091 227 SlGEBEllTUS

158 300 190 345 44
211 275 395 342 44οά4444444
416 273 580 336 coniitterct
593 272 742 352 ,44494444ἱ
756 274 882 333 euitan-
978 267 1179 339 statuistis,
1197 267 1290 346 vulgo
1311 268 1476 346 presbyter
1497 268 1636 329 4444444444.

157 392 249 454 quom
271 367 573 447 Meliosadsuperuo
595 367 782 444 miproturus
805 364 884 427 Heli·
939 366 1047 426 melius
1076 378 1165 423 moria
1166 361 1243 421 chus
1264 361 1441 437 utinensis,
1465 368 1549 438 pmut
1571 378 1638 420 rocs-

158 484 229 529 soeo
249 460 394 541 discipulo
412 458 539 540 pallium
558 459 682 539 pietatis
704 464 733 517 44
762 459 885 537 pristine
939 467 989 518 tur
1010 460 1040 515 in
1068 456 1178 517 Codice
1207 453 1267 515 MS.
1297 453 1483 514 Academiae
1505 454 1640 530 Lipsiensis

158 553 566 637 acprocolcromeritorum
588 552 761 613 indumento
784 550 883 613 trode-
939 557 1017 609 teste
1035 549 1156 609 (144414σ
1139 547 1413 624 oFellerianop.
1435 546 1505 607 3ll.
1531 548 1640 605 9444444-

159 659 261 720 reret,
283 654 312 708 44
331 648 363 707 iii
383 665 415 707 se
435 646 611 723 4449444444,
640 645 702 705 44
690 664 721 704 ui
748 644 809 724 filio
831 642 885 702 4144-
940 660 998 704 nus
1015 643 1146 704 eundern
1163 640 1260 702 ordini
1292 639 1540 700 Praedicatorum
1560 654 1640 697 acren-

155 740 333 822 plicoiidus,
351 740 459 818 diosus
481 741 605 818 inquom
628 737 674 797 hic
687 737 795 799 oui'itle
810 736 884 816 piis·
939 742 1006 811 set,
1028 742 1109 795 recte
1130 734 1264 812 quidem.
1292 734 1370 793 Nam
1389 734 1419 791 444
1440 731 1514 792 arbe
1535 732 1640 800 Miseni,

159 836 255 896 simus
282 840 372 914 potor
412 834 583 892 Honoratus
626 836 748 910 tanqam
788 829 884 890 Moise
940 829 1021 890 unde
1043 845 1152 888 nomen
1175 829 1290 905 regioni
1323 827 1494 895 Misnicne,
1521 831 1642 884 monaste·

154 927 252 1006 primi
281 926 387 1005 populi
417 924 538 1004 primus
566 923 708 1003 princeps
740 920 886 982 ductandi
940 925 1018 982 rium
1037 921 1129 998 hujus
1143 921 1258 981 ordinis
1276 920 1353 994 tuit,
1372 917 1457 996 quod
1476 916 1559 976 hodie
1573 915 1642 977 Scho

155 1037 215 1098 per
236 1020 385 1080 desertum
407 1016 531 1080 Israelis
560 1015 651 1095 locem
677 1015 831 1086 truderet,
858 1020 887 1073 et
940 1017 986 1077 lae
1006 1014 1172 1093 oppidanae
1201 1016 1341 1073 inservit.
1373 1013 1506 1089 Scripsit
1531 1010 1643 1087 Comper-

160 1131 249 1192 qriosi
246 1111 434 1192 fortissimo
451 1111 524 1169 Jesu
543 1109 626 1169 Naue
640 1126 693 1186 pic
710 1109 781 1166 iura
804 1112 887 1165 troii-
941 1107 1024 1167 dium
1041 1106 1241 1167 historiarum
1257 1123 1279 1165 4
1292 1109 1451 1165 creatione
1464 1100 1643 1178 mundicieque

159 1203 336 1284 ssuiideret,
368 1202 456 1291 electo
429 1202 582 1280 tutique
603 1219 639 1260 oc
661 1200 735 1260 sotis
760 1197 887 1278 probato
942 1200 984 1260 od
996 1217 1108 1259 anuum
1124 1199 1213 1259 4307.
1232 1198 1336 1260 Codex
1356 1197 1417 1258 MS.
1429 1197 1554 1257 exstat
1548 1213 1572 1252 in
1587 1193 1642 1253 44441.

160 1296 216 1376 qui
234 1313 356 1354 socrum
379 1280 889 1374 4444444444444444444444444-
943 1292 1229 1371 844449444644441,
1258 1292 1451 1352 4444414414
1478 1287 1641 1350 Paullinnti·

160 1393 267 1462 voret,
288 1405 325 1447 oc
345 1391 528 1467 perruperat
548 1386 714 1445 exercitum
731 1388 889 1445 444414444-
941 1389 1074 1466 psiensi:
1093 1403 1163 1444 nam
1181 1401 1378 1463 opusipsum
1412 1383 1476 1443 huc
1506 1397 1629 1459 usqae
1610 1387 1643 1437 44-

163 1484 244 1541 mins
261 1483 407 1540 Patricius
425 1480 462 1538 de
481 1482 542 1537 vita
571 1481 601 1539 S.
622 1481 767 1551 Maximi,
789 1483 889 1537 tonius
945 1483 991 1557 pis
1014 1495 1193 1557 expressum
1218 1494 1277 1537 non
1300 1484 1360 1537 est.
1384 1476 1541 1557 Epitomeii
1559 1493 1589 1536 44
1609 1473 1643 1531 ilio

163 1590 236 1633 vern
270 1570 375 1651 servor
396 1571 427 1630 i'ii
448 1587 481 1630 eo
506 1571 625 1647 estitit,
664 1577 699 1631 ut
727 1577 887 1649 antequam
943 1573 981 1633 ab
1003 1589 1031 1632 a.
1049 1573 1082 1633 C.
1100 1570 1169 1631 458.
1186 1570 1224 1630 441
1244 1568 1335 1632 4397.
1354 1570 1509 1648 Georgius
1524 1566 1643 1629 Fabricius

164 1665 362 1726 monasticam
394 1663 516 1724 vivendi
544 1664 681 1769 reyulom
715 1662 889 1743 complemus
945 1665 1116 1726 Annalibus
1137 1664 1221 1723 urbis
1238 1665 1356 1724 Misnae
1373 1665 1456 1740 Lips.
1474 1659 1588 1723 45694.
1600 1657 1644 1717 444

166 1765 244 1820 esset
264 1756 313 1819 uel
331 1758 460 1861 mpstica
479 1756 635 1830 instituta,
651 1757 712 1817 iam
729 1773 890 1817 conuerso·
942 1759 982 1817 tis
999 1755 1204 1835 subjunxitp.
1228 1754 1299 1814 973
1322 1757 1491 1834 repetitam
1516 1751 1643 1814 deindein

168 1851 450 1930 tioneproeoipuus
476 1850 649 1925 videretur,
672 1868 708 1910 oc
733 1848 888 1909 deiudeS.
944 1851 1074 1912 Sasonis
1097 1849 1256 1921 illustrata,
1283 1851 1448 1933 caiatiam
1477 1847 1577 1907 titulus
1593 1844 1644 1902 644-

164 1930 317 2004 Houoroto
339 1942 491 2002 decessori
509 1960 563 2002 suo
583 1959 708 2002 summis
725 1937 889 2001 virtutibus
944 1944 1062 2004 maniae
1085 1958 1152 2017 mag
1155 1958 1210 2000 444
1222 1940 1314 2001 datus
1336 1948 1399 2014 est,
1424 1941 1491 2001 Vol.
1512 1940 1549 2000 ll.
1565 1936 1640 2015 plll

163 2035 378 2107 ornatissimo,
410 2033 465 2112 qui
495 2032 557 2094 illio
588 2032 689 2092 Abdus
716 2032 839 2112 fuerat,
863 2039 892 2092 ot
944 2053 1031 2113 porro
1054 2038 1082 2094 in
1100 2034 1304 2111 scriptoribus
1326 2051 1434 2093 rerum
1457 2034 1556 2093 Germ
1574 2030 1645 2089 toti·

164 2123 275 2184 honore
304 2125 475 2185 succederet
506 2131 534 2184 et
560 2125 673 2185 meritis
704 2129 889 2204 aequaretur
944 2129 1027 2188 storii
1049 2135 1122 2185 tom.
1144 2125 1164 2184 l.
1188 2144 1215 2203 p.
1238 2126 1306 2185 689.
1326 2134 1361 2185 et
1378 2125 1525 2186 editionis
1537 2125 1643 2185 8444444-

164 2220 219 2275 etc.
237 2218 300 2291 Ego
319 2219 455 2276 ttinamio
472 2217 582 2277 accedo
600 2223 630 2277 et
648 2234 720 2277 cum
736 2234 771 2277 eo
788 2218 891 2277 home·
944 2237 1000 2280 nae
1018 2237 1047 2298 p.
1060 2219 1130 2280 753.
1149 2220 1255 2278 8444444
1271 2219 1452 2289 benzelius,
1470 2234 1547 2279 nunc
1567 2216 1642 2293 Epist.

164 2307 235 2368 liam
255 2307 292 2367 de
310 2309 340 2368 8.
355 2311 507 2385 Maximo,
528 2310 558 2369 S.
577 2311 685 2369 Fausto
705 2310 813 2369 tribuo.
835 2312 888 2369 34-
941 2312 1198 2389 Gothoburgensis
1218 2327 1299 2371 anno
1320 2312 1401 2372 4698
1417 2311 1499 2370 hanc
1513 2309 1643 2370 editionen

163 2402 268 2459 ronias
287 2403 315 2458 in
335 2402 521 2479 Martyrolog.
544 2402 577 2461 V.
596 2402 658 2462 liat.
671 2402 844 2461 Decembris
857 2403 888 2463 S.
942 2405 1201 2465 845444144444444
1224 2402 1336 2463 Codice
1360 2403 1512 2479 Lipsiensi
1544 2399 1644 2476 locuple

163 2491 313 2553 Eucherio
338 2494 534 2572 lugdunensi
561 2510 667 2572 parum
690 2494 888 2554 considerate.
944 2498 1051 2555 tiorem
1066 2494 1204 2569 reddidit,
1219 2493 1644 2571 qundexemptarssnihaepos

164 2583 222 2654 Qui
241 2589 321 2644 enim
340 2586 402 2645 heri
420 2594 539 2663 potest,
556 2593 589 2644 ut
605 2589 748 2663 Prospero
770 2602 891 2646 succes·
946 2586 1024 2647 sidet
1037 2589 1114 2647 Maii.
1130 2587 1201 2646 tier.
1219 2586 1375 2649 Ernestus
1387 2586 1531 2647 Salomon
1550 2584 1644 2661 cyprii

166 2680 240 2736 serit
264 2681 429 2747 Maximus,
453 2685 485 2737 et
506 2678 544 2736 dc
571 2680 699 2738 Maximo
732 2679 889 2738 homeliam

167 2767 274 2826 iecerit
291 2769 480 2840 Eucherius,
501 2786 572 2828 cum
594 2768 765 2829 Eucherius
786 2772 892 2829 obierit

166 2858 375 2919 Valentiniano
393 2859 444 2919 lll.
458 2865 489 2918 et
503 2862 646 2919 Martiano
659 2860 891 2936 Imperantibus.

167 2948 344 3011 Gennadius
360 2967 387 3010 e.
416 2951 464 3008 63.
488 2950 526 3012 do
544 2953 617 3010 viris
645 2952 782 3011 illustrib.
806 2953 893 3011 Pros-

166 3058 240 3121 pero
271 3050 302 3101 et
329 3044 457 3103 Maximo
488 3043 711 3119 superstitibus.
745 3044 892 3102 Baronius

167 3153 196 3197 a.
212 3135 323 3197 Christi
341 3134 411 3195 466.
426 3141 456 3193 44
473 3135 663 3194 Marcellinus
685 3137 713 3192 in
736 3135 891 3194 Chronico.

208 3229 276 3288 XX.
303 3225 357 3294 Ad,
379 3224 541 3302 sororium)
567 3225 635 3285 add.
660 3233 692 3287 et
718 3227 737 3287 l.
756 3228 782 3284 6.
800 3242 826 3284 4.
842 3227 889 3285 34.

170 3319 479 3385 Saresber.l’olicrat.
502 3320 521 3378 l.
544 3320 570 3377 6
592 3335 618 3378 c.
642 3321 689 3380 l8.
710 3319 890 3379 Gervasium

168 3412 496 3474 Tilleberieiisemlmi
523 3429 550 3472 c.
574 3413 622 3471 34.
646 3411 892 3535 ethimoiniap

166 3505 246 3585 perid
265 3506 314 3565 lib.
333 3505 361 3566 5.
376 3521 404 3564 c.
421 3506 451 3563 8.

207 3601 290 3660 xxi.
308 3617 337 3676 p.
356 3599 424 3657 468.
449 3606 513 3657 not.
532 3594 713 3672 Narbonem>
732 3596 801 3656 add.
818 3597 890 3655 mihi

168 3690 288 3769 plaudo,
307 3690 386 3766 quod
408 3691 601 3766 conjecturae
620 3706 705 3749 meae
730 3689 894 3767 adstipula-

168 3784 361 3844 4444444644
383 3783 516 3860 Scaliger
536 3780 718 3841 animadv.
711 3798 741 3840 in
768 3781 891 3843 Eusebii

169 3875 281 3937 Chion.
304 3875 524 3937 tacccxcvt.

211 3968 321 4027 Xthl.
337 3969 407 4028 944.
422 3968 554 4046 Plusque
568 3967 720 4048 princeps)
738 3968 806 4028 add.
826 3972 894 4029 Pro

171 4074 241 4135 sper
262 4059 362 4134 Aquit.
384 4060 421 4118 de
440 4060 583 4136 praedict.
605 4063 657 4122 Del
684 4068 762 4140 part.
781 4064 808 4121 3.
827 4078 895 4140 pro-

173 4151 260 4208 miss.
280 4151 330 4209 38.

304 4243 344 4301 84
365 4242 439 4302 14444
460 4244 582 4320 quidem
605 4246 765 4307 hactenus.

214 4334 412 4396 SlFFlllDUS
432 4334 468 4395 do
479 4336 590 4411 Areua,
602 4340 706 4412 italus,
718 4338 791 4400 Ord.
809 4341 895 4399 Prae·

173 4428 351 4502 dicatorum,
369 4427 478 4487 claruit
496 4446 523 4489 a.
550 4430 638 4489 4979.
656 4438 687 4490 44
708 4432 830 4508 scripsit
846 4446 896 4490 su-

170 4535 231 4598 per
248 4524 309 4580 tres
326 4525 488 4580 nocturnos
506 4518 652 4582 Psoltori'i'
667 4528 696 4583 et
709 4539 801 4602 super
819 4522 896 4584 Cori-

177 4619 269 4671 ticum
281 4612 462 4692 Mopuificot.
476 4618 538 4675 tac.
555 4615 659 4686 Quetii
677 4616 715 4675 de
742 4616 898 4693 Scriptori·

172 4702 232 4763 bus
251 4704 324 4764 Ord.
345 4707 587 4783 Praedicatorum
605 4715 677 4768 tom.
706 4710 727 4769 l.
743 4725 810 4787 pag.
828 4709 897 4768 959.

175 4793 330 4856 4144444444
354 4815 382 4872 p.
404 4798 454 4857 95.

946 2696 1013 2739 nus.
1037 2678 1110 2739 Vide
1126 2680 1173 2737 lo.
1189 2681 1278 2740 bau.
1307 2678 1475 2739 Schrebeii
1499 2674 1643 2736 1444444494

945 2771 1068 2831 Fabricii
1090 2789 1117 2848 p.
1139 2770 1208 2831 937.
1226 2772 1296 2830 938.
1314 2770 1404 2831 hune
1423 2775 1492 2831 444.
1516 2769 1607 2841 044444
1619 2766 1644 2825 di

946 2860 1146 2940 Scriptoribus
1162 2863 1236 2925 Ord.
1251 2871 1326 2923 tom.
1344 2865 1367 2924 l.
1382 2881 1414 2940 p.
1435 2864 1504 2923 743.
1522 2862 1644 2924 Oudinnn

946 2961 1027 3012 tomo
1049 2955 1099 3013 lll.
1120 2972 1148 3031 p.
1171 2953 1241 3013 667.

986 3045 1179 3107 SlFFlllDUS
1200 3049 1306 3123 Teuto,
1328 3048 1403 3110 Ord.
1423 3050 1643 3114 94444444444444,

945 3139 1113 3216 Episcopus
1134 3140 1282 3216 cyrensis
1298 3149 1331 3201 et
1342 3142 1524 3204 Theoderici
1535 3139 1644 3212 hmhiep

946 3231 1184 3306 Mogontinensis
1218 3233 1462 3312 Sulimganeus,
1489 3234 1644 3318 7444414944,

947 3321 1065 3399 linguae
1086 3327 1176 3382 etiam
1198 3325 1364 3387 llebraicae
1385 3330 1525 3404 peritus,
1545 3326 1644 3384 414444

948 3415 1034 3474 4469.
1056 3415 1158 3475 Edidit
1175 3417 1450 3479 Dotermmuti'ones
1466 3417 1544 3478 duos
1556 3413 1593 3474 nd
1604 3412 1646 3471 444·

947 3504 1164 3585 clii'proosulcm
1181 3509 1312 3587 Moyuut
1332 3514 1358 3570 4
1378 3529 1421 3571 ou
1453 3510 1588 3587 Princeps
1604 3504 1646 3566 Gt

947 3596 1072 3659 tholicus
1090 3599 1186 3678 possit
1196 3607 1358 3680 proteqoro
1370 3602 1422 3665 uel
1434 3599 1647 3684 permitteretis

948 3689 1031 3750 doei's
1057 3691 1229 3769 retipioriem
1257 3696 1435 3756 4444444449
1462 3699 1491 3757 9.
1518 3713 1558 3756 ori
1577 3686 1648 3797 potii

948 3781 1082 3842 i‘iihihero
1114 3785 1342 3846 matrimonium
1377 3786 1511 3850 liberum
1539 3787 1597 3849 suit
1611 3800 1647 3842 tt

949 3872 1053 3953 meotis
1073 3874 1115 3935 od
1135 3873 1243 3936 borium
1260 3878 1479 3958 priiicipctus?
1504 3885 1647 3958 Responsa

947 3983 1000 4027 iios
1009 3969 1079 4028 item
1093 3967 1135 4028 od
1139 3975 1273 4047 quatuor
1285 3971 1482 4050 quaestiones
1488 3979 1544 4035 stc
1553 3975 1646 4034 Uunn

950 4077 1009 4136 que
1036 4062 1216 4137 opusculum
1248 4081 1401 4127 excusam
1423 4074 1474 4128 est
1502 4070 1533 4127 in
1559 4067 1583 4125 t.
1600 4065 1647 4122 sini

949 4154 1102 4212 mentione
1123 4158 1194 4214 anni
1215 4163 1246 4216 et
1267 4156 1334 4217 loci.
1353 4161 1517 4220 Sermones
1530 4167 1559 4220 et
1575 4153 1647 4219 colo

951 4245 1042 4305 4444444
1062 4246 1129 4325 eius
1158 4264 1219 4308 non
1246 4254 1319 4309 sunt
1348 4253 1528 4330 impressae.
1557 4249 1646 4312 Tritic—

952 4340 1030 4398 mius
1052 4338 1090 4397 de
1119 4341 1227 4418 Script.
1258 4342 1379 4403 Eccles.
1401 4360 1432 4404 4.
1453 4339 1646 4407 8344144444

951 4430 1059 4492 illustr.
1089 4429 1267 4493 Germaniae
1289 4451 1317 4511 p.
1347 4435 1398 4496 97.
1421 4440 1484 4499 Jac.
1517 4434 1609 4508 0444444
1620 4429 1646 4488 44

951 4524 1059 4602 Script.
1084 4523 1155 4584 Ord.
1184 4525 1429 4591 praedicatorum
1464 4537 1487 4590 t.
1512 4528 1534 4591 i.
1554 4547 1580 4607 p.
1597 4524 1645 4585 Sil·

952 4615 1108 4677 hitamura
1129 4634 1157 4694 p.
1181 4619 1249 4678 495.
1276 4618 1420 4682 oudinus
1442 4631 1464 4682 t.
1485 4624 1535 4683 iil.
1556 4638 1581 4699 p.
1598 4614 1645 4676 644

953 4710 1003 4786 qui
1020 4708 1100 4769 hunc
1114 4710 1190 4770 male
1204 4710 1366 4788 siffridum
1380 4712 1418 4774 de
1432 4716 1535 4776 Arma
1555 4718 1632 4772 vocat

994 4802 1225 4864 SlGMBEilTUS
1248 4805 1587 4885 l’iuscognomine,1tex
1600 4800 1644 4860 Ori·
