3654 5408
726 199 974 264 rosolus
1537 213 1593 278 291

98 323 233 374 manum.
255 323 320 386 pag.
342 306 392 368 aa.
422 305 533 368 Confer
564 323 642 385 qaae
663 307 701 368 de
733 309 821 370 Lauri
875 309 1051 388 Gregorium
1073 311 1227 374 corariam
1245 310 1333 374 Sedis
1351 313 1511 394 apostolic.
1529 336 1597 398 pro·

96 401 213 472 Quirini
235 406 266 458 at
287 398 435 460 Leouardi
457 398 495 462 de
516 400 589 462 Chio
614 401 747 481 apologia
768 418 821 479 pro
876 401 1079 477 toootarium,
1101 404 1241 466 Cosmam
1264 405 1301 466 de
1322 405 1444 470 Medicis
1458 456 1464 477 .
1479 411 1599 472 Franci-

97 495 221 554 Venetis
234 500 337 553 contra
350 494 501 572 Poggium,
517 494 681 554 Nicercnus
703 511 730 571 p.
753 493 821 554 448.
876 511 962 556 scum
983 496 1158 571 Barbarum,
1175 499 1367 562 Franciscum
1382 503 1597 568 llarescslcum

135 585 676 650 14334433430334444334343433333
689 586 726 647 ad
740 587 823 648 Prin·
877 589 1096 649 Ferrariensem
1109 633 1117 664 ,
1132 590 1299 652 Guarinnm
1317 593 1533 673 veronensem,
1549 601 1599 661 ia·

96 682 194 759 cipem
218 679 446 760 sigismundum
469 680 657 740 Malatestans
679 677 822 740 iibrtdno
875 681 985 742 cubum
1019 683 1204 758 Foscarnm,
1239 685 1385 748 ioannem
1422 689 1596 764 Lamolam,

95 775 202 852 scripti
222 790 291 834 cum
312 771 374 850 jam
396 790 511 834 anuum
532 774 643 833 aetatis
663 780 822 852 septuage-
874 775 1020 836 loannem
1044 757 1239 851 Pratensan'r,
1256 775 1402 840 ioannem
1418 780 1598 860 Spelmiber-

96 869 209 928 simam
232 865 401 928 secundum
422 871 529 928 auctor
547 867 701 943 exegisset
721 885 750 945 p.
772 866 821 927 34.
875 883 1021 944 gensum,
1042 869 1198 930 lulianum
1218 869 1407 938 Cardioalem
1424 874 1453 934 S.
1475 875 1597 954 Angeli,

97 961 264 1036 praemisso
275 958 396 1038 prologo
409 964 441 1018 34
450 963 630 1036 argumento
644 958 681 1018 ab
697 959 820 1020 ilenrico
874 959 1007 1038 legatum
1019 977 1073 1039 por
1083 961 1275 1024 Germaniam
1286 983 1292 1024 :
1305 965 1478 1028 Leonellum
1488 969 1598 1030 443433-

96 1050 236 1124 Bebelio,
254 1050 449 1130 lustingensi.
875 1067 939 1111 sem
957 1095 964 1125 ,
985 1052 1023 1116 ad
1057 1051 1167 1132 Papam
1201 1055 1424 1131 (innocentium
1446 1061 1529 1137 .Vli.)
1558 1062 1597 1121 ad

137 1144 182 1204 De
200 1141 382 1224 [minnacal
399 1141 648 1204 vorr'etotearbis
666 1145 775 1208 ilomac
792 1147 822 1204 et
876 1143 1044 1223 Philippum
1066 1147 1187 1208 Mariam
1219 1149 1372 1228 anglum,
1399 1150 1507 1214 ducem
1538 1154 1598 1214 lle-

97 1235 134 1298 de
153 1236 248 1298 ratleo
268 1234 398 1303 eiusdem
419 1235 580 1315 descriptio
598 1253 664 1317 pag.
682 1237 730 1298 50.
747 1237 821 1298 liber
874 1234 1104 1298 diolanensem:
1144 1240 1313 1318 Scipionem
1350 1243 1597 1308 Ferrariensem:

98 1345 225 1392 mausus
248 1347 343 1409 nuper
365 1331 394 1390 in
422 1336 504 1389 torno
537 1331 633 1407 primo
665 1332 734 1390 novi
756 1331 822 1390 the·
874 1329 1094 1394 cancellarium
1118 1333 1284 1394 senensem
1302 1377 1309 1408 ,
1329 1341 1362 1396 34
1377 1335 1414 1396 ad
1433 1337 1598 1400 Sudretum

97 1426 179 1485 sauri
200 1424 425 1502 Antiquitatum
446 1423 513 1482 nlo.
544 1423 662 1483 Hennci
687 1421 726 1484 de
757 1423 821 1484 Sai-
874 1421 968 1482 lllrodi
1000 1432 1248 1486 commorantem.
1270 1428 1303 1486 ln
1326 1427 1374 1488 llis
1393 1431 1484 1492 etiam
1507 1434 1598 1509 trige-

98 1517 203 1594 leogre
224 1532 291 1594 pag.
314 1515 381 1576 497.
404 1514 507 1594 Hagac
528 1516 612 1578 Com.
638 1516 724 1576 4746.
746 1516 795 1577 444.
873 1516 949 1578 sima
968 1514 1101 1596 Philippi
1115 1519 1233 1580 dionae
1249 1519 1342 1582 Ducis
1357 1521 1596 1599 mediolanensis,

138 1608 227 1672 Lucii
241 1609 310 1688 Syri
328 1610 395 1670 sive
407 1607 535 1670 Laci'oni
548 1608 691 1686 asianae
707 1609 828 1678 Graeco,
873 1614 904 1668 34
927 1607 1238 1689 undequadragesima
1260 1613 1381 1674 4343344
1407 1616 1598 1678 Panormitae

97 1705 204 1764 latine
225 1719 333 1764 versus
354 1719 421 1782 pag.
444 1703 493 1764 52.
874 1698 912 1760 ad
935 1703 1087 1781 Poggium.
1107 1703 1148 1764 Et
1163 1705 1316 1781 Epistulae
1334 1715 1504 1786 postremae
1525 1726 1597 1770 con·

139 1795 365 1856 invecticarum
385 1791 462 1856 iiber
479 1798 491 1857 4
518 1796 550 1855 iu
567 1795 695 1855 Felicem
718 1794 752 1855 V.
768 1811 821 1856 an·
875 1798 921 1854 tra
934 1793 1110 1871 Guarinum,
1123 1798 1176 1874 qui
1191 1798 1351 1860 Caesarem
1367 1799 1495 1879 Scipioni
1513 1817 1598 1880 prae

97 1889 232 1967 tipapam
253 1889 352 1966 (antea
383 1886 551 1950 Amadeurn
574 1889 686 1948 Ducem
709 1887 822 1950 Sabou-
876 1889 997 1950 tulerat.

96 1981 176 2056 diae)
196 1988 229 2040 et
248 1981 413 2044 Concilium
440 1981 612 2042 Basileense
633 1997 700 2060 pag.
721 1982 770 2044 49.
792 1982 820 2042 2.
915 1984 1056 2061 Dialogus
1086 1981 1122 2044 de
1153 1981 1325 2064 infelicitate
1353 1985 1529 2068 Principem
1558 1988 1596 2050 ad

99 2076 130 2134 in
153 2076 347 2135 Franciecum
365 2074 553 2154 Philelphum
571 2075 740 2136 invectivae
758 2082 821 2136 tres
878 2075 1024 2138 Thomam
1048 2079 1149 2140 uirum
1171 2079 1385 2140 clarissimum.
1401 2097 1466 2159 pag.
1490 2081 1557 2142 446.

98 2185 154 2247 pro
174 2167 293 2228 Nicolao
313 2168 442 2244 Nicolio,
463 2185 528 2246 pag.
551 2169 598 2227 44.
619 2167 649 2226 b.
670 2174 820 2245 etquarta
914 2168 1056 2230 Facetias
1091 2187 1157 2249 pag.
1191 2170 1258 2232 457.
1292 2171 1359 2232 484.
1393 2172 1431 2234 ob
1467 2189 1597 2249 quarum

96 2261 291 2322 excusatoria
311 2275 345 2322 ec
378 2262 610 2323 reconciliatoria
633 2277 700 2340 pag.
720 2260 768 2324 74.
792 2262 819 2321 3.
875 2260 1042 2324 libertatern
1075 2271 1167 2342 atque
1198 2279 1335 2342 sparsam
1358 2264 1428 2326 hinc
1458 2264 1527 2326 inde
1546 2266 1599 2328 ob·

97 2356 128 2414 iu
152 2355 348 2415 laurentium
370 2353 484 2416 Vallem
506 2356 658 2416 invectiva
675 2355 697 2414 l.
714 2355 751 2418 ll.
769 2355 819 2414 lli.
873 2352 1088 2418 sccoenitatsin
1112 2356 1189 2418 male
1206 2355 1286 2434 apud
1303 2357 1416 2418 multos
1433 2357 1529 2418 audiit
1544 2360 1599 2420 Po·

97 2453 129 2506 et
150 2447 186 2506 V.
208 2463 273 2526 pag.
295 2445 345 2507 74.
362 2447 391 2508 b.
413 2447 557 2520 Quartam
580 2463 657 2526 quae
675 2449 708 2518 in
730 2447 819 2508 editis
872 2448 959 2524 gius:
982 2449 1046 2526 ipse
1064 2464 1136 2508 vero
1153 2449 1305 2510 invectiva
1324 2449 1458 2510 3333343
1478 2453 1506 2510 in
1525 2453 1595 2513 Lau.

97 2537 288 2601 desideratur
308 2542 540 2620 Menaenipnm
568 2548 672 2602 servat
693 2541 818 2602 illustris
872 2538 986 2600 Vallem
1008 2556 1074 2618 pag.
1097 2540 1145 2602 82.
1166 2541 1195 2600 b.
1217 2539 1336 2602 1343444
1353 2540 1385 2600 in
1417 2557 1500 2602 mem
1528 2559 1595 2604 con-

96 2635 295 2696 Fontaninas.
870 2629 1088 2712 [occationem
1109 2637 1144 2692 ut
1162 2649 1299 2713 spurcas
1319 2638 1349 2694 et
1369 2631 1442 2693 cono
1463 2634 1529 2694 circ
1550 2635 1597 2694 in-

139 2725 298 2788 Oran'ones
316 2727 447 2808 quinque
469 2731 496 2790 4.
519 2730 548 2788 in
573 2728 679 2789 funere
699 2727 819 2787 Franci·
872 2725 995 2805 dgnus,
1013 2723 1097 2786 domo
1111 2731 1256 2788 austeras
1273 2732 1303 2786 34
1318 2743 1442 2788 severus
1459 2727 1594 2788 nimiam:

95 2820 138 2880 sci
160 2819 331 2882 Zabarellae
352 2821 519 2884 cardinalis
534 2821 715 2894 Placentini,
733 2837 753 2899 p
780 2821 818 2880 94
872 2817 1056 2880 stulterum
1078 2821 1225 2880 Zenonem
1244 2819 1370 2884 stoicam
1391 2818 1519 2894 credas,
1540 2826 1597 2880 ont

94 2911 122 2972 la
144 2913 174 2973 2.
196 2911 349 2992 Albergeti
364 2915 493 2987 Nicolai,
510 2914 677 2976 cardinalis
695 2915 726 2975 S·
743 2915 819 2976 Cru—
876 2911 1017 2974 Catonem
1034 2911 1173 2987 tertiam,
1189 2929 1246 2972 non
1264 2910 1429 2974 4334434334
1446 2912 1595 2994 queamus

93 3007 138 3066 cis
158 3021 226 3085 pag.
248 3007 296 3066 99.
317 3007 346 3068 3.
366 3008 475 3070 Nicolai
498 3007 625 3084 Nicocli,
646 3008 724 3068 civia
753 3008 820 3068 Flo
875 3001 1055 3079 4344443334,
1078 3005 1159 3066 omni
1184 3005 1307 3084 plenem
1338 3006 1516 3068 rusncitotc.
1537 3006 1598 3070 Sed

94 3101 228 3172 restim,
250 3116 317 3178 pag.
338 3099 406 3162 ⁴02.
428 3106 459 3161 et
479 3099 508 3161 4.
532 3102 682 3162 Laurentii
705 3099 742 3160 de
759 3101 818 3160 lle·
874 3096 949 3176 qaid
979 3096 1111 3174 miram,
1132 3096 1259 3178 sanctim
1289 3117 1390 3174 meua,
1413 3117 1456 3162 cm
1485 3098 1596 3180 ouibus

96 3189 171 3252 dicis
192 3209 222 3271 p.
248 3193 316 3254 445.
336 3191 368 3255 4.
386 3187 601 3256 sd'summurn
622 3191 816 3268 Pontificem,
874 3186 951 3250 iiber
967 3196 1097 3267 cumton
1127 3208 1186 3250 rwn
1213 3189 1337 3271 placere
1367 3190 1480 3252 domini
1510 3189 1597 3253 inin·

96 3284 251 3346 Nicolaum
273 3285 308 3346 V.
874 3299 981 3358 manc,
1003 3289 1108 3359 vasto,
1129 3285 1270 3363 stupido,
1291 3287 1424 3365 agresti,
1446 3285 1594 3360 demasii,

131 3375 284 3458 Epistulae
302 3383 332 3440 ct
346 3377 491 3458 opuscula
511 3382 678 3460 praemisso
700 3382 818 3460 praelu—
874 3373 1027 3452 carcere,
1048 3377 1229 3438 rusticano?
1249 3376 1290 3436 Α4
1312 3374 1352 3436 ab
1381 3373 1508 3455 reis'que'a
1539 3376 1596 3438 cii-

93 3468 141 3531 443
174 3473 292 3533 ilenrici
324 3472 433 3534 Bebelii
456 3473 495 3534 de
515 3473 655 3536 laudibus
675 3481 708 3536 et
727 3473 818 3536 lelici·
874 3475 984 3549 gemala
1016 3487 1108 3552 qaum
1141 3476 1173 3530 tn
1203 3463 1594 3547 doctoridss'prodontnr:

95 3569 157 3624 tate
189 3581 356 3643 pagorum,
378 3569 458 3628 ruris
485 3572 516 3626 et
547 3566 703 3628 silvarum.
725 3569 752 3628 4.
779 3564 817 3628 34
874 3562 1014 3644 43933443
1035 3563 1115 3626 etin
1135 3579 1188 3624 ore
1215 3559 1402 3624 ermenteus
1426 3559 1595 3637 iacenter,

92 3655 238 3718 Cosmum
276 3657 314 3719 dc
334 3659 464 3730 Medicis,
485 3652 523 3720 d'e
545 3659 632 3720 laude
652 3662 732 3721 ruris
752 3661 818 3722 sive
873 3654 1000 3718 stuciis
1020 3654 1115 3718 nolis:
1137 3659 1320 3736 rumpantur
1341 3652 1410 3714 iicet
1429 3651 1482 3714 tibi
1497 3653 1597 3716 Codro

91 3748 130 3810 da
151 3768 185 3810 re
204 3754 317 3814 rustica
349 3769 414 3831 pag.
437 3753 505 3814 tls.
533 3751 562 3812 4.
583 3752 621 3813 34
641 3753 816 3827 Nicolaum,
873 3749 945 3812 ilia:
966 3749 1080 3830 diffissa
1100 3748 1162 3812 sint
1178 3765 1235 3829 per
1254 3748 1429 3809 nniversam
1461 3745 1594 3810 ltaliam:

92 3841 130 3904 de
150 3843 273 3906 Balneis
294 3861 386 3924 prope
407 3845 581 3924 Thnregnm
603 3847 670 3906 sitis
692 3864 720 3925 p.
747 3846 815 3908 443.
872 3843 962 3904 etad
981 3841 1083 3906 Gallae
1103 3859 1218 3923 usqae,
1237 3842 1405 3922 Enipeum,
1421 3842 1595 3918 Genaunes,

91 3936 118 3996 4.
143 3937 356 4000 tllEllONYlll
388 3940 547 4018 Prageusis
571 3940 672 4002 obitus
692 3947 724 4000 et
743 3955 814 4017 sup·
871 3936 1241 4014 Britannoe,coetcrosque
1255 3933 1596 4014 notionestrcnsnn‘pra·

92 4029 173 4106 plicii
206 4029 393 4110 descriptio,
423 4033 460 4096 ad
497 4032 685 4094 leonardum
718 4032 815 4094 Arcti·
866 4029 933 4089 rint
952 4029 1011 4109 qni
1025 4029 1124 4090 sciant
1142 4025 1224 4107 ioqai
1245 4026 1345 4088 latina.
1368 4025 1453 4091 Libet
1473 4027 1550 4090 enirn
1568 4033 1598 4088 et

91 4137 180 4183 num.
199 4141 265 4203 pag.
289 4127 359 4187 444.
379 4127 409 4188 b.
431 4127 459 4186 4.
477 4127 524 4186 43.
542 4125 694 4205 Epistulae
709 4125 746 4186 ad
764 4143 815 4186 va·
870 4120 947 4182 milti
978 4119 1108 4183 Vcilcum
1130 4121 1312 4200 jactantiam
1330 4137 1408 4201 prce
1429 4120 1523 4184 occisa
1543 4120 1596 4184 lio·

90 4216 175 4278 rios:
196 4219 323 4278 AEceam
346 4219 484 4297 sylvium
500 4219 619 4293 cardin.
638 4221 813 4280 Senensem:
872 4211 952 4275 beati
968 4211 1128 4295 paululum
1148 4210 1288 4292 gloriari.

91 4305 272 4384 Albertnm,
291 4309 479 4374 ¹Andreolnm
507 4313 732 4387 lastinianum,
754 4310 816 4372 An·
911 4312 1033 4370 Praeter
1064 4307 1138 4368 haec
1171 4308 1201 4366 in
1234 4307 1388 4370 volumine
1416 4307 1597 4387 Argentom-
1662 4371 1665 4380 Α

91 4405 211 4463 ionium
228 4405 488 4480 Cremonensem,
510 4405 674 4480 Antonium
708 4408 816 4466 Pacor-
871 4403 950 4462 tensi
965 4401 1090 4462 collecta
1106 4399 1251 4478 opuscula
1266 4401 1394 4480 Poggius
1407 4403 1497 4462 etiam
1514 4417 1595 4462 com-

92 4498 200 4556 mimm
218 4497 355 4560 Siculum
368 4543 376 4573 ,
391 4499 529 4561 Carolnm
548 4498 727 4575 aretinum,
746 4505 817 4563 Leo·
872 4497 973 4574 posuit
995 4497 1131 4556 Latinam
1154 4495 1350 4568 versionem,
1372 4490 1518 4552 labrorum
1535 4494 1595 4570 pri-

93 4590 226 4650 uardum
248 4589 427 4668 Aretinum,
448 4592 647 4656 Bildestinum
662 4592 816 4656 Archidia·
872 4605 990 4650 morum
1013 4588 1145 4669 quinque
1166 4584 1291 4646 Diodori
1309 4582 1423 4659 Siculi,
1444 4583 1480 4646 ad
1509 4585 1595 4644 Nico-

9 4731 10 4742 .
92 4699 228 4758 conum,
259 4685 575 4768 caesaraugustanum
611 4689 815 4768 Episcopum,
871 4684 953 4744 laum
975 4683 1009 4743 V.
1031 4699 1160 4761 quorum
1183 4681 1315 4758 primum
1337 4679 1367 4736 iu
1386 4675 1594 4753 duosdivisit,

871 4776 951 4848 unde
972 4793 1032 4837 aeae
1053 4773 1170 4835 libriin
1192 4771 1259 4847 ejus
1280 4772 1419 4829 versione
1433 4785 1595 4828 numeran-

134 4895 158 4944 ι,
175 4884 316 4936 Pleniorsru
330 4883 467 4937 sdltlonem
480 4887 554 4939 retuli
566 4899 642 4950 supra
653 4899 680 4949 p.
690 4884 746 4936 447.
870 4877 929 4931 tur.
953 4871 1022 4929 Post
1042 4867 1170 4946 primam
1192 4862 1354 4924 editionem
1369 4863 1476 4924 Vellei.
1507 4859 1594 4921 4476.
