<?xml version="1.0" encoding="UTF-8"?>
<!DOCTYPE html PUBLIC "-//W3C//DTD XHTML 1.0 Transitional//EN"
    "http://www.w3.org/TR/xhtml1/DTD/xhtml1-transitional.dtd">
<html xmlns="http://www.w3.org/1999/xhtml" xml:lang="en" lang="en">
 <head>
  <title>
</title>
<meta http-equiv="Content-Type" content="text/html;charset=utf-8" />
  <meta name='ocr-system' content='tesseract 3.04.00' />
  <meta name='ocr-capabilities' content='ocr_page ocr_carea ocr_par ocr_line ocrx_word'/>
</head>
<body>
  <div class='ocr_page' id='page_1' title='image "./bibliothecalati01gallgoog_0136.png"; bbox 0 0 3568 5414; ppageno 0'>
   <div class='ocr_carea' id='block_1_1' title="bbox 92 217 950 404">
    <p class='ocr_par' dir='ltr' id='par_1_1' title="bbox 92 217 950 404">
     <span class='ocr_line' id='line_1_1' title="bbox 661 217 950 316; baseline 0.003 -36"><span class='ocrx_word' id='word_1_1' title='bbox 661 217 685 316; x_wconf 83' lang='lat' dir='ltr'>N</span> <span class='ocrx_word' id='word_1_2' title='bbox 700 217 727 280; x_wconf 90' lang='grc' dir='ltr'><strong>Ο</strong></span> <span class='ocrx_word' id='word_1_3' title='bbox 742 219 767 278; x_wconf 87' lang='lat' dir='ltr'><strong>&#39;P</strong></span> <span class='ocrx_word' id='word_1_4' title='bbox 782 217 795 278; x_wconf 95' lang='lat' dir='ltr'><strong>l</strong></span> <span class='ocrx_word' id='word_1_5' title='bbox 810 220 834 282; x_wconf 90' lang='lat' dir='ltr'>N</span> <span class='ocrx_word' id='word_1_6' title='bbox 849 219 914 281; x_wconf 80' lang='lat' dir='ltr'><strong>Gli</strong></span> <span class='ocrx_word' id='word_1_7' title='bbox 929 221 950 281; x_wconf 88' lang='lat' dir='ltr'>S</span> 
     </span>
     <span class='ocr_line' id='line_1_2' title="bbox 92 321 776 404; baseline 0.01 -17"><span class='ocrx_word' id='word_1_8' title='bbox 92 324 225 404; x_wconf 86' lang='lat' dir='ltr'><strong>praesentis</strong></span> <span class='ocrx_word' id='word_1_9' title='bbox 244 321 392 383; x_wconf 86' lang='lat' dir='ltr'><strong>idiomatis</strong></span> <span class='ocrx_word' id='word_1_10' title='bbox 413 323 541 401; x_wconf 89' lang='lat' dir='ltr'><strong>purioris</strong></span> <span class='ocrx_word' id='word_1_11' title='bbox 555 325 673 390; x_wconf 89' lang='lat' dir='ltr'><strong>cultura</strong></span> <span class='ocrx_word' id='word_1_12' title='bbox 684 349 719 392; x_wconf 92' lang='lat' dir='ltr'><strong>ac</strong></span> <span class='ocrx_word' id='word_1_13' title='bbox 732 337 776 394; x_wconf 91' lang='lat' dir='ltr'><strong>ni-</strong></span> 
     </span>
    </p>
   </div>
   <div class='ocr_carea' id='block_1_2' title="bbox 26 417 778 4620">
    <p class='ocr_par' dir='ltr' id='par_1_2' title="bbox 86 417 778 1427">
     <span class='ocr_line' id='line_1_3' title="bbox 92 417 776 503; baseline 0.016 -24"><span class='ocrx_word' id='word_1_14' title='bbox 92 429 124 479; x_wconf 89' lang='lat' dir='ltr'><strong>tor</strong></span> <span class='ocrx_word' id='word_1_15' title='bbox 135 417 228 496; x_wconf 85' lang='lat' dir='ltr'><strong>majore</strong></span> <span class='ocrx_word' id='word_1_16' title='bbox 245 433 371 495; x_wconf 82' lang='lat' dir='ltr'><strong>semper</strong></span> <span class='ocrx_word' id='word_1_17' title='bbox 390 417 611 496; x_wconf 82' lang='lat' dir='ltr'>pulchritudine</span> <span class='ocrx_word' id='word_1_18' title='bbox 628 431 660 482; x_wconf 90' lang='lat' dir='ltr'><strong>et</strong></span> <span class='ocrx_word' id='word_1_19' title='bbox 682 432 776 503; x_wconf 85' lang='lat' dir='ltr'><strong>gratia</strong></span> 
     </span>
     <span class='ocr_line' id='line_1_4' title="bbox 91 509 777 588; baseline 0.013 -15"><span class='ocrx_word' id='word_1_20' title='bbox 91 529 140 574; x_wconf 85' lang='lat' dir='ltr'><strong>sese</strong></span> <span class='ocrx_word' id='word_1_21' title='bbox 156 509 336 571; x_wconf 90' lang='lat' dir='ltr'><strong>commendet</strong></span> <span class='ocrx_word' id='word_1_22' title='bbox 349 511 596 588; x_wconf 75' lang='lat' dir='ltr'><strong>intelligentibus.</strong></span> <span class='ocrx_word' id='word_1_23' title='bbox 608 515 777 582; x_wconf 89' lang='lat' dir='ltr'><strong>Editionem</strong></span> 
     </span>
     <span class='ocr_line' id='line_1_5' title="bbox 90 603 778 682; baseline 0.015 -16"><span class='ocrx_word' id='word_1_24' title='bbox 90 605 158 681; x_wconf 76' lang='lat' dir='ltr'><strong>buius</strong></span> <span class='ocrx_word' id='word_1_25' title='bbox 169 603 302 682; x_wconf 89' lang='lat' dir='ltr'><strong>praeclari</strong></span> <span class='ocrx_word' id='word_1_26' title='bbox 312 605 778 674; x_wconf 85' lang='lat' dir='ltr'><strong>monuntentiNotlrerianidebe·</strong></span> 
     </span>
     <span class='ocr_line' id='line_1_6' title="bbox 91 695 776 786; baseline 0.016 -28"><span class='ocrx_word' id='word_1_27' title='bbox 91 713 141 758; x_wconf 82' lang='lat' dir='ltr'><strong>nus</strong></span> <span class='ocrx_word' id='word_1_28' title='bbox 150 695 303 756; x_wconf 77' lang='lat' dir='ltr'><strong>illustribus</strong></span> <span class='ocrx_word' id='word_1_29' title='bbox 318 697 395 756; x_wconf 89' lang='lat' dir='ltr'><strong>lliris</strong></span> <span class='ocrx_word' id='word_1_30' title='bbox 408 697 522 758; x_wconf 84' lang='lat' dir='ltr'><strong>Simoni</strong></span> <span class='ocrx_word' id='word_1_31' title='bbox 540 700 577 761; x_wconf 88' lang='grc'><strong>66</strong></span> <span class='ocrx_word' id='word_1_32' title='bbox 590 703 617 764; x_wconf 86' lang='grc'><strong>16</strong></span> <span class='ocrx_word' id='word_1_33' title='bbox 630 703 776 786; x_wconf 85' lang='lat' dir='ltr'><strong>Louvere,</strong></span> 
     </span>
     <span class='ocr_line' id='line_1_7' title="bbox 89 789 777 868; baseline 0.013 -16"><span class='ocrx_word' id='word_1_34' title='bbox 89 796 125 868; x_wconf 81' lang='lat' dir='ltr'><strong>qui</strong></span> <span class='ocrx_word' id='word_1_35' title='bbox 140 790 199 852; x_wconf 93' lang='lat' dir='ltr'><strong>illud</strong></span> <span class='ocrx_word' id='word_1_36' title='bbox 214 808 250 852; x_wconf 84' lang='lat' dir='ltr'><strong>ex</strong></span> <span class='ocrx_word' id='word_1_37' title='bbox 263 789 571 868; x_wconf 86' lang='lat' dir='ltr'><strong>CodiceSangallensi</strong></span> <span class='ocrx_word' id='word_1_38' title='bbox 588 801 706 859; x_wconf 84' lang='lat' dir='ltr'><strong>curavit</strong></span> <span class='ocrx_word' id='word_1_39' title='bbox 724 801 777 862; x_wconf 88' lang='grc'><strong>66-</strong></span> 
     </span>
     <span class='ocr_line' id='line_1_8' title="bbox 89 884 775 968; baseline 0.016 -24"><span class='ocrx_word' id='word_1_40' title='bbox 89 884 245 945; x_wconf 82' lang='lat' dir='ltr'><strong>scribandum</strong></span> <span class='ocrx_word' id='word_1_41' title='bbox 262 884 643 968; x_wconf 85' lang='lat' dir='ltr'><strong>etloanniSchiltero,qui</strong></span> <span class='ocrx_word' id='word_1_42' title='bbox 671 896 775 955; x_wconf 83' lang='lat' dir='ltr'><strong>Latina</strong></span> 
     </span>
     <span class='ocr_line' id='line_1_9' title="bbox 88 978 775 1064; baseline 0.02 -30"><span class='ocrx_word' id='word_1_43' title='bbox 88 978 775 1064; x_wconf 81' lang='lat' dir='ltr'><strong>versumillustratumquenotispraelndestina-</strong></span> 
     </span>
     <span class='ocr_line' id='line_1_10' title="bbox 89 1070 774 1159; baseline 0.018 -32"><span class='ocrx_word' id='word_1_44' title='bbox 89 1072 127 1144; x_wconf 82' lang='lat' dir='ltr'><strong>rit,</strong></span> <span class='ocrx_word' id='word_1_45' title='bbox 143 1077 168 1128; x_wconf 84' lang='lat' dir='ltr'><strong>et</strong></span> <span class='ocrx_word' id='word_1_46' title='bbox 187 1070 367 1134; x_wconf 89' lang='lat' dir='ltr'><strong>nobilissimo</strong></span> <span class='ocrx_word' id='word_1_47' title='bbox 383 1071 517 1150; x_wconf 88' lang='lat' dir='ltr'><strong>denique</strong></span> <span class='ocrx_word' id='word_1_48' title='bbox 538 1077 572 1136; x_wconf 88' lang='lat' dir='ltr'><strong>D.</strong></span> <span class='ocrx_word' id='word_1_49' title='bbox 594 1079 629 1136; x_wconf 83' lang='lat' dir='ltr'><strong>lo</strong></span> <span class='ocrx_word' id='word_1_50' title='bbox 649 1079 774 1159; x_wconf 87' lang='lat' dir='ltr'><strong>Georgio</strong></span> 
     </span>
     <span class='ocr_line' id='line_1_11' title="bbox 86 1163 774 1243; baseline 0.016 -21"><span class='ocrx_word' id='word_1_51' title='bbox 86 1163 197 1223; x_wconf 69' lang='lat' dir='ltr'><strong>&amp;lerata</strong></span> <span class='ocrx_word' id='word_1_52' title='bbox 207 1166 258 1242; x_wconf 84' lang='lat' dir='ltr'><strong>qui</strong></span> <span class='ocrx_word' id='word_1_53' title='bbox 274 1172 341 1243; x_wconf 90' lang='lat' dir='ltr'><strong>post</strong></span> <span class='ocrx_word' id='word_1_54' title='bbox 356 1166 494 1228; x_wconf 88' lang='lat' dir='ltr'><strong>Schilteri</strong></span> <span class='ocrx_word' id='word_1_55' title='bbox 515 1169 574 1228; x_wconf 88' lang='lat' dir='ltr'><strong>iata</strong></span> <span class='ocrx_word' id='word_1_56' title='bbox 586 1171 658 1231; x_wconf 94' lang='lat' dir='ltr'><strong>illud</strong></span> <span class='ocrx_word' id='word_1_57' title='bbox 672 1189 774 1232; x_wconf 86' lang='lat' dir='ltr'><strong>recen·</strong></span> 
     </span>
     <span class='ocr_line' id='line_1_12' title="bbox 87 1257 775 1345; baseline 0.015 -29"><span class='ocrx_word' id='word_1_58' title='bbox 87 1258 138 1332; x_wconf 83' lang='lat' dir='ltr'><strong>suit,</strong></span> <span class='ocrx_word' id='word_1_59' title='bbox 157 1257 346 1336; x_wconf 83' lang='lat' dir='ltr'><strong>vulgavitque</strong></span> <span class='ocrx_word' id='word_1_60' title='bbox 362 1261 391 1318; x_wconf 93' lang='lat' dir='ltr'><strong>in</strong></span> <span class='ocrx_word' id='word_1_61' title='bbox 410 1267 432 1318; x_wconf 93' lang='lat' dir='ltr'><strong>t.</strong></span> <span class='ocrx_word' id='word_1_62' title='bbox 448 1264 460 1321; x_wconf 92' lang='lat' dir='ltr'><strong>-l</strong></span> <span class='ocrx_word' id='word_1_63' title='bbox 483 1262 617 1324; x_wconf 81' lang='lat' dir='ltr'><strong>thesauri</strong></span> <span class='ocrx_word' id='word_1_64' title='bbox 636 1266 775 1345; x_wconf 80' lang='lat' dir='ltr'><strong>Antiqui·</strong></span> 
     </span>
     <span class='ocr_line' id='line_1_13' title="bbox 86 1353 692 1427; baseline 0.017 -17"><span class='ocrx_word' id='word_1_65' title='bbox 86 1357 158 1410; x_wconf 90' lang='lat' dir='ltr'><strong>latum</strong></span> <span class='ocrx_word' id='word_1_66' title='bbox 173 1353 422 1427; x_wconf 85' lang='lat' dir='ltr'><strong>Teutonicarum,</strong></span> <span class='ocrx_word' id='word_1_67' title='bbox 441 1355 518 1422; x_wconf 90' lang='lat' dir='ltr'><strong>Ulm.</strong></span> <span class='ocrx_word' id='word_1_68' title='bbox 538 1357 625 1418; x_wconf 77' lang='grc'><strong>6797.</strong></span> <span class='ocrx_word' id='word_1_69' title='bbox 645 1361 692 1420; x_wconf 90' lang='lat' dir='ltr'><strong>lol.</strong></span> 
     </span>
    </p>

    <p class='ocr_par' dir='ltr' id='par_1_3' title="bbox 81 1446 776 2168">
     <span class='ocr_line' id='line_1_14' title="bbox 114 1446 772 1533; baseline 0.018 -29"><span class='ocrx_word' id='word_1_70' title='bbox 114 1446 192 1506; x_wconf 88' lang='lat' dir='ltr'><strong>lertit</strong></span> <span class='ocrx_word' id='word_1_71' title='bbox 208 1449 298 1506; x_wconf 89' lang='lat' dir='ltr'><strong>etiam</strong></span> <span class='ocrx_word' id='word_1_72' title='bbox 316 1446 395 1508; x_wconf 88' lang='lat' dir='ltr'><strong>idem</strong></span> <span class='ocrx_word' id='word_1_73' title='bbox 411 1448 562 1516; x_wconf 86' lang='lat' dir='ltr'><strong>Notlrerus</strong></span> <span class='ocrx_word' id='word_1_74' title='bbox 574 1453 662 1512; x_wconf 86' lang='lat' dir='ltr'><strong>simili</strong></span> <span class='ocrx_word' id='word_1_75' title='bbox 674 1454 772 1533; x_wconf 87' lang='lat' dir='ltr'><strong>lingua</strong></span> 
     </span>
     <span class='ocr_line' id='line_1_15' title="bbox 85 1536 776 1626; baseline 0.016 -30"><span class='ocrx_word' id='word_1_76' title='bbox 85 1537 212 1600; x_wconf 75' lang='lat' dir='ltr'><strong>Theotisca</strong></span> <span class='ocrx_word' id='word_1_77' title='bbox 234 1536 347 1600; x_wconf 73' lang='lat' dir='ltr'><strong>lidmtm</strong></span> <span class='ocrx_word' id='word_1_78' title='bbox 362 1537 433 1601; x_wconf 80' lang='lat' dir='ltr'><strong>lobi</strong></span> <span class='ocrx_word' id='word_1_79' title='bbox 446 1549 478 1602; x_wconf 88' lang='lat' dir='ltr'><strong>et</strong></span> <span class='ocrx_word' id='word_1_80' title='bbox 495 1545 524 1602; x_wconf 93' lang='lat' dir='ltr'><strong>in</strong></span> <span class='ocrx_word' id='word_1_81' title='bbox 542 1561 611 1604; x_wconf 90' lang='lat' dir='ltr'><strong>eum</strong></span> <span class='ocrx_word' id='word_1_82' title='bbox 637 1546 776 1626; x_wconf 77' lang='lat' dir='ltr'><strong>Gregorii</strong></span> 
     </span>
     <span class='ocr_line' id='line_1_16' title="bbox 84 1631 774 1717; baseline 0.019 -27"><span class='ocrx_word' id='word_1_83' title='bbox 84 1631 111 1690; x_wconf 77' lang='lat' dir='ltr'><strong>N.</strong></span> <span class='ocrx_word' id='word_1_84' title='bbox 128 1631 254 1694; x_wconf 86' lang='lat' dir='ltr'><strong>moralia:</strong></span> <span class='ocrx_word' id='word_1_85' title='bbox 274 1642 306 1693; x_wconf 93' lang='lat' dir='ltr'><strong>et</strong></span> <span class='ocrx_word' id='word_1_86' title='bbox 322 1651 400 1713; x_wconf 86' lang='lat' dir='ltr'><strong>quae</strong></span> <span class='ocrx_word' id='word_1_87' title='bbox 425 1636 454 1694; x_wconf 91' lang='lat' dir='ltr'><strong>in</strong></span> <span class='ocrx_word' id='word_1_88' title='bbox 481 1637 556 1697; x_wconf 87' lang='lat' dir='ltr'><strong>Eibl.</strong></span> <span class='ocrx_word' id='word_1_89' title='bbox 585 1641 774 1717; x_wconf 81' lang='lat' dir='ltr'><strong>sangallensi</strong></span> 
     </span>
     <span class='ocr_line' id='line_1_17' title="bbox 84 1730 775 1806; baseline 0.02 -24"><span class='ocrx_word' id='word_1_90' title='bbox 84 1730 171 1786; x_wconf 85' lang='lat' dir='ltr'><strong>serrari</strong></span> <span class='ocrx_word' id='word_1_91' title='bbox 203 1730 409 1806; x_wconf 88' lang='lat' dir='ltr'><strong>llanuscripta</strong></span> <span class='ocrx_word' id='word_1_92' title='bbox 440 1730 580 1792; x_wconf 90' lang='lat' dir='ltr'><strong>laudatus</strong></span> <span class='ocrx_word' id='word_1_93' title='bbox 611 1734 775 1796; x_wconf 85' lang='lat' dir='ltr'><strong>Franclrias</strong></span> 
     </span>
     <span class='ocr_line' id='line_1_18' title="bbox 84 1821 775 1896; baseline 0.016 -18"><span class='ocrx_word' id='word_1_94' title='bbox 84 1833 132 1896; x_wconf 84' lang='lat' dir='ltr'><strong>pag.</strong></span> <span class='ocrx_word' id='word_1_95' title='bbox 147 1838 173 1879; x_wconf 87' lang='lat' dir='ltr'><strong>x.</strong></span> <span class='ocrx_word' id='word_1_96' title='bbox 190 1828 338 1894; x_wconf 88' lang='lat' dir='ltr'><strong>testatur,</strong></span> <span class='ocrx_word' id='word_1_97' title='bbox 349 1821 502 1886; x_wconf 75' lang='lat' dir='ltr'><strong>Boethium</strong></span> <span class='ocrx_word' id='word_1_98' title='bbox 513 1825 551 1885; x_wconf 89' lang='lat' dir='ltr'><strong>de</strong></span> <span class='ocrx_word' id='word_1_99' title='bbox 567 1827 775 1890; x_wconf 86' lang='lat' dir='ltr'><strong>Consolatione</strong></span> 
     </span>
     <span class='ocr_line' id='line_1_19' title="bbox 81 1909 776 1998; baseline 0.022 -29"><span class='ocrx_word' id='word_1_100' title='bbox 81 1909 275 1991; x_wconf 79' lang='lat' dir='ltr'><strong>Philosophiae,</strong></span> <span class='ocrx_word' id='word_1_101' title='bbox 297 1917 481 1976; x_wconf 85' lang='lat' dir='ltr'><strong>llartionum</strong></span> <span class='ocrx_word' id='word_1_102' title='bbox 500 1917 651 1998; x_wconf 81' lang='lat' dir='ltr'><strong>Capellam</strong></span> <span class='ocrx_word' id='word_1_103' title='bbox 668 1920 705 1981; x_wconf 93' lang='lat' dir='ltr'><strong>de</strong></span> <span class='ocrx_word' id='word_1_104' title='bbox 721 1939 776 1984; x_wconf 92' lang='lat' dir='ltr'><strong>ou-</strong></span> 
     </span>
     <span class='ocr_line' id='line_1_20' title="bbox 83 2006 776 2095; baseline 0.025 -36"><span class='ocrx_word' id='word_1_105' title='bbox 83 2006 134 2078; x_wconf 81' lang='lat' dir='ltr'><strong>ptis</strong></span> <span class='ocrx_word' id='word_1_106' title='bbox 151 2007 282 2070; x_wconf 87' lang='lat' dir='ltr'><strong>llercurii</strong></span> <span class='ocrx_word' id='word_1_107' title='bbox 299 2017 330 2068; x_wconf 89' lang='lat' dir='ltr'><strong>et</strong></span> <span class='ocrx_word' id='word_1_108' title='bbox 351 2009 551 2090; x_wconf 89' lang='lat' dir='ltr'><strong>Philologiae,</strong></span> <span class='ocrx_word' id='word_1_109' title='bbox 570 2019 660 2092; x_wconf 88' lang='lat' dir='ltr'><strong>atque.</strong></span> <span class='ocrx_word' id='word_1_110' title='bbox 683 2015 776 2095; x_wconf 87' lang='lat' dir='ltr'><strong>Orga-</strong></span> 
     </span>
     <span class='ocr_line' id='line_1_21' title="bbox 82 2097 327 2168; baseline 0.037 -15"><span class='ocrx_word' id='word_1_111' title='bbox 82 2111 135 2157; x_wconf 88' lang='lat' dir='ltr'><strong>num</strong></span> <span class='ocrx_word' id='word_1_112' title='bbox 152 2097 327 2168; x_wconf 67' lang='lat' dir='ltr'><strong>tentaretis.</strong></span> 
     </span>
    </p>

    <p class='ocr_par' dir='ltr' id='par_1_4' title="bbox 82 2191 776 2460">
     <span class='ocr_line' id='line_1_22' title="bbox 109 2191 776 2277; baseline 0.015 -26"><span class='ocrx_word' id='word_1_113' title='bbox 109 2191 142 2251; x_wconf 80' lang='lat' dir='ltr'><strong>lle</strong></span> <span class='ocrx_word' id='word_1_114' title='bbox 158 2194 265 2270; x_wconf 84' lang='lat' dir='ltr'><strong>glossis</strong></span> <span class='ocrx_word' id='word_1_115' title='bbox 282 2196 457 2273; x_wconf 75' lang='lat' dir='ltr'><strong>llEllONlS,</strong></span> <span class='ocrx_word' id='word_1_116' title='bbox 475 2217 566 2277; x_wconf 87' lang='lat' dir='ltr'><strong>quem</strong></span> <span class='ocrx_word' id='word_1_117' title='bbox 580 2218 649 2262; x_wconf 91' lang='lat' dir='ltr'><strong>cum</strong></span> <span class='ocrx_word' id='word_1_118' title='bbox 669 2203 776 2263; x_wconf 77' lang='grc'><strong>66666-</strong></span> 
     </span>
     <span class='ocr_line' id='line_1_23' title="bbox 82 2286 776 2357; baseline 0.026 -18"><span class='ocrx_word' id='word_1_119' title='bbox 82 2286 235 2348; x_wconf 84' lang='lat' dir='ltr'><strong>mecedem</strong></span> <span class='ocrx_word' id='word_1_120' title='bbox 254 2289 354 2350; x_wconf 84' lang='lat' dir='ltr'><strong>lacero</strong></span> <span class='ocrx_word' id='word_1_121' title='bbox 371 2291 532 2352; x_wconf 86' lang='lat' dir='ltr'><strong>voluerunt</strong></span> <span class='ocrx_word' id='word_1_122' title='bbox 558 2297 612 2354; x_wconf 93' lang='lat' dir='ltr'><strong>viri</strong></span> <span class='ocrx_word' id='word_1_123' title='bbox 639 2295 776 2357; x_wconf 90' lang='lat' dir='ltr'><strong>doctissi-</strong></span> 
     </span>
     <span class='ocr_line' id='line_1_24' title="bbox 83 2375 440 2460; baseline 0.031 -29"><span class='ocrx_word' id='word_1_124' title='bbox 83 2375 192 2444; x_wconf 74' lang='lat' dir='ltr'><strong>aidini</strong></span> <span class='ocrx_word' id='word_1_125' title='bbox 210 2388 231 2439; x_wconf 92' lang='lat' dir='ltr'><strong>t.</strong></span> <span class='ocrx_word' id='word_1_126' title='bbox 252 2383 304 2442; x_wconf 91' lang='lat' dir='ltr'><strong>tv.</strong></span> <span class='ocrx_word' id='word_1_127' title='bbox 322 2400 351 2460; x_wconf 90' lang='lat' dir='ltr'><strong>p.</strong></span> <span class='ocrx_word' id='word_1_128' title='bbox 370 2383 440 2444; x_wconf 79' lang='grc'><strong>606.</strong></span> 
     </span>
    </p>

    <p class='ocr_par' dir='ltr' id='par_1_5' title="bbox 76 2468 776 2742">
     <span class='ocr_line' id='line_1_25' title="bbox 107 2468 775 2557; baseline 0.021 -28"><span class='ocrx_word' id='word_1_129' title='bbox 107 2468 417 2538; x_wconf 66' lang='lat' dir='ltr'><strong>tontinhusanae</strong></span> <span class='ocrx_word' id='word_1_130' title='bbox 434 2479 640 2557; x_wconf 77' lang='lat' dir='ltr'><strong>sangallensis</strong></span> <span class='ocrx_word' id='word_1_131' title='bbox 662 2483 700 2542; x_wconf 89' lang='lat' dir='ltr'><strong>ab</strong></span> <span class='ocrx_word' id='word_1_132' title='bbox 718 2483 775 2543; x_wconf 80' lang='lat' dir='ltr'><strong>An.</strong></span> 
     </span>
     <span class='ocr_line' id='line_1_26' title="bbox 79 2560 775 2646; baseline 0.019 -24"><span class='ocrx_word' id='word_1_133' title='bbox 79 2560 127 2622; x_wconf 84' lang='grc'><strong>969.</strong></span> <span class='ocrx_word' id='word_1_134' title='bbox 145 2567 178 2626; x_wconf 91' lang='grc'><strong>66</strong></span> <span class='ocrx_word' id='word_1_135' title='bbox 199 2569 272 2630; x_wconf 80' lang='lat' dir='ltr'><strong>sto.</strong></span> <span class='ocrx_word' id='word_1_136' title='bbox 289 2570 379 2646; x_wconf 83' lang='lat' dir='ltr'><strong>cujus</strong></span> <span class='ocrx_word' id='word_1_137' title='bbox 399 2573 584 2633; x_wconf 85' lang='lat' dir='ltr'><strong>avunculum</strong></span> <span class='ocrx_word' id='word_1_138' title='bbox 614 2575 775 2636; x_wconf 73' lang='lat' dir='ltr'><strong>liutherum</strong></span> 
     </span>
     <span class='ocr_line' id='line_1_27' title="bbox 76 2655 776 2742; baseline 0.02 -28"><span class='ocrx_word' id='word_1_139' title='bbox 76 2655 196 2722; x_wconf 88' lang='lat' dir='ltr'><strong>lledicum</strong></span> <span class='ocrx_word' id='word_1_140' title='bbox 223 2664 273 2741; x_wconf 87' lang='grc'><strong>(66</strong></span> <span class='ocrx_word' id='word_1_141' title='bbox 303 2681 363 2742; x_wconf 89' lang='lat' dir='ltr'><strong>quo</strong></span> <span class='ocrx_word' id='word_1_142' title='bbox 388 2663 450 2742; x_wconf 89' lang='lat' dir='ltr'><strong>jam</strong></span> <span class='ocrx_word' id='word_1_143' title='bbox 474 2665 544 2742; x_wconf 74' lang='lat' dir='ltr'><strong>dixi)</strong></span> <span class='ocrx_word' id='word_1_144' title='bbox 571 2669 664 2729; x_wconf 89' lang='lat' dir='ltr'><strong>luisse</strong></span> <span class='ocrx_word' id='word_1_145' title='bbox 689 2669 776 2730; x_wconf 86' lang='lat' dir='ltr'><strong>docet</strong></span> 
     </span>
    </p>

    <p class='ocr_par' dir='ltr' id='par_1_6' title="bbox 26 2747 774 3662">
     <span class='ocr_line' id='line_1_28' title="bbox 26 2747 773 2841; baseline 0.024 -35"><span class='ocrx_word' id='word_1_146' title='bbox 26 2765 28 2776; x_wconf 69' lang='grc'>’</span> <span class='ocrx_word' id='word_1_147' title='bbox 75 2747 374 2835; x_wconf 81' lang='lat' dir='ltr'><strong>Ecleharduslunior,</strong></span> <span class='ocrx_word' id='word_1_148' title='bbox 392 2777 482 2838; x_wconf 89' lang='lat' dir='ltr'><strong>quem</strong></span> <span class='ocrx_word' id='word_1_149' title='bbox 502 2761 773 2841; x_wconf 87' lang='lat' dir='ltr'><strong>historiographum</strong></span> 
     </span>
     <span class='ocr_line' id='line_1_29' title="bbox 75 2843 772 2934; baseline 0.023 -31"><span class='ocrx_word' id='word_1_150' title='bbox 75 2843 263 2922; x_wconf 87' lang='lat' dir='ltr'><strong>Sangallenses</strong></span> <span class='ocrx_word' id='word_1_151' title='bbox 282 2854 461 2934; x_wconf 88' lang='lat' dir='ltr'><strong>appellant,</strong></span> <span class='ocrx_word' id='word_1_152' title='bbox 488 2855 567 2932; x_wconf 89' lang='lat' dir='ltr'><strong>apud</strong></span> <span class='ocrx_word' id='word_1_153' title='bbox 594 2857 772 2918; x_wconf 85' lang='lat' dir='ltr'><strong>Goldastum</strong></span> 
     </span>
     <span class='ocr_line' id='line_1_30' title="bbox 75 2941 771 3027; baseline 0.019 -33"><span class='ocrx_word' id='word_1_154' title='bbox 75 2941 127 2998; x_wconf 82' lang='lat' dir='ltr'><strong>hm.</strong></span> <span class='ocrx_word' id='word_1_155' title='bbox 148 2944 157 3001; x_wconf 93' lang='lat' dir='ltr'><strong>l</strong></span> <span class='ocrx_word' id='word_1_156' title='bbox 179 2961 283 3006; x_wconf 90' lang='lat' dir='ltr'><strong>rerum</strong></span> <span class='ocrx_word' id='word_1_157' title='bbox 301 2947 565 3008; x_wconf 85' lang='lat' dir='ltr'><strong>Alemannicarum</strong></span> <span class='ocrx_word' id='word_1_158' title='bbox 577 2967 643 3027; x_wconf 85' lang='lat' dir='ltr'><strong>pag.</strong></span> <span class='ocrx_word' id='word_1_159' title='bbox 661 2951 709 3010; x_wconf 84' lang='lat'><strong>58.</strong></span> <span class='ocrx_word' id='word_1_160' title='bbox 723 2951 771 3010; x_wconf 92' lang='lat' dir='ltr'><strong>uhi</strong></span> 
     </span>
     <span class='ocr_line' id='line_1_31' title="bbox 74 3029 772 3128; baseline 0.017 -37"><span class='ocrx_word' id='word_1_161' title='bbox 74 3029 138 3128; x_wconf 81' lang='lat' dir='ltr'><strong>plura</strong></span> <span class='ocrx_word' id='word_1_162' title='bbox 153 3035 189 3095; x_wconf 93' lang='lat' dir='ltr'><strong>de</strong></span> <span class='ocrx_word' id='word_1_163' title='bbox 203 3037 336 3099; x_wconf 77' lang='lat' dir='ltr'><strong>nollem</strong></span> <span class='ocrx_word' id='word_1_164' title='bbox 353 3037 483 3115; x_wconf 81' lang='lat' dir='ltr'><strong>hbbete,</strong></span> <span class='ocrx_word' id='word_1_165' title='bbox 502 3042 652 3102; x_wconf 91' lang='lat' dir='ltr'><strong>nullorum</strong></span> <span class='ocrx_word' id='word_1_166' title='bbox 672 3051 772 3103; x_wconf 86' lang='lat' dir='ltr'><strong>tamen</strong></span> 
     </span>
     <span class='ocr_line' id='line_1_32' title="bbox 73 3129 774 3209; baseline 0.019 -26"><span class='ocrx_word' id='word_1_167' title='bbox 73 3135 123 3196; x_wconf 70' lang='lat' dir='ltr'><strong>rpus</strong></span> <span class='ocrx_word' id='word_1_168' title='bbox 137 3129 245 3209; x_wconf 83' lang='lat' dir='ltr'><strong>ingenii</strong></span> <span class='ocrx_word' id='word_1_169' title='bbox 267 3141 530 3194; x_wconf 85' lang='lat' dir='ltr'><strong>monumentorum</strong></span> <span class='ocrx_word' id='word_1_170' title='bbox 551 3135 774 3198; x_wconf 75' lang='grc' dir='ltr'><strong>666666661Ιί-</strong></span> 
     </span>
     <span class='ocr_line' id='line_1_33' title="bbox 73 3221 775 3306; baseline 0.015 -29"><span class='ocrx_word' id='word_1_171' title='bbox 73 3221 213 3300; x_wconf 68' lang='lat' dir='ltr'><strong>natuque</strong></span> <span class='ocrx_word' id='word_1_172' title='bbox 227 3223 423 3286; x_wconf 84' lang='lat' dir='ltr'><strong>Eclrehardus</strong></span> <span class='ocrx_word' id='word_1_173' title='bbox 442 3229 598 3302; x_wconf 88' lang='lat' dir='ltr'><strong>minimus,</strong></span> <span class='ocrx_word' id='word_1_174' title='bbox 616 3233 667 3306; x_wconf 85' lang='lat' dir='ltr'><strong>qui</strong></span> <span class='ocrx_word' id='word_1_175' title='bbox 687 3233 716 3290; x_wconf 92' lang='lat' dir='ltr'><strong>in</strong></span> <span class='ocrx_word' id='word_1_176' title='bbox 730 3232 775 3288; x_wconf 92' lang='lat' dir='ltr'><strong>vi-</strong></span> 
     </span>
     <span class='ocr_line' id='line_1_34' title="bbox 74 3313 775 3402; baseline 0.023 -33"><span class='ocrx_word' id='word_1_177' title='bbox 74 3313 215 3378; x_wconf 82' lang='lat' dir='ltr'><strong>laliotlreri</strong></span> <span class='ocrx_word' id='word_1_178' title='bbox 234 3319 351 3380; x_wconf 85' lang='lat' dir='ltr'><strong>Balbuli</strong></span> <span class='ocrx_word' id='word_1_179' title='bbox 363 3335 454 3398; x_wconf 89' lang='lat' dir='ltr'><strong>„cap</strong></span> <span class='ocrx_word' id='word_1_180' title='bbox 475 3321 501 3380; x_wconf 85' lang='lat' dir='ltr'><strong>l.</strong></span> <span class='ocrx_word' id='word_1_181' title='bbox 520 3321 588 3381; x_wconf 89' lang='lat' dir='ltr'><strong>ibid.</strong></span> <span class='ocrx_word' id='word_1_182' title='bbox 611 3339 680 3402; x_wconf 84' lang='lat' dir='ltr'><strong>pag.</strong></span> <span class='ocrx_word' id='word_1_183' title='bbox 705 3325 775 3384; x_wconf 73' lang='lat'><strong>288.</strong></span> 
     </span>
     <span class='ocr_line' id='line_1_35' title="bbox 72 3403 775 3494; baseline 0.015 -28"><span class='ocrx_word' id='word_1_184' title='bbox 72 3403 210 3472; x_wconf 85' lang='lat' dir='ltr'><strong>Notltcrum</strong></span> <span class='ocrx_word' id='word_1_185' title='bbox 229 3415 393 3492; x_wconf 81' lang='lat' dir='ltr'><strong>physicum</strong></span> <span class='ocrx_word' id='word_1_186' title='bbox 408 3417 426 3474; x_wconf 82' lang='grc'><strong>6</strong></span> <span class='ocrx_word' id='word_1_187' title='bbox 444 3417 583 3494; x_wconf 72' lang='lat' dir='ltr'><strong>Piperis„</strong></span> <span class='ocrx_word' id='word_1_188' title='bbox 567 3434 658 3477; x_wconf 90' lang='lat' dir='ltr'><strong>rano</strong></span> <span class='ocrx_word' id='word_1_189' title='bbox 669 3418 775 3478; x_wconf 82' lang='lat' dir='ltr'><strong>distin</strong></span> 
     </span>
     <span class='ocr_line' id='line_1_36' title="bbox 27 3479 773 3587; baseline 0.019 -28.874"><span class='ocrx_word' id='word_1_190' title='bbox 27 3479 136 3576; x_wconf 80' lang='lat' dir='ltr'><strong>mit,</strong></span> <span class='ocrx_word' id='word_1_191' title='bbox 152 3506 349 3586; x_wconf 89' lang='lat' dir='ltr'><strong>eundemque</strong></span> <span class='ocrx_word' id='word_1_192' title='bbox 364 3515 468 3587; x_wconf 86' lang='lat' dir='ltr'><strong>postea</strong></span> <span class='ocrx_word' id='word_1_193' title='bbox 485 3510 634 3572; x_wconf 83' lang='lat' dir='ltr'><strong>hbbatem</strong></span> <span class='ocrx_word' id='word_1_194' title='bbox 661 3513 773 3574; x_wconf 91' lang='lat' dir='ltr'><strong>lactum</strong></span> 
     </span>
     <span class='ocr_line' id='line_1_37' title="bbox 76 3590 269 3662; baseline 0.067 -12"><span class='ocrx_word' id='word_1_195' title='bbox 76 3590 146 3656; x_wconf 84' lang='lat' dir='ltr'><strong>luisse</strong></span> <span class='ocrx_word' id='word_1_196' title='bbox 162 3601 269 3662; x_wconf 89' lang='lat' dir='ltr'><strong>tradit.</strong></span> 
     </span>
    </p>

    <p class='ocr_par' dir='ltr' id='par_1_7' title="bbox 27 3684 705 3776">
     <span class='ocr_line' id='line_1_38' title="bbox 27 3684 705 3776; baseline 0.021 -29"><span class='ocrx_word' id='word_1_197' title='bbox 27 3755 29 3774; x_wconf 75' lang='lat'><strong>.</strong></span> <span class='ocrx_word' id='word_1_198' title='bbox 100 3684 342 3770; x_wconf 80' lang='lat' dir='ltr'><strong>NOPllELblUS,</strong></span> <span class='ocrx_word' id='word_1_199' title='bbox 360 3713 451 3776; x_wconf 89' lang='lat' dir='ltr'><strong>supra</strong></span> <span class='ocrx_word' id='word_1_200' title='bbox 471 3697 705 3762; x_wconf 83' lang='lat' dir='ltr'><strong>NOTBEETUS.</strong></span> 
     </span>
    </p>

    <p class='ocr_par' dir='ltr' id='par_1_8' title="bbox 27 3781 775 4136">
     <span class='ocr_line' id='line_1_39' title="bbox 27 3781 775 3961; baseline 0.025 -31"><span class='ocrx_word' id='word_1_201' title='bbox 27 3819 28 3922; x_wconf 68' lang='lat' dir='ltr'><strong>i</strong></span> <span class='ocrx_word' id='word_1_202' title='bbox 27 3781 775 3961; x_wconf 73' lang='grc'><strong>.66666666666</strong></span> 
     </span>
     <span class='ocr_line' id='line_1_40' title="bbox 27 3963 773 4058; baseline 0.023 -32.125"><span class='ocrx_word' id='word_1_203' title='bbox 27 3963 112 4027; x_wconf 82' lang='lat' dir='ltr'><strong>llll</strong></span> <span class='ocrx_word' id='word_1_204' title='bbox 125 3973 278 4037; x_wconf 74' lang='lat' dir='ltr'><strong>curiensis</strong></span> <span class='ocrx_word' id='word_1_205' title='bbox 293 3978 430 4057; x_wconf 84' lang='lat' dir='ltr'><strong>Episcopi</strong></span> <span class='ocrx_word' id='word_1_206' title='bbox 448 3981 587 4048; x_wconf 83' lang='lat' dir='ltr'><strong>Capones</strong></span> <span class='ocrx_word' id='word_1_207' title='bbox 604 3998 657 4058; x_wconf 91' lang='lat' dir='ltr'><strong>pro</strong></span> <span class='ocrx_word' id='word_1_208' title='bbox 672 3983 773 4043; x_wconf 77' lang='lat' dir='ltr'><strong>Eccle</strong></span> 
     </span>
     <span class='ocr_line' id='line_1_41' title="bbox 75 4061 773 4136; baseline 0.019 -14"><span class='ocrx_word' id='word_1_209' title='bbox 75 4061 113 4122; x_wconf 78' lang='lat' dir='ltr'><strong>tin</strong></span> <span class='ocrx_word' id='word_1_210' title='bbox 126 4065 329 4130; x_wconf 77' lang='lat' dir='ltr'><strong>Alamannicis</strong></span> <span class='ocrx_word' id='word_1_211' title='bbox 341 4072 483 4132; x_wconf 90' lang='lat' dir='ltr'><strong>collectos</strong></span> <span class='ocrx_word' id='word_1_212' title='bbox 498 4073 617 4134; x_wconf 88' lang='lat' dir='ltr'><strong>ridetur</strong></span> <span class='ocrx_word' id='word_1_213' title='bbox 628 4092 773 4136; x_wconf 88' lang='lat' dir='ltr'><strong>memora-</strong></span> 
     </span>
    </p>

    <p class='ocr_par' dir='ltr' id='par_1_9' title="bbox 28 4157 771 4432">
     <span class='ocr_line' id='line_1_42' title="bbox 28 4157 771 4247; baseline 0.01 -28"><span class='ocrx_word' id='word_1_214' title='bbox 28 4173 29 4194; x_wconf 62' lang='lat'><em>*</em></span> <span class='ocrx_word' id='word_1_215' title='bbox 76 4157 269 4224; x_wconf 72' lang='lat' dir='ltr'><strong>nuntiamus</strong></span> <span class='ocrx_word' id='word_1_216' title='bbox 284 4171 356 4224; x_wconf 89' lang='lat' dir='ltr'><strong>tom</strong></span> <span class='ocrx_word' id='word_1_217' title='bbox 373 4165 598 4228; x_wconf 76' lang='grc'><strong>9666666666.</strong></span> <span class='ocrx_word' id='word_1_218' title='bbox 617 4185 681 4247; x_wconf 85' lang='lat' dir='ltr'><strong>pag.</strong></span> <span class='ocrx_word' id='word_1_219' title='bbox 705 4167 771 4230; x_wconf 81' lang='lat' dir='ltr'><strong>llil</strong></span> 
     </span>
     <span class='ocr_line' id='line_1_43' title="bbox 78 4247 774 4336; baseline 0.018 -26"><span class='ocrx_word' id='word_1_220' title='bbox 78 4247 135 4324; x_wconf 70' lang='lat'><strong>¹32}</strong></span> <span class='ocrx_word' id='word_1_221' title='bbox 153 4255 232 4318; x_wconf 83' lang='lat' dir='ltr'><strong>lucto</strong></span> <span class='ocrx_word' id='word_1_222' title='bbox 254 4259 311 4318; x_wconf 90' lang='lat' dir='ltr'><strong>sibi</strong></span> <span class='ocrx_word' id='word_1_223' title='bbox 327 4260 466 4336; x_wconf 89' lang='lat' dir='ltr'><strong>abreptos</strong></span> <span class='ocrx_word' id='word_1_224' title='bbox 483 4277 553 4322; x_wconf 89' lang='lat' dir='ltr'><strong>cum</strong></span> <span class='ocrx_word' id='word_1_225' title='bbox 571 4261 649 4322; x_wconf 87' lang='lat' dir='ltr'><strong>bona</strong></span> <span class='ocrx_word' id='word_1_226' title='bbox 668 4265 774 4323; x_wconf 87' lang='lat' dir='ltr'><strong>ileme-</strong></span> 
     </span>
     <span class='ocr_line' id='line_1_44' title="bbox 28 4339 775 4434; baseline 0.009 -26.44"><span class='ocrx_word' id='word_1_227' title='bbox 28 4339 107 4402; x_wconf 85' lang='lat' dir='ltr'><strong>dii</strong></span> <span class='ocrx_word' id='word_1_228' title='bbox 121 4359 197 4423; x_wconf 86' lang='lat' dir='ltr'><strong>parte</strong></span> <span class='ocrx_word' id='word_1_229' title='bbox 205 4360 408 4430; x_wconf 87' lang='lat' dir='ltr'><strong>conquestus</strong></span> <span class='ocrx_word' id='word_1_230' title='bbox 421 4355 603 4432; x_wconf 81' lang='lat' dir='ltr'><strong>Scripsisse</strong></span> <span class='ocrx_word' id='word_1_231' title='bbox 597 4373 625 4413; x_wconf 90' lang='lat' dir='ltr'><strong>m</strong></span> <span class='ocrx_word' id='word_1_232' title='bbox 639 4355 742 4434; x_wconf 86' lang='lat' dir='ltr'><strong>Evang</strong></span> <span class='ocrx_word' id='word_1_233' title='bbox 726 4373 775 4414; x_wconf 80' lang='lat' dir='ltr'><strong>oe·</strong></span> 
     </span>
    </p>

    <p class='ocr_par' dir='ltr' id='par_1_10' title="bbox 28 4411 661 4528">
     <span class='ocr_line' id='line_1_45' title="bbox 28 4411 661 4528; baseline 0.024 -33"><span class='ocrx_word' id='word_1_234' title='bbox 28 4501 29 4528; x_wconf 27' lang='grc'><strong>,</strong></span> <span class='ocrx_word' id='word_1_235' title='bbox 28 4411 103 4496; x_wconf 85' lang='lat' dir='ltr'><strong>lia</strong></span> <span class='ocrx_word' id='word_1_236' title='bbox 118 4451 214 4506; x_wconf 83' lang='lat' dir='ltr'><strong>notem</strong></span> <span class='ocrx_word' id='word_1_237' title='bbox 232 4448 456 4511; x_wconf 83' lang='lat' dir='ltr'><strong>sammarthani</strong></span> <span class='ocrx_word' id='word_1_238' title='bbox 478 4455 498 4508; x_wconf 95' lang='lat' dir='ltr'><strong>t.</strong></span> <span class='ocrx_word' id='word_1_239' title='bbox 518 4449 574 4526; x_wconf 72' lang='lat' dir='ltr'><strong>Ep</strong></span> <span class='ocrx_word' id='word_1_240' title='bbox 594 4449 661 4510; x_wconf 79' lang='grc'><strong>666.</strong></span> 
     </span>
    </p>

    <p class='ocr_par' dir='ltr' id='par_1_11' title="bbox 108 4534 681 4620">
     <span class='ocr_line' id='line_1_46' title="bbox 108 4534 681 4620; baseline 0.023 -28"><span class='ocrx_word' id='word_1_241' title='bbox 108 4534 303 4602; x_wconf 71' lang='lat' dir='ltr'><strong>ruthenus</strong></span> <span class='ocrx_word' id='word_1_242' title='bbox 317 4557 452 4620; x_wconf 89' lang='lat' dir='ltr'><strong>,supro,</strong></span> <span class='ocrx_word' id='word_1_243' title='bbox 469 4541 681 4605; x_wconf 81' lang='lat' dir='ltr'><strong>NOTGERUS</strong></span> 
     </span>
    </p>
   </div>
   <div class='ocr_carea' id='block_1_3' title="bbox 29 4619 777 4718">
    <p class='ocr_par' dir='ltr' id='par_1_12' title="bbox 29 4619 777 4718">
     <span class='ocr_line' id='line_1_47' title="bbox 29 4619 777 4718; baseline 0.007 -26"><span class='ocrx_word' id='word_1_244' title='bbox 29 4619 30 4632; x_wconf 39' lang='lat'>¹</span> <span class='ocrx_word' id='word_1_245' title='bbox 107 4627 777 4718; x_wconf 64' lang='lat' dir='ltr'><strong>dnmlmarllorrrttfllttllssuprata.itt.</strong></span> 
     </span>
    </p>
   </div>
   <div class='ocr_carea' id='block_1_4' title="bbox 29 4841 779 5002">
    <p class='ocr_par' dir='ltr' id='par_1_13' title="bbox 29 4841 779 5002">
     <span class='ocr_line' id='line_1_48' title="bbox 108 4841 779 4914; baseline 0.001 -14"><span class='ocrx_word' id='word_1_246' title='bbox 108 4841 129 4900; x_wconf 83' lang='lat' dir='ltr'><strong>n</strong></span> <span class='ocrx_word' id='word_1_247' title='bbox 143 4849 179 4896; x_wconf 80' lang='lat' dir='ltr'><strong>n.</strong></span> <span class='ocrx_word' id='word_1_248' title='bbox 198 4853 255 4900; x_wconf 76' lang='grc'><strong>66.</strong></span> <span class='ocrx_word' id='word_1_249' title='bbox 274 4847 404 4900; x_wconf 73' lang='grc'><strong>6666666</strong></span> <span class='ocrx_word' id='word_1_250' title='bbox 421 4865 476 4914; x_wconf 72' lang='lat' dir='ltr'><strong>pig.</strong></span> <span class='ocrx_word' id='word_1_251' title='bbox 502 4849 555 4900; x_wconf 87' lang='lat' dir='ltr'><strong>rol.</strong></span> <span class='ocrx_word' id='word_1_252' title='bbox 574 4852 642 4914; x_wconf 81' lang='lat' dir='ltr'><strong>opp.</strong></span> <span class='ocrx_word' id='word_1_253' title='bbox 662 4853 779 4903; x_wconf 77' lang='lat' dir='ltr'><strong>ursione.</strong></span> 
     </span>
     <span class='ocr_line' id='line_1_49' title="bbox 29 4916 776 5002; baseline 0 -24"><span class='ocrx_word' id='word_1_254' title='bbox 29 4979 30 5002; x_wconf 51' lang='lat'><strong>,</strong></span> <span class='ocrx_word' id='word_1_255' title='bbox 108 4916 130 4978; x_wconf 82' lang='lat' dir='ltr'><strong>b)</strong></span> <span class='ocrx_word' id='word_1_256' title='bbox 143 4923 194 4970; x_wconf 76' lang='lat' dir='ltr'><strong>Ner</strong></span> <span class='ocrx_word' id='word_1_257' title='bbox 210 4929 331 4976; x_wconf 80' lang='lat' dir='ltr'><strong>mamolm</strong></span> <span class='ocrx_word' id='word_1_258' title='bbox 342 4926 371 4974; x_wconf 91' lang='lat' dir='ltr'><strong>ol</strong></span> <span class='ocrx_word' id='word_1_259' title='bbox 385 4926 526 4978; x_wconf 84' lang='lat' dir='ltr'><strong>litterature</strong></span> <span class='ocrx_word' id='word_1_260' title='bbox 540 4931 560 4977; x_wconf 91' lang='lat' dir='ltr'><strong>t.</strong></span> <span class='ocrx_word' id='word_1_261' title='bbox 576 4925 592 4975; x_wconf 76' lang='grc'><strong>9</strong></span> <span class='ocrx_word' id='word_1_262' title='bbox 609 4939 634 4989; x_wconf 89' lang='lat' dir='ltr'><strong>p.</strong></span> <span class='ocrx_word' id='word_1_263' title='bbox 653 4925 776 4990; x_wconf 70' lang='grc'><strong>166666.</strong></span> 
     </span>
    </p>
   </div>
   <div class='ocr_carea' id='block_1_5' title="bbox 1499 221 1557 282">
    <p class='ocr_par' dir='ltr' id='par_1_14' title="bbox 1499 221 1557 282">
     <span class='ocr_line' id='line_1_50' title="bbox 1499 221 1557 282; baseline 0 0"><span class='ocrx_word' id='word_1_264' title='bbox 1499 221 1557 282; x_wconf 83' lang='lat'><strong>139</strong></span> 
     </span>
    </p>
   </div>
   <div class='ocr_carea' id='block_1_6' title="bbox 827 325 1640 4715">
    <p class='ocr_par' dir='ltr' id='par_1_15' title="bbox 829 325 1640 1622">
     <span class='ocr_line' id='line_1_51' title="bbox 873 325 1558 400; baseline -0.007 -9"><span class='ocrx_word' id='word_1_265' title='bbox 873 327 1188 392; x_wconf 80' lang='lat' dir='ltr'><strong>NOVALLlClElt&#39;SlS</strong></span> <span class='ocrx_word' id='word_1_266' title='bbox 1204 329 1375 390; x_wconf 88' lang='lat' dir='ltr'><strong>llonasterii</strong></span> <span class='ocrx_word' id='word_1_267' title='bbox 1392 325 1431 400; x_wconf 83' lang='lat' dir='ltr'><strong>(lo</strong></span> <span class='ocrx_word' id='word_1_268' title='bbox 1456 327 1558 389; x_wconf 89' lang='lat' dir='ltr'><strong>Noua-</strong></span> 
     </span>
     <span class='ocr_line' id='line_1_52' title="bbox 835 421 1556 500; baseline -0.014 -13"><span class='ocrx_word' id='word_1_269' title='bbox 835 423 907 500; x_wconf 78' lang='lat' dir='ltr'><strong>leso)</strong></span> <span class='ocrx_word' id='word_1_270' title='bbox 921 423 1106 483; x_wconf 88' lang='lat' dir='ltr'><strong>Ord.Bened.</strong></span> <span class='ocrx_word' id='word_1_271' title='bbox 1124 425 1161 483; x_wconf 90' lang='grc'><strong>66</strong></span> <span class='ocrx_word' id='word_1_272' title='bbox 1180 422 1297 484; x_wconf 86' lang='lat' dir='ltr'><strong>radices</strong></span> <span class='ocrx_word' id='word_1_273' title='bbox 1316 423 1427 480; x_wconf 88' lang='lat' dir='ltr'><strong>montis</strong></span> <span class='ocrx_word' id='word_1_274' title='bbox 1443 421 1556 482; x_wconf 88' lang='lat' dir='ltr'><strong>Cimisii</strong></span> 
     </span>
     <span class='ocr_line' id='line_1_53' title="bbox 830 508 1558 594; baseline -0.008 -16"><span class='ocrx_word' id='word_1_275' title='bbox 830 523 859 578; x_wconf 91' lang='lat' dir='ltr'><strong>in</strong></span> <span class='ocrx_word' id='word_1_276' title='bbox 878 517 1025 594; x_wconf 89' lang='lat' dir='ltr'><strong>Segusina</strong></span> <span class='ocrx_word' id='word_1_277' title='bbox 1044 508 1146 576; x_wconf 79' lang='lat' dir='ltr'><strong>ltaliae</strong></span> <span class='ocrx_word' id='word_1_278' title='bbox 1160 517 1238 578; x_wconf 91' lang='lat' dir='ltr'><strong>valle</strong></span> <span class='ocrx_word' id='word_1_279' title='bbox 1253 519 1279 592; x_wconf 80' lang='lat' dir='ltr'><strong>a)</strong></span> <span class='ocrx_word' id='word_1_280' title='bbox 1300 514 1468 578; x_wconf 81' lang='lat' dir='ltr'><strong>Chrorricon</strong></span> <span class='ocrx_word' id='word_1_281' title='bbox 1485 516 1558 574; x_wconf 89' lang='lat' dir='ltr'><strong>scri-</strong></span> 
     </span>
     <span class='ocr_line' id='line_1_54' title="bbox 833 609 1554 690; baseline -0.006 -18"><span class='ocrx_word' id='word_1_282' title='bbox 833 620 918 690; x_wconf 90' lang='lat' dir='ltr'><strong>ptum</strong></span> <span class='ocrx_word' id='word_1_283' title='bbox 936 611 1014 670; x_wconf 86' lang='lat' dir='ltr'><strong>circa</strong></span> <span class='ocrx_word' id='word_1_284' title='bbox 1032 610 1066 670; x_wconf 83' lang='lat' dir='ltr'><strong>A:</strong></span> <span class='ocrx_word' id='word_1_285' title='bbox 1091 611 1176 670; x_wconf 81' lang='grc'><strong>6669.</strong></span> <span class='ocrx_word' id='word_1_286' title='bbox 1195 629 1231 671; x_wconf 87' lang='lat' dir='ltr'><strong>ex</strong></span> <span class='ocrx_word' id='word_1_287' title='bbox 1264 628 1323 688; x_wconf 89' lang='lat' dir='ltr'><strong>quo</strong></span> <span class='ocrx_word' id='word_1_288' title='bbox 1353 609 1554 686; x_wconf 78' lang='lat' dir='ltr'><strong>fragmentum</strong></span> 
     </span>
     <span class='ocr_line' id='line_1_55' title="bbox 832 702 1557 782; baseline -0.008 -16"><span class='ocrx_word' id='word_1_289' title='bbox 832 706 869 766; x_wconf 89' lang='lat' dir='ltr'><strong>de</strong></span> <span class='ocrx_word' id='word_1_290' title='bbox 887 702 1079 782; x_wconf 66' lang='lat' dir='ltr'><strong>expeditione</strong></span> <span class='ocrx_word' id='word_1_291' title='bbox 1092 704 1189 764; x_wconf 88' lang='lat' dir='ltr'><strong>Caroli</strong></span> <span class='ocrx_word' id='word_1_292' title='bbox 1209 707 1244 764; x_wconf 87' lang='lat' dir='ltr'><strong>tl.</strong></span> <span class='ocrx_word' id='word_1_293' title='bbox 1270 703 1418 764; x_wconf 88' lang='lat' dir='ltr'><strong>adversus</strong></span> <span class='ocrx_word' id='word_1_294' title='bbox 1446 703 1557 776; x_wconf 78' lang='lat' dir='ltr'><strong>Longa·</strong></span> 
     </span>
     <span class='ocr_line' id='line_1_56' title="bbox 832 796 1555 876; baseline -0.004 -18"><span class='ocrx_word' id='word_1_295' title='bbox 832 796 964 868; x_wconf 85' lang='lat' dir='ltr'><strong>bardos,</strong></span> <span class='ocrx_word' id='word_1_296' title='bbox 986 803 1018 856; x_wconf 90' lang='lat' dir='ltr'><strong>ct</strong></span> <span class='ocrx_word' id='word_1_297' title='bbox 1035 796 1102 857; x_wconf 89' lang='lat' dir='ltr'><strong>aliis</strong></span> <span class='ocrx_word' id='word_1_298' title='bbox 1119 796 1258 876; x_wconf 77' lang='lat' dir='ltr'><strong>ejusdem</strong></span> <span class='ocrx_word' id='word_1_299' title='bbox 1275 800 1302 868; x_wconf 86' lang='lat' dir='ltr'><strong>in</strong></span> <span class='ocrx_word' id='word_1_300' title='bbox 1333 797 1414 857; x_wconf 84' lang='lat' dir='ltr'><strong>ltalia</strong></span> <span class='ocrx_word' id='word_1_301' title='bbox 1441 800 1535 874; x_wconf 86' lang='lat' dir='ltr'><strong>gestis</strong></span> <span class='ocrx_word' id='word_1_302' title='bbox 1546 841 1555 872; x_wconf 93' lang='lat'><strong>,</strong></span> 
     </span>
     <span class='ocr_line' id='line_1_57' title="bbox 830 888 1640 968; baseline -0.004 -15"><span class='ocrx_word' id='word_1_303' title='bbox 830 889 912 954; x_wconf 88' lang='lat' dir='ltr'><strong>etde</strong></span> <span class='ocrx_word' id='word_1_304' title='bbox 926 890 1009 950; x_wconf 92' lang='lat' dir='ltr'><strong>obitu</strong></span> <span class='ocrx_word' id='word_1_305' title='bbox 1024 888 1090 966; x_wconf 74' lang='lat' dir='ltr'><strong>eius</strong></span> <span class='ocrx_word' id='word_1_306' title='bbox 1107 906 1142 950; x_wconf 92' lang='lat' dir='ltr'><strong>ac</strong></span> <span class='ocrx_word' id='word_1_307' title='bbox 1159 889 1318 967; x_wconf 89' lang='lat' dir='ltr'><strong>sepulchro</strong></span> <span class='ocrx_word' id='word_1_308' title='bbox 1336 908 1388 968; x_wconf 87' lang='lat' dir='ltr'><strong>per</strong></span> <span class='ocrx_word' id='word_1_309' title='bbox 1409 890 1554 950; x_wconf 90' lang='lat' dir='ltr'><strong>Ottonem</strong></span> <span class='ocrx_word' id='word_1_310' title='bbox 1638 929 1640 936; x_wconf 70' lang='lat'><strong>,</strong></span> 
     </span>
     <span class='ocr_line' id='line_1_58' title="bbox 830 981 1556 1062; baseline -0.003 -18"><span class='ocrx_word' id='word_1_311' title='bbox 830 984 880 1044; x_wconf 91' lang='lat' dir='ltr'><strong>lll.</strong></span> <span class='ocrx_word' id='word_1_312' title='bbox 896 984 969 1062; x_wconf 93' lang='lat' dir='ltr'><strong>lmp.</strong></span> <span class='ocrx_word' id='word_1_313' title='bbox 987 983 1108 1042; x_wconf 86' lang='lat' dir='ltr'><strong>visitato</strong></span> <span class='ocrx_word' id='word_1_314' title='bbox 1122 982 1245 1042; x_wconf 80' lang='lat' dir='ltr'><strong>exhibet</strong></span> <span class='ocrx_word' id='word_1_315' title='bbox 1263 981 1400 1044; x_wconf 83' lang='lat' dir='ltr'><strong>Andreas</strong></span> <span class='ocrx_word' id='word_1_316' title='bbox 1418 983 1459 1044; x_wconf 94' lang='lat' dir='ltr'><strong>du</strong></span> <span class='ocrx_word' id='word_1_317' title='bbox 1478 983 1556 1044; x_wconf 88' lang='lat' dir='ltr'><strong>Che-</strong></span> 
     </span>
     <span class='ocr_line' id='line_1_59' title="bbox 830 1077 1555 1154; baseline -0.003 -16"><span class='ocrx_word' id='word_1_318' title='bbox 830 1095 884 1138; x_wconf 90' lang='lat' dir='ltr'><strong>sne</strong></span> <span class='ocrx_word' id='word_1_319' title='bbox 903 1083 974 1138; x_wconf 94' lang='lat' dir='ltr'><strong>tom.</strong></span> <span class='ocrx_word' id='word_1_320' title='bbox 993 1077 1012 1134; x_wconf 78' lang='grc'><strong>9</strong></span> <span class='ocrx_word' id='word_1_321' title='bbox 1031 1093 1131 1136; x_wconf 89' lang='lat' dir='ltr'><strong>rerum</strong></span> <span class='ocrx_word' id='word_1_322' title='bbox 1150 1078 1289 1136; x_wconf 86' lang='lat' dir='ltr'><strong>Francor.</strong></span> <span class='ocrx_word' id='word_1_323' title='bbox 1320 1093 1385 1154; x_wconf 87' lang='lat' dir='ltr'><strong>pag.</strong></span> <span class='ocrx_word' id='word_1_324' title='bbox 1411 1077 1555 1138; x_wconf 73' lang='lat' dir='ltr'><strong>iat-aas.</strong></span> 
     </span>
     <span class='ocr_line' id='line_1_60' title="bbox 829 1169 1557 1249; baseline -0.007 -17"><span class='ocrx_word' id='word_1_325' title='bbox 829 1179 921 1249; x_wconf 88' lang='lat' dir='ltr'><strong>atque</strong></span> <span class='ocrx_word' id='word_1_326' title='bbox 938 1170 994 1236; x_wconf 89' lang='lat' dir='ltr'><strong>alia</strong></span> <span class='ocrx_word' id='word_1_327' title='bbox 1014 1169 1182 1246; x_wconf 82' lang='lat' dir='ltr'><strong>Pragmenla</strong></span> <span class='ocrx_word' id='word_1_328' title='bbox 1199 1188 1236 1230; x_wconf 84' lang='lat' dir='ltr'><strong>er</strong></span> <span class='ocrx_word' id='word_1_329' title='bbox 1256 1169 1557 1247; x_wconf 88' lang='lat' dir='ltr'><strong>libroquarta,quin·</strong></span> 
     </span>
     <span class='ocr_line' id='line_1_61' title="bbox 829 1261 1554 1341; baseline -0.008 -17"><span class='ocrx_word' id='word_1_330' title='bbox 829 1270 870 1338; x_wconf 91' lang='lat' dir='ltr'><strong>to,</strong></span> <span class='ocrx_word' id='word_1_331' title='bbox 891 1272 978 1324; x_wconf 81' lang='lat' dir='ltr'><strong>serto</strong></span> <span class='ocrx_word' id='word_1_332' title='bbox 1000 1263 1038 1324; x_wconf 93' lang='lat' dir='ltr'><strong>ab</strong></span> <span class='ocrx_word' id='word_1_333' title='bbox 1056 1266 1112 1322; x_wconf 77' lang='lat' dir='ltr'><strong>An.</strong></span> <span class='ocrx_word' id='word_1_334' title='bbox 1132 1265 1200 1324; x_wconf 90' lang='grc'><strong>996.</strong></span> <span class='ocrx_word' id='word_1_335' title='bbox 1219 1262 1255 1324; x_wconf 88' lang='grc'><strong>66</strong></span> <span class='ocrx_word' id='word_1_336' title='bbox 1281 1263 1370 1324; x_wconf 71' lang='lat' dir='ltr'><strong>tuat.</strong></span> <span class='ocrx_word' id='word_1_337' title='bbox 1388 1279 1451 1341; x_wconf 89' lang='lat' dir='ltr'><strong>pag.</strong></span> <span class='ocrx_word' id='word_1_338' title='bbox 1484 1261 1554 1322; x_wconf 86' lang='grc'><strong>636.</strong></span> 
     </span>
     <span class='ocr_line' id='line_1_62' title="bbox 829 1356 1553 1435; baseline -0.003 -19"><span class='ocrx_word' id='word_1_339' title='bbox 829 1359 898 1417; x_wconf 81' lang='grc'><strong>663.</strong></span> <span class='ocrx_word' id='word_1_340' title='bbox 916 1357 1079 1435; x_wconf 85' lang='lat' dir='ltr'><strong>integriora</strong></span> <span class='ocrx_word' id='word_1_341' title='bbox 1097 1373 1167 1416; x_wconf 92' lang='lat' dir='ltr'><strong>cum</strong></span> <span class='ocrx_word' id='word_1_342' title='bbox 1193 1357 1457 1416; x_wconf 88' lang='lat' dir='ltr'><strong>emendationibus</strong></span> <span class='ocrx_word' id='word_1_343' title='bbox 1475 1356 1553 1415; x_wconf 89' lang='lat' dir='ltr'><strong>cele-</strong></span> 
     </span>
     <span class='ocr_line' id='line_1_63' title="bbox 829 1450 1555 1527; baseline -0.003 -17"><span class='ocrx_word' id='word_1_344' title='bbox 829 1451 950 1510; x_wconf 91' lang='lat' dir='ltr'><strong>berrimi</strong></span> <span class='ocrx_word' id='word_1_345' title='bbox 976 1451 1127 1510; x_wconf 84' lang='lat' dir='ltr'><strong>illurn-lorii</strong></span> <span class='ocrx_word' id='word_1_346' title='bbox 1160 1452 1189 1508; x_wconf 93' lang='lat' dir='ltr'><strong>in</strong></span> <span class='ocrx_word' id='word_1_347' title='bbox 1220 1457 1302 1508; x_wconf 93' lang='lat' dir='ltr'><strong>tomo</strong></span> <span class='ocrx_word' id='word_1_348' title='bbox 1328 1450 1347 1510; x_wconf 76' lang='grc'><strong>9</strong></span> <span class='ocrx_word' id='word_1_349' title='bbox 1373 1450 1555 1527; x_wconf 88' lang='lat' dir='ltr'><strong>scriptorum</strong></span> 
     </span>
     <span class='ocr_line' id='line_1_64' title="bbox 830 1543 1328 1622; baseline -0.004 -18"><span class='ocrx_word' id='word_1_350' title='bbox 830 1545 948 1618; x_wconf 89' lang='lat' dir='ltr'><strong>ltaliae,</strong></span> <span class='ocrx_word' id='word_1_351' title='bbox 968 1551 1053 1622; x_wconf 90' lang='lat' dir='ltr'><strong>parte</strong></span> <span class='ocrx_word' id='word_1_352' title='bbox 1072 1544 1098 1602; x_wconf 79' lang='grc'><strong>9.</strong></span> <span class='ocrx_word' id='word_1_353' title='bbox 1117 1562 1144 1622; x_wconf 92' lang='lat' dir='ltr'><strong>p.</strong></span> <span class='ocrx_word' id='word_1_354' title='bbox 1165 1543 1235 1603; x_wconf 82' lang='lat' dir='ltr'><strong>89l.</strong></span> <span class='ocrx_word' id='word_1_355' title='bbox 1323 1557 1328 1564; x_wconf 86' lang='lat'><em>·</em></span> 
     </span>
    </p>

    <p class='ocr_par' dir='ltr' id='par_1_16' title="bbox 827 1626 1603 4715">
     <span class='ocr_line' id='line_1_65' title="bbox 871 1626 1557 1714; baseline 0.003 -18"><span class='ocrx_word' id='word_1_356' title='bbox 871 1626 1116 1698; x_wconf 81' lang='lat' dir='ltr'><strong>NOl&#39;thhNUS</strong></span> <span class='ocrx_word' id='word_1_357' title='bbox 1138 1638 1299 1714; x_wconf 84' lang='lat' dir='ltr'><strong>Presbyter</strong></span> <span class='ocrx_word' id='word_1_358' title='bbox 1321 1639 1485 1710; x_wconf 86' lang='lat' dir='ltr'><strong>llomanus,</strong></span> <span class='ocrx_word' id='word_1_359' title='bbox 1504 1654 1557 1698; x_wconf 90' lang='lat' dir='ltr'><strong>au-</strong></span> 
     </span>
     <span class='ocr_line' id='line_1_66' title="bbox 830 1730 1557 1802; baseline -0.006 -10"><span class='ocrx_word' id='word_1_360' title='bbox 830 1739 895 1792; x_wconf 93' lang='lat' dir='ltr'><strong>ctor</strong></span> <span class='ocrx_word' id='word_1_361' title='bbox 915 1731 1091 1790; x_wconf 87' lang='lat' dir='ltr'><strong>schismatis</strong></span> <span class='ocrx_word' id='word_1_362' title='bbox 1111 1730 1260 1790; x_wconf 87' lang='lat' dir='ltr'><strong>adversus</strong></span> <span class='ocrx_word' id='word_1_363' title='bbox 1291 1732 1480 1802; x_wconf 89' lang='lat' dir='ltr'><strong>Cornelium,</strong></span> <span class='ocrx_word' id='word_1_364' title='bbox 1501 1731 1557 1788; x_wconf 83' lang='lat' dir='ltr'><strong>llo-</strong></span> 
     </span>
     <span class='ocr_line' id='line_1_67' title="bbox 834 1823 1557 1902; baseline -0.006 -17"><span class='ocrx_word' id='word_1_365' title='bbox 834 1841 959 1886; x_wconf 92' lang='lat' dir='ltr'><strong>manum</strong></span> <span class='ocrx_word' id='word_1_366' title='bbox 993 1825 1175 1902; x_wconf 82' lang='lat' dir='ltr'><strong>Episcopum</strong></span> <span class='ocrx_word' id='word_1_367' title='bbox 1203 1823 1291 1899; x_wconf 85' lang='lat' dir='ltr'><strong>cujus</strong></span> <span class='ocrx_word' id='word_1_368' title='bbox 1312 1823 1491 1885; x_wconf 81' lang='lat' dir='ltr'><strong>cathedram</strong></span> <span class='ocrx_word' id='word_1_369' title='bbox 1513 1825 1557 1881; x_wconf 91' lang='lat' dir='ltr'><strong>in-</strong></span> 
     </span>
     <span class='ocr_line' id='line_1_68' title="bbox 832 1915 1558 1990; baseline -0.007 -12"><span class='ocrx_word' id='word_1_370' title='bbox 832 1917 942 1990; x_wconf 85' lang='lat' dir='ltr'><strong>vadere</strong></span> <span class='ocrx_word' id='word_1_371' title='bbox 964 1933 1058 1978; x_wconf 90' lang='lat' dir='ltr'><strong>ausus</strong></span> <span class='ocrx_word' id='word_1_372' title='bbox 1080 1923 1127 1976; x_wconf 87' lang='lat' dir='ltr'><strong>est</strong></span> <span class='ocrx_word' id='word_1_373' title='bbox 1149 1918 1183 1976; x_wconf 87' lang='lat' dir='ltr'><strong>h.</strong></span> <span class='ocrx_word' id='word_1_374' title='bbox 1206 1919 1239 1977; x_wconf 90' lang='lat' dir='ltr'><strong>C.</strong></span> <span class='ocrx_word' id='word_1_375' title='bbox 1254 1917 1321 1977; x_wconf 75' lang='lat' dir='ltr'><strong>Ebl.</strong></span> <span class='ocrx_word' id='word_1_376' title='bbox 1344 1915 1398 1976; x_wconf 86' lang='lat' dir='ltr'><strong>llic</strong></span> <span class='ocrx_word' id='word_1_377' title='bbox 1415 1933 1485 1975; x_wconf 91' lang='lat' dir='ltr'><strong>cum</strong></span> <span class='ocrx_word' id='word_1_378' title='bbox 1502 1917 1558 1975; x_wconf 88' lang='lat' dir='ltr'><strong>Nn·</strong></span> 
     </span>
     <span class='ocr_line' id='line_1_69' title="bbox 832 2011 1557 2087; baseline -0.001 -19"><span class='ocrx_word' id='word_1_379' title='bbox 832 2019 903 2072; x_wconf 88' lang='lat' dir='ltr'><strong>veto</strong></span> <span class='ocrx_word' id='word_1_380' title='bbox 925 2012 1078 2072; x_wconf 86' lang='lat' dir='ltr'><strong>recusavit</strong></span> <span class='ocrx_word' id='word_1_381' title='bbox 1096 2017 1248 2087; x_wconf 87' lang='lat' dir='ltr'><strong>apostatas</strong></span> <span class='ocrx_word' id='word_1_382' title='bbox 1260 2012 1325 2070; x_wconf 90' lang='lat' dir='ltr'><strong>sive</strong></span> <span class='ocrx_word' id='word_1_383' title='bbox 1338 2011 1557 2087; x_wconf 81' lang='lat' dir='ltr'><strong>persecutionis</strong></span> 
     </span>
     <span class='ocr_line' id='line_1_70' title="bbox 832 2105 1557 2185; baseline -0.006 -19"><span class='ocrx_word' id='word_1_384' title='bbox 832 2115 967 2185; x_wconf 89' lang='lat' dir='ltr'><strong>tempora</strong></span> <span class='ocrx_word' id='word_1_385' title='bbox 985 2107 1084 2183; x_wconf 89' lang='lat' dir='ltr'><strong>lapsos</strong></span> <span class='ocrx_word' id='word_1_386' title='bbox 1101 2105 1267 2181; x_wconf 84' lang='lat' dir='ltr'><strong>quamlibet</strong></span> <span class='ocrx_word' id='word_1_387' title='bbox 1278 2106 1467 2182; x_wconf 89' lang='lat' dir='ltr'><strong>paenitentes</strong></span> <span class='ocrx_word' id='word_1_388' title='bbox 1482 2106 1557 2162; x_wconf 89' lang='lat' dir='ltr'><strong>reci·</strong></span> 
     </span>
     <span class='ocr_line' id='line_1_71' title="bbox 832 2198 1557 2279; baseline -0.004 -19"><span class='ocrx_word' id='word_1_389' title='bbox 832 2218 911 2279; x_wconf 89' lang='lat' dir='ltr'><strong>pere.</strong></span> <span class='ocrx_word' id='word_1_390' title='bbox 936 2201 1052 2277; x_wconf 88' lang='lat' dir='ltr'><strong>Scripta</strong></span> <span class='ocrx_word' id='word_1_391' title='bbox 1074 2198 1142 2277; x_wconf 84' lang='lat' dir='ltr'><strong>ejus</strong></span> <span class='ocrx_word' id='word_1_392' title='bbox 1159 2204 1297 2257; x_wconf 90' lang='lat' dir='ltr'><strong>recenset</strong></span> <span class='ocrx_word' id='word_1_393' title='bbox 1314 2199 1557 2273; x_wconf 81' lang='lat' dir='ltr'><strong>llieronymusc.</strong></span> 
     </span>
     <span class='ocr_line' id='line_1_72' title="bbox 832 2289 1557 2372; baseline -0.008 -16"><span class='ocrx_word' id='word_1_394' title='bbox 832 2295 881 2356; x_wconf 82' lang='lat'><strong>70.</strong></span> <span class='ocrx_word' id='word_1_395' title='bbox 899 2293 1097 2372; x_wconf 53' lang='lat' dir='ltr'><strong>Catalogi„ad</strong></span> <span class='ocrx_word' id='word_1_396' title='bbox 1115 2309 1206 2369; x_wconf 89' lang='lat' dir='ltr'><strong>quem</strong></span> <span class='ocrx_word' id='word_1_397' title='bbox 1227 2299 1326 2352; x_wconf 87' lang='lat' dir='ltr'><strong>rtotata</strong></span> <span class='ocrx_word' id='word_1_398' title='bbox 1345 2289 1470 2368; x_wconf 89' lang='lat' dir='ltr'><strong>pridem,</strong></span> <span class='ocrx_word' id='word_1_399' title='bbox 1490 2292 1557 2350; x_wconf 93' lang='lat' dir='ltr'><strong>nolo</strong></span> 
     </span>
     <span class='ocr_line' id='line_1_73' title="bbox 831 2384 1554 2466; baseline -0.008 -18"><span class='ocrx_word' id='word_1_400' title='bbox 831 2395 985 2466; x_wconf 89' lang='lat' dir='ltr'><strong>repetere:</strong></span> <span class='ocrx_word' id='word_1_401' title='bbox 1009 2393 1127 2446; x_wconf 90' lang='lat' dir='ltr'><strong>tantum</strong></span> <span class='ocrx_word' id='word_1_402' title='bbox 1155 2384 1231 2450; x_wconf 89' lang='lat' dir='ltr'><strong>addo</strong></span> <span class='ocrx_word' id='word_1_403' title='bbox 1261 2385 1369 2445; x_wconf 89' lang='lat' dir='ltr'><strong>librum</strong></span> <span class='ocrx_word' id='word_1_404' title='bbox 1395 2385 1554 2446; x_wconf 87' lang='lat' dir='ltr'><strong>Novatiani</strong></span> 
     </span>
     <span class='ocr_line' id='line_1_74' title="bbox 831 2477 1555 2556; baseline -0.01 -14"><span class='ocrx_word' id='word_1_405' title='bbox 831 2480 867 2542; x_wconf 89' lang='lat' dir='ltr'><strong>de</strong></span> <span class='ocrx_word' id='word_1_406' title='bbox 887 2483 918 2543; x_wconf 88' lang='lat' dir='ltr'><strong>S.</strong></span> <span class='ocrx_word' id='word_1_407' title='bbox 944 2479 1086 2540; x_wconf 78' lang='lat' dir='ltr'><strong>Prinimte</strong></span> <span class='ocrx_word' id='word_1_408' title='bbox 1105 2482 1183 2540; x_wconf 88' lang='lat' dir='ltr'><strong>inter</strong></span> <span class='ocrx_word' id='word_1_409' title='bbox 1203 2481 1313 2556; x_wconf 89' lang='lat' dir='ltr'><strong>scripta</strong></span> <span class='ocrx_word' id='word_1_410' title='bbox 1329 2477 1502 2538; x_wconf 84' lang='lat' dir='ltr'><strong>Tertulliani</strong></span> <span class='ocrx_word' id='word_1_411' title='bbox 1521 2493 1555 2536; x_wconf 96' lang='grc'><strong>66</strong></span> 
     </span>
     <span class='ocr_line' id='line_1_75' title="bbox 832 2571 1555 2653; baseline -0.011 -17"><span class='ocrx_word' id='word_1_412' title='bbox 832 2576 972 2653; x_wconf 84' lang='lat' dir='ltr'><strong>Cypriani</strong></span> <span class='ocrx_word' id='word_1_413' title='bbox 1002 2574 1192 2650; x_wconf 82' lang='lat' dir='ltr'><strong>frequentius</strong></span> <span class='ocrx_word' id='word_1_414' title='bbox 1220 2571 1397 2652; x_wconf 83' lang='lat' dir='ltr'><strong>vulgatum,</strong></span> <span class='ocrx_word' id='word_1_415' title='bbox 1419 2577 1555 2648; x_wconf 83' lang='lat' dir='ltr'><strong>senerata</strong></span> 
     </span>
     <span class='ocr_line' id='line_1_76' title="bbox 832 2665 1555 2742; baseline -0.007 -15"><span class='ocrx_word' id='word_1_416' title='bbox 832 2674 932 2728; x_wconf 86' lang='lat' dir='ltr'><strong>autem</strong></span> <span class='ocrx_word' id='word_1_417' title='bbox 955 2665 1085 2726; x_wconf 90' lang='lat' dir='ltr'><strong>editione</strong></span> <span class='ocrx_word' id='word_1_418' title='bbox 1117 2673 1260 2742; x_wconf 82' lang='lat' dir='ltr'><strong>tanquam</strong></span> <span class='ocrx_word' id='word_1_419' title='bbox 1284 2665 1443 2727; x_wconf 81' lang='lat' dir='ltr'><strong>Arianismi</strong></span> <span class='ocrx_word' id='word_1_420' title='bbox 1472 2669 1555 2741; x_wconf 87' lang='lat' dir='ltr'><strong>piae-</strong></span> 
     </span>
     <span class='ocr_line' id='line_1_77' title="bbox 832 2758 1556 2823; baseline -0.012 0"><span class='ocrx_word' id='word_1_421' title='bbox 832 2779 985 2823; x_wconf 88' lang='lat' dir='ltr'><strong>cursurem</strong></span> <span class='ocrx_word' id='word_1_422' title='bbox 1001 2759 1247 2820; x_wconf 91' lang='lat' dir='ltr'><strong>commendatum</strong></span> <span class='ocrx_word' id='word_1_423' title='bbox 1262 2760 1279 2817; x_wconf 81' lang='grc'><strong>6</strong></span> <span class='ocrx_word' id='word_1_424' title='bbox 1297 2758 1456 2818; x_wconf 89' lang='lat' dir='ltr'><strong>Wilhelmo</strong></span> <span class='ocrx_word' id='word_1_425' title='bbox 1473 2758 1556 2816; x_wconf 87' lang='lat' dir='ltr'><strong>Whi-</strong></span> 
     </span>
     <span class='ocr_line' id='line_1_78' title="bbox 831 2853 1556 2930; baseline -0.004 -15"><span class='ocrx_word' id='word_1_426' title='bbox 831 2864 919 2915; x_wconf 91' lang='lat' dir='ltr'><strong>stono</strong></span> <span class='ocrx_word' id='word_1_427' title='bbox 942 2853 1035 2916; x_wconf 83' lang='lat' dir='ltr'><strong>hond.</strong></span> <span class='ocrx_word' id='word_1_428' title='bbox 1057 2854 1145 2915; x_wconf 77' lang='lat' dir='ltr'><strong>tros.</strong></span> <span class='ocrx_word' id='word_1_429' title='bbox 1167 2855 1194 2912; x_wconf 93' lang='lat'><strong>8.</strong></span> <span class='ocrx_word' id='word_1_430' title='bbox 1217 2853 1254 2913; x_wconf 90' lang='lat' dir='ltr'><strong>ab</strong></span> <span class='ocrx_word' id='word_1_431' title='bbox 1275 2869 1311 2912; x_wconf 89' lang='grc' dir='ltr'><strong>6ο</strong></span> <span class='ocrx_word' id='word_1_432' title='bbox 1334 2858 1468 2930; x_wconf 88' lang='lat' dir='ltr'><strong>tempore</strong></span> <span class='ocrx_word' id='word_1_433' title='bbox 1490 2853 1556 2912; x_wconf 93' lang='lat' dir='ltr'><strong>illu·</strong></span> 
     </span>
     <span class='ocr_line' id='line_1_79' title="bbox 829 2944 1554 3024; baseline -0.01 -14"><span class='ocrx_word' id='word_1_434' title='bbox 829 2957 981 3024; x_wconf 87' lang='lat' dir='ltr'><strong>stratum,</strong></span> <span class='ocrx_word' id='word_1_435' title='bbox 1004 2949 1235 3023; x_wconf 80' lang='lat' dir='ltr'><strong>catholicaeque</strong></span> <span class='ocrx_word' id='word_1_436' title='bbox 1257 2948 1424 3006; x_wconf 87' lang='lat' dir='ltr'><strong>sententiae</strong></span> <span class='ocrx_word' id='word_1_437' title='bbox 1458 2944 1554 3004; x_wconf 91' lang='lat' dir='ltr'><strong>vindi-</strong></span> 
     </span>
     <span class='ocr_line' id='line_1_80' title="bbox 830 3039 1552 3104; baseline -0.008 0"><span class='ocrx_word' id='word_1_438' title='bbox 830 3049 932 3104; x_wconf 90' lang='lat' dir='ltr'><strong>catum</strong></span> <span class='ocrx_word' id='word_1_439' title='bbox 964 3059 1032 3102; x_wconf 89' lang='lat' dir='ltr'><strong>esse</strong></span> <span class='ocrx_word' id='word_1_440' title='bbox 1064 3059 1080 3101; x_wconf 90' lang='grc'><strong>6</strong></span> <span class='ocrx_word' id='word_1_441' title='bbox 1113 3040 1232 3101; x_wconf 84' lang='grc'><strong>666666</strong></span> <span class='ocrx_word' id='word_1_442' title='bbox 1270 3041 1357 3100; x_wconf 90' lang='lat' dir='ltr'><strong>novis</strong></span> <span class='ocrx_word' id='word_1_443' title='bbox 1387 3039 1552 3100; x_wconf 89' lang='lat' dir='ltr'><strong>editoribus</strong></span> 
     </span>
     <span class='ocr_line' id='line_1_81' title="bbox 830 3133 1553 3208; baseline -0.01 -10"><span class='ocrx_word' id='word_1_444' title='bbox 830 3135 990 3198; x_wconf 91' lang='lat' dir='ltr'><strong>Edmundo</strong></span> <span class='ocrx_word' id='word_1_445' title='bbox 1011 3135 1230 3196; x_wconf 88' lang='lat' dir='ltr'><strong>Welchmanrio</strong></span> <span class='ocrx_word' id='word_1_446' title='bbox 1248 3135 1276 3208; x_wconf 82' lang='lat' dir='ltr'><strong>b)</strong></span> <span class='ocrx_word' id='word_1_447' title='bbox 1301 3133 1393 3194; x_wconf 89' lang='lat' dir='ltr'><strong>Lond.</strong></span> <span class='ocrx_word' id='word_1_448' title='bbox 1416 3133 1502 3193; x_wconf 77' lang='lat' dir='ltr'><strong>titt.</strong></span> <span class='ocrx_word' id='word_1_449' title='bbox 1525 3133 1553 3192; x_wconf 89' lang='grc'><strong>8.</strong></span> 
     </span>
     <span class='ocr_line' id='line_1_82' title="bbox 829 3224 1554 3304; baseline -0.007 -14"><span class='ocrx_word' id='word_1_450' title='bbox 829 3232 900 3291; x_wconf 79' lang='lat' dir='ltr'><strong>eth</strong></span> <span class='ocrx_word' id='word_1_451' title='bbox 933 3231 1049 3289; x_wconf 89' lang='lat' dir='ltr'><strong>loanne</strong></span> <span class='ocrx_word' id='word_1_452' title='bbox 1080 3227 1219 3288; x_wconf 81' lang='lat' dir='ltr'><strong>laclrson.</strong></span> <span class='ocrx_word' id='word_1_453' title='bbox 1252 3228 1339 3288; x_wconf 77' lang='lat' dir='ltr'><strong>tras.</strong></span> <span class='ocrx_word' id='word_1_454' title='bbox 1363 3229 1390 3286; x_wconf 91' lang='lat'><strong>8.</strong></span> <span class='ocrx_word' id='word_1_455' title='bbox 1423 3224 1554 3304; x_wconf 80' lang='lat' dir='ltr'><strong>Epistola</strong></span> 
     </span>
     <span class='ocr_line' id='line_1_83' title="bbox 829 3319 1553 3399; baseline -0.01 -14"><span class='ocrx_word' id='word_1_456' title='bbox 829 3322 905 3385; x_wconf 86' lang='lat' dir='ltr'><strong>cleri</strong></span> <span class='ocrx_word' id='word_1_457' title='bbox 920 3321 1047 3384; x_wconf 83' lang='lat' dir='ltr'><strong>Romani</strong></span> <span class='ocrx_word' id='word_1_458' title='bbox 1067 3320 1181 3380; x_wconf 87' lang='lat' dir='ltr'><strong>nomine</strong></span> <span class='ocrx_word' id='word_1_459' title='bbox 1202 3319 1317 3399; x_wconf 76' lang='lat' dir='ltr'><strong>scripta</strong></span> <span class='ocrx_word' id='word_1_460' title='bbox 1334 3327 1404 3380; x_wconf 88' lang='lat' dir='ltr'><strong>ante</strong></span> <span class='ocrx_word' id='word_1_461' title='bbox 1422 3321 1553 3380; x_wconf 89' lang='lat' dir='ltr'><strong>schisma</strong></span> 
     </span>
     <span class='ocr_line' id='line_1_84' title="bbox 829 3414 1554 3496; baseline -0.008 -19.925"><span class='ocrx_word' id='word_1_462' title='bbox 829 3417 871 3478; x_wconf 82' lang='lat' dir='ltr'><strong>ad</strong></span> <span class='ocrx_word' id='word_1_463' title='bbox 890 3418 921 3479; x_wconf 88' lang='lat'><strong>8.</strong></span> <span class='ocrx_word' id='word_1_464' title='bbox 954 3415 1140 3496; x_wconf 77' lang='lat' dir='ltr'><strong>Cypriacam</strong></span> <span class='ocrx_word' id='word_1_465' title='bbox 1171 3417 1249 3473; x_wconf 89' lang='lat' dir='ltr'><strong>inter</strong></span> <span class='ocrx_word' id='word_1_466' title='bbox 1281 3414 1476 3491; x_wconf 82' lang='lat' dir='ltr'><strong>cyprianicas</strong></span> <span class='ocrx_word' id='word_1_467' title='bbox 1507 3419 1554 3471; x_wconf 90' lang='lat' dir='ltr'><strong>est</strong></span> 
     </span>
     <span class='ocr_line' id='line_1_85' title="bbox 830 3508 1603 3591; baseline -0.01 -20"><span class='ocrx_word' id='word_1_468' title='bbox 830 3513 983 3591; x_wconf 86' lang='lat' dir='ltr'><strong>trigesima</strong></span> <span class='ocrx_word' id='word_1_469' title='bbox 1004 3510 1067 3571; x_wconf 88' lang='lat' dir='ltr'><strong>odit</strong></span> <span class='ocrx_word' id='word_1_470' title='bbox 1111 3512 1207 3571; x_wconf 83' lang='lat' dir='ltr'><strong>Oxou.</strong></span> <span class='ocrx_word' id='word_1_471' title='bbox 1230 3515 1261 3566; x_wconf 90' lang='lat' dir='ltr'><strong>et</strong></span> <span class='ocrx_word' id='word_1_472' title='bbox 1284 3509 1437 3585; x_wconf 86' lang='lat' dir='ltr'><strong>trigesima</strong></span> <span class='ocrx_word' id='word_1_473' title='bbox 1458 3508 1553 3583; x_wconf 88' lang='lat' dir='ltr'><strong>prima</strong></span> <span class='ocrx_word' id='word_1_474' title='bbox 1600 3517 1603 3524; x_wconf 86' lang='grc'><strong><em>’</em></strong></span> 
     </span>
     <span class='ocr_line' id='line_1_86' title="bbox 829 3599 1551 3684; baseline -0.012 -18"><span class='ocrx_word' id='word_1_475' title='bbox 829 3604 908 3684; x_wconf 89' lang='lat' dir='ltr'><strong>apud</strong></span> <span class='ocrx_word' id='word_1_476' title='bbox 931 3604 1115 3678; x_wconf 88' lang='lat' dir='ltr'><strong>Pamelium,</strong></span> <span class='ocrx_word' id='word_1_477' title='bbox 1138 3603 1373 3678; x_wconf 84' lang='lat' dir='ltr'><strong>llaluziumque:</strong></span> <span class='ocrx_word' id='word_1_478' title='bbox 1397 3608 1488 3677; x_wconf 86' lang='lat' dir='ltr'><strong>atque</strong></span> <span class='ocrx_word' id='word_1_479' title='bbox 1505 3599 1551 3658; x_wconf 86' lang='lat' dir='ltr'><strong>hie</strong></span> 
     </span>
     <span class='ocr_line' id='line_1_87' title="bbox 829 3691 1555 3778; baseline -0.014 -18"><span class='ocrx_word' id='word_1_480' title='bbox 829 3702 893 3778; x_wconf 87' lang='lat' dir='ltr'><strong>lpse</strong></span> <span class='ocrx_word' id='word_1_481' title='bbox 916 3698 1037 3758; x_wconf 89' lang='lat' dir='ltr'><strong>videtur</strong></span> <span class='ocrx_word' id='word_1_482' title='bbox 1059 3695 1175 3758; x_wconf 84' lang='lat' dir='ltr'><strong>libellus</strong></span> <span class='ocrx_word' id='word_1_483' title='bbox 1197 3713 1286 3773; x_wconf 85' lang='lat' dir='ltr'><strong>quem</strong></span> <span class='ocrx_word' id='word_1_484' title='bbox 1309 3693 1344 3755; x_wconf 86' lang='lat' dir='ltr'><strong>de</strong></span> <span class='ocrx_word' id='word_1_485' title='bbox 1361 3691 1555 3771; x_wconf 76' lang='lat' dir='ltr'><strong>negatoribus</strong></span> 
     </span>
     <span class='ocr_line' id='line_1_88' title="bbox 828 3786 1551 3873; baseline -0.011 -19"><span class='ocrx_word' id='word_1_486' title='bbox 828 3791 1066 3873; x_wconf 50' lang='lat' dir='ltr'><strong>recipiendam</strong></span> <span class='ocrx_word' id='word_1_487' title='bbox 1099 3794 1261 3852; x_wconf 85' lang='lat' dir='ltr'><strong>Novattano</strong></span> <span class='ocrx_word' id='word_1_488' title='bbox 1296 3806 1366 3850; x_wconf 92' lang='lat' dir='ltr'><strong>cum</strong></span> <span class='ocrx_word' id='word_1_489' title='bbox 1390 3786 1488 3848; x_wconf 90' lang='lat' dir='ltr'><strong>adhuc</strong></span> <span class='ocrx_word' id='word_1_490' title='bbox 1523 3789 1551 3846; x_wconf 92' lang='lat' dir='ltr'><strong>in</strong></span> 
     </span>
     <span class='ocr_line' id='line_1_89' title="bbox 828 3883 1555 3964; baseline -0.014 -14"><span class='ocrx_word' id='word_1_491' title='bbox 828 3888 962 3950; x_wconf 85' lang='lat' dir='ltr'><strong>Ecclesia</strong></span> <span class='ocrx_word' id='word_1_492' title='bbox 994 3887 1118 3964; x_wconf 82' lang='lat' dir='ltr'><strong>degeret</strong></span> <span class='ocrx_word' id='word_1_493' title='bbox 1157 3887 1305 3962; x_wconf 87' lang='lat' dir='ltr'><strong>scriptum</strong></span> <span class='ocrx_word' id='word_1_494' title='bbox 1338 3883 1432 3942; x_wconf 89' lang='lat' dir='ltr'><strong>luisse</strong></span> <span class='ocrx_word' id='word_1_495' title='bbox 1464 3887 1555 3940; x_wconf 87' lang='lat' dir='ltr'><strong>lesta-</strong></span> 
     </span>
     <span class='ocr_line' id='line_1_90' title="bbox 828 3973 1595 4057; baseline -0.008 -16"><span class='ocrx_word' id='word_1_496' title='bbox 828 3991 878 4052; x_wconf 86' lang='lat' dir='ltr'><strong>tur</strong></span> <span class='ocrx_word' id='word_1_497' title='bbox 900 3983 1045 4042; x_wconf 89' lang='lat' dir='ltr'><strong>Pacianus</strong></span> <span class='ocrx_word' id='word_1_498' title='bbox 1065 3980 1199 4057; x_wconf 85' lang='lat' dir='ltr'><strong>Epistola</strong></span> <span class='ocrx_word' id='word_1_499' title='bbox 1223 3981 1252 4039; x_wconf 87' lang='grc'><strong>3.</strong></span> <span class='ocrx_word' id='word_1_500' title='bbox 1273 3977 1407 4054; x_wconf 89' lang='lat' dir='ltr'><strong>Epistola</strong></span> <span class='ocrx_word' id='word_1_501' title='bbox 1430 3974 1465 4036; x_wconf 85' lang='lat' dir='ltr'><strong>de</strong></span> <span class='ocrx_word' id='word_1_502' title='bbox 1480 3973 1555 4036; x_wconf 84' lang='lat' dir='ltr'><strong>cibis</strong></span> <span class='ocrx_word' id='word_1_503' title='bbox 1584 3991 1595 4018; x_wconf 87' lang='lat'><strong>·</strong></span> 
     </span>
     <span class='ocr_line' id='line_1_91' title="bbox 827 4068 1553 4152; baseline -0.006 -17"><span class='ocrx_word' id='word_1_504' title='bbox 827 4075 984 4149; x_wconf 73' lang='lat' dir='ltr'><strong>Iudaicis,</strong></span> <span class='ocrx_word' id='word_1_505' title='bbox 1005 4081 1035 4134; x_wconf 90' lang='lat' dir='ltr'><strong>et</strong></span> <span class='ocrx_word' id='word_1_506' title='bbox 1056 4076 1202 4152; x_wconf 92' lang='lat' dir='ltr'><strong>scriptum</strong></span> <span class='ocrx_word' id='word_1_507' title='bbox 1224 4071 1261 4133; x_wconf 84' lang='lat' dir='ltr'><strong>cle</strong></span> <span class='ocrx_word' id='word_1_508' title='bbox 1294 4088 1370 4134; x_wconf 85' lang='lat' dir='ltr'><strong>vero</strong></span> <span class='ocrx_word' id='word_1_509' title='bbox 1400 4068 1553 4131; x_wconf 70' lang='grc'><strong>66666666-</strong></span> 
     </span>
     <span class='ocr_line' id='line_1_92' title="bbox 828 4167 1554 4247; baseline -0.008 -17"><span class='ocrx_word' id='word_1_510' title='bbox 828 4170 928 4240; x_wconf 79' lang='lat' dir='ltr'><strong>aione,</strong></span> <span class='ocrx_word' id='word_1_511' title='bbox 953 4185 1031 4247; x_wconf 84' lang='lat' dir='ltr'><strong>quae</strong></span> <span class='ocrx_word' id='word_1_512' title='bbox 1064 4170 1143 4228; x_wconf 88' lang='lat' dir='ltr'><strong>inter</strong></span> <span class='ocrx_word' id='word_1_513' title='bbox 1178 4167 1207 4227; x_wconf 87' lang='lat' dir='ltr'><strong>S.</strong></span> <span class='ocrx_word' id='word_1_514' title='bbox 1241 4168 1412 4243; x_wconf 85' lang='lat' dir='ltr'><strong>Hieronymi</strong></span> <span class='ocrx_word' id='word_1_515' title='bbox 1443 4168 1554 4244; x_wconf 86' lang='lat' dir='ltr'><strong>scriptu</strong></span> 
     </span>
     <span class='ocr_line' id='line_1_93' title="bbox 828 4261 1556 4342; baseline -0.007 -19"><span class='ocrx_word' id='word_1_516' title='bbox 828 4267 949 4342; x_wconf 88' lang='lat' dir='ltr'><strong>saepius</strong></span> <span class='ocrx_word' id='word_1_517' title='bbox 970 4262 1127 4341; x_wconf 87' lang='lat' dir='ltr'><strong>prodiere,</strong></span> <span class='ocrx_word' id='word_1_518' title='bbox 1150 4264 1349 4324; x_wconf 85' lang='lat' dir='ltr'><strong>Novatianum</strong></span> <span class='ocrx_word' id='word_1_519' title='bbox 1374 4261 1482 4320; x_wconf 87' lang='lat' dir='ltr'><strong>habere</strong></span> <span class='ocrx_word' id='word_1_520' title='bbox 1504 4279 1556 4319; x_wconf 87' lang='lat' dir='ltr'><strong>au-</strong></span> 
     </span>
     <span class='ocr_line' id='line_1_94' title="bbox 828 4355 1554 4418; baseline -0.01 0"><span class='ocrx_word' id='word_1_521' title='bbox 828 4365 940 4418; x_wconf 90' lang='lat' dir='ltr'><strong>ctorem</strong></span> <span class='ocrx_word' id='word_1_522' title='bbox 964 4356 1119 4418; x_wconf 88' lang='lat' dir='ltr'><strong>videntur.</strong></span> <span class='ocrx_word' id='word_1_523' title='bbox 1143 4357 1252 4418; x_wconf 85' lang='lat' dir='ltr'><strong>Conier</strong></span> <span class='ocrx_word' id='word_1_524' title='bbox 1268 4355 1420 4416; x_wconf 91' lang='lat' dir='ltr'><strong>Oudinum</strong></span> <span class='ocrx_word' id='word_1_525' title='bbox 1439 4363 1510 4413; x_wconf 93' lang='lat' dir='ltr'><strong>tom.</strong></span> <span class='ocrx_word' id='word_1_526' title='bbox 1527 4355 1554 4412; x_wconf 88' lang='lat' dir='ltr'><strong>l.</strong></span> 
     </span>
     <span class='ocr_line' id='line_1_95' title="bbox 830 4448 1553 4530; baseline -0.01 -18"><span class='ocrx_word' id='word_1_527' title='bbox 830 4470 894 4530; x_wconf 86' lang='lat' dir='ltr'><strong>pag.</strong></span> <span class='ocrx_word' id='word_1_528' title='bbox 916 4453 986 4514; x_wconf 76' lang='lat'><strong>283.</strong></span> <span class='ocrx_word' id='word_1_529' title='bbox 1009 4452 1134 4512; x_wconf 89' lang='lat' dir='ltr'><strong>Caetera</strong></span> <span class='ocrx_word' id='word_1_530' title='bbox 1167 4467 1244 4529; x_wconf 90' lang='lat' dir='ltr'><strong>quae</strong></span> <span class='ocrx_word' id='word_1_531' title='bbox 1273 4449 1371 4510; x_wconf 91' lang='lat' dir='ltr'><strong>adhuc</strong></span> <span class='ocrx_word' id='word_1_532' title='bbox 1403 4448 1553 4508; x_wconf 88' lang='lat' dir='ltr'><strong>desidera-</strong></span> 
     </span>
     <span class='ocr_line' id='line_1_96' title="bbox 830 4547 1553 4622; baseline -0.014 -16"><span class='ocrx_word' id='word_1_533' title='bbox 830 4561 899 4606; x_wconf 90' lang='lat' dir='ltr'><strong>mus</strong></span> <span class='ocrx_word' id='word_1_534' title='bbox 920 4547 1052 4622; x_wconf 89' lang='lat' dir='ltr'><strong>scripta,</strong></span> <span class='ocrx_word' id='word_1_535' title='bbox 1074 4547 1254 4621; x_wconf 86' lang='lat' dir='ltr'><strong>llierouymo</strong></span> <span class='ocrx_word' id='word_1_536' title='bbox 1277 4549 1441 4604; x_wconf 82' lang='lat' dir='ltr'><strong>memorata</strong></span> <span class='ocrx_word' id='word_1_537' title='bbox 1460 4547 1553 4598; x_wconf 89' lang='lat' dir='ltr'><strong>sunt:</strong></span> 
     </span>
     <span class='ocr_line' id='line_1_97' title="bbox 829 4629 1551 4715; baseline -0.012 -17"><span class='ocrx_word' id='word_1_538' title='bbox 829 4639 865 4699; x_wconf 85' lang='lat' dir='ltr'><strong>de</strong></span> <span class='ocrx_word' id='word_1_539' title='bbox 888 4637 1004 4699; x_wconf 84' lang='lat' dir='ltr'><strong>Pascha</strong></span> <span class='ocrx_word' id='word_1_540' title='bbox 1029 4641 1057 4715; x_wconf 88' lang='lat' dir='ltr'><strong>c)</strong></span> <span class='ocrx_word' id='word_1_541' title='bbox 1070 4637 1114 4698; x_wconf 80' lang='lat' dir='ltr'><strong>&#39;de</strong></span> <span class='ocrx_word' id='word_1_542' title='bbox 1135 4635 1307 4710; x_wconf 82' lang='lat' dir='ltr'><strong>Sabbatha,</strong></span> <span class='ocrx_word' id='word_1_543' title='bbox 1327 4633 1363 4694; x_wconf 86' lang='lat' dir='ltr'><strong>de</strong></span> <span class='ocrx_word' id='word_1_544' title='bbox 1383 4629 1551 4704; x_wconf 70' lang='lat' dir='ltr'><strong>sacerrime</strong></span> 
     </span>
    </p>
   </div>
   <div class='ocr_carea' id='block_1_7' title="bbox 828 4845 1558 4986">
    <p class='ocr_par' dir='ltr' id='par_1_17' title="bbox 828 4845 1558 4986">
     <span class='ocr_line' id='line_1_98' title="bbox 874 4845 1558 4914; baseline -0.012 -12"><span class='ocrx_word' id='word_1_545' title='bbox 874 4852 899 4914; x_wconf 92' lang='lat' dir='ltr'><strong>c)</strong></span> <span class='ocrx_word' id='word_1_546' title='bbox 917 4855 953 4901; x_wconf 89' lang='lat' dir='ltr'><strong>lla</strong></span> <span class='ocrx_word' id='word_1_547' title='bbox 970 4858 1065 4902; x_wconf 82' lang='lat' dir='ltr'><strong>veteres</strong></span> <span class='ocrx_word' id='word_1_548' title='bbox 1082 4851 1194 4902; x_wconf 79' lang='lat' dir='ltr'><strong>Paschae</strong></span> <span class='ocrx_word' id='word_1_549' title='bbox 1211 4847 1379 4908; x_wconf 78' lang='lat' dir='ltr'><strong>Parrhn,prn</strong></span> <span class='ocrx_word' id='word_1_550' title='bbox 1392 4845 1492 4896; x_wconf 84' lang='lat' dir='ltr'><strong>Pascha</strong></span> <span class='ocrx_word' id='word_1_551' title='bbox 1508 4848 1558 4894; x_wconf 83' lang='lat' dir='ltr'><strong>Pa-</strong></span> 
     </span>
     <span class='ocr_line' id='line_1_99' title="bbox 828 4920 1557 4986; baseline -0.01 -8"><span class='ocrx_word' id='word_1_552' title='bbox 828 4929 933 4978; x_wconf 83' lang='lat' dir='ltr'><strong>schatls.</strong></span> <span class='ocrx_word' id='word_1_553' title='bbox 943 4927 1005 4976; x_wconf 81' lang='lat' dir='ltr'><strong>Pide</strong></span> <span class='ocrx_word' id='word_1_554' title='bbox 1013 4928 1144 4977; x_wconf 81' lang='lat' dir='ltr'><strong>ltalurlurn</strong></span> <span class='ocrx_word' id='word_1_555' title='bbox 1156 4925 1188 4974; x_wconf 89' lang='lat' dir='ltr'><strong>ad</strong></span> <span class='ocrx_word' id='word_1_556' title='bbox 1197 4927 1279 4986; x_wconf 79' lang='lat' dir='ltr'><strong>Epist.</strong></span> <span class='ocrx_word' id='word_1_557' title='bbox 1290 4921 1408 4983; x_wconf 66' lang='lat' dir='ltr'><strong>cypriant</strong></span> <span class='ocrx_word' id='word_1_558' title='bbox 1420 4923 1469 4972; x_wconf 76' lang='lat' dir='ltr'><strong>xx.</strong></span> <span class='ocrx_word' id='word_1_559' title='bbox 1480 4934 1496 4984; x_wconf 91' lang='lat' dir='ltr'><strong>p</strong></span> <span class='ocrx_word' id='word_1_560' title='bbox 1516 4920 1557 4972; x_wconf 74' lang='lat'><strong>72.</strong></span> 
     </span>
    </p>
   </div>
   <div class='ocr_carea' id='block_1_8' title="bbox 0 0 1788 5414">
    <p class='ocr_par' dir='ltr' id='par_1_18' title="bbox 0 0 1788 5414">
     <span class='ocr_line' id='line_1_100' title="bbox 0 0 1788 5414; baseline 0 3"><span class='ocrx_word' id='word_1_561' title='bbox 0 0 1788 5414; x_wconf 95' lang='lat' dir='ltr'><strong> </strong></span> 
     </span>
    </p>
   </div>
  </div>
 </body>
</html>
