3368 5362
22 100 63 185 Ζ

24 198 183 291 7020
296 204 370 307 ,.·33.

16 324 113 435 fta

251 410 484 473 nsvuauNno
501 414 632 485 smus
650 418 747 477 oum
765 414 942 483 vsnwrts
960 416 1010 475 ET
1028 414 1273 478 usuuffloms

586 514 713 575 tudun
730 514 947 575 utuntssluo

675 672 858 751 VIRO

282 848 676 953 JOANNI
733 850 1234 973 ALBERTL

441 1038 632 1101 Ecclesiastse
650 1042 837 1129 llarlemensl
855 1042 1090 1105 celebratissima

725 1236 754 1294 S.
773 1237 808 1294 B.

422 1347 496 1426 JO.
526 1350 801 1429 ALBERTUS
830 1353 1108 1433 FABRICIUS

87 1505 173 1615 Non
195 1557 368 1632 deseremini,
393 1560 447 1617 Vir
466 1561 606 1637 egregie,
626 1562 666 1621 ab
686 1562 787 1639 aliquo
804 1571 937 1637 tempore
958 1562 989 1619 in
1009 1582 1117 1640 magno
1140 1583 1207 1623 aere
1224 1568 1290 1622 Tuo
1304 1586 1352 1623 me
1373 1587 1443 1639 esse,

84 1651 137 1723 qui
159 1654 312 1727 superiore
333 1674 410 1712 anno
432 1656 563 1711 mactasti
583 1675 631 1712 me
651 1674 774 1712 munere
794 1668 824 1712 et
838 1655 1056 1727 jucundissimo
1077 1669 1105 1713 et
1125 1657 1339 1716 honestissimo.
1361 1664 1436 1717 Nam

84 1744 321 1805 honestissimum
342 1749 461 1823 quidem
483 1750 560 1806 duco
570 1749 639 1823 jure
653 1749 778 1817 merito,
791 1766 852 1823 quo
866 1747 986 1823 publice
1000 1749 1088 1805 edere
1104 1752 1173 1807 Tibi
1186 1753 1295 1826 placuit
1311 1764 1370 1809 tam
1393 1754 1441 1808 in-

86 1838 221 1912 signitam
244 1838 489 1916 significationem
510 1841 732 1898 benevolentiae
764 1840 793 1895 in
821 1858 868 1897 me
898 1842 999 1911 Tuae,
1020 1851 1107 1917 atque
1130 1845 1159 1899 in
1181 1862 1214 1900 ea
1236 1845 1319 1920 ipsa,
1341 1866 1439 1902 meum

85 1930 210 2006 jungere
232 1935 345 1990 Nomen
367 1935 489 1991 Nemini
509 1934 679 1991 Venerandi
700 1933 793 1990 nostri
814 1934 981 2003 WOLFII,
1003 1934 1086 2008 cujus
1105 1947 1138 1992 ut
1156 1937 1314 2007 virtutem,
1336 1941 1441 1994 merita

88 2025 118 2079 in
135 2025 293 2082 Ecclesiam
314 2036 342 2082 et
363 2027 474 2084 litteras
495 2026 596 2084 mirari
617 2045 651 2083 ac
667 2026 834 2102 suspicere,
854 2027 895 2082 ita
917 2046 1048 2083 amorem
1070 2046 1104 2085 ae
1124 2029 1360 2087 benevolentiam
1382 2033 1439 2087 ob-

81 2130 231 2175 servanter
252 2122 348 2176 colere
368 2140 520 2195 nunquam
541 2121 695 2192 desinam,
711 2121 807 2177 donec
827 2120 933 2178 vivam.
947 2121 1136 2197 Jucundiore
1146 2136 1242 2181 autern
1258 2126 1438 2195 donatione,

86 2224 153 2268 cum
174 2215 261 2270 arrha
281 2215 336 2270 bac
357 2215 451 2271 nobili
468 2196 625 2272 'amicitiae
657 2216 739 2271 Tuae
769 2213 903 2271 decorari
933 2232 1025 2289 ecqua
1046 2217 1103 2273 alia
1123 2217 1140 2271 ia
1161 2220 1202 2273 Te
1222 2219 1328 2292 potui,
1350 2238 1440 2293 quam

83 2325 158 2380 quae
178 2307 253 2363 sacri
274 2308 352 2364 Novi
373 2309 550 2365 Testamenti
573 2310 699 2378 tabulis,
721 2307 900 2385 Graecisque
919 2308 1025 2366 litteris
1046 2310 1225 2367 illustrandis
1243 2323 1300 2367 tam
1318 2314 1443 2369 feliciter

83 2399 101 2455 i
121 2403 163 2457 Te
183 2402 314 2476 impensa
335 2421 426 2476 opera
437 2444 446 2472 ‚
467 2422 527 2458 non
549 2413 644 2478 potest
665 2405 745 2460 ame
765 2403 877 2459 consuli
899 2402 963 2459 sine
982 2402 1102 2474 fructu,
1123 2422 1157 2459 ac
1177 2404 1240 2459 sine
1257 2424 1362 2480 magna
1384 2426 1439 2462 vo-

82 2488 222 2568 luptate?
240 2495 303 2570 Ego
325 2513 412 2566 sane,
442 2514 480 2553 ex
510 2515 570 2573 quo
602 2497 832 2555 Observationes
860 2498 938 2555 Tuas
972 2497 1169 2573 Philologicas
1190 2497 1220 2552 in
1244 2515 1342 2554 sacros
1365 2503 1443 2556 Novi

82 2586 222 2644 Foederis
244 2588 338 2645 libros
358 2590 472 2661 evolvi,
492 2602 522 2646 et
542 2603 657 2647 acutam
674 2588 779 2663 judicii
801 2589 860 2645 vim
878 2603 966 2665 atque
983 2590 1127 2647 eruditam
1148 2590 1321 2647 modestiam
1343 2595 1439 2649 Tuam

83 2700 152 2737 oum
178 2680 330 2757 ingeniosa
350 2682 505 2759 diligentia
535 2684 743 2757 conjunctam,
774 2682 885 2755 pariter
913 2702 978 2741 snm
999 2682 1305 2758 admiratus31taque
1328 2696 1358 2741 et
1378 2688 1435 2742 hoc

82 2794 193 2832 novum
213 2776 311 2834 Tuum
333 2777 461 2833 studium
483 2779 631 2854 glossariis
651 2780 741 2835 sacris
772 2773 788 2828 a
813 2775 856 2831 Te
884 2775 1048 2851 impensum
1071 2778 1157 2850 plane
1179 2778 1266 2833 video
1287 2796 1348 2833 esse
1370 2780 1434 2848 eju-

84 2868 199 2941 smodi,
220 2868 303 2944 quod
324 2889 472 2929 sacrarum
494 2875 731 2949 Graecarumque
749 2867 910 2927 litterarum
928 2868 1067 2925 studiosis
1080 2888 1140 2925 non
1158 2869 1342 2927 inficiandum
1362 2871 1436 2925 alla-

85 2973 185 3020 turum
206 2963 243 3018 sit
265 2964 439 3033 utilitatem,
461 2965 691 3040 effecturumque
708 2975 740 3020 ut
757 2964 850 3037 majus
866 2965 991 3018 alterum
1018 2981 1093 3036 opus
1124 2974 1152 3017 et
1182 2961 1333 3019 difficilius
1352 2964 1434 3036 quod

84 3057 123 3113 ab
140 3057 239 3132 aliquo
255 3057 368 3115 molirls
385 3069 537 3132 tempore,
562 3070 591 3116 et
613 3060 644 3114 io
667 3077 727 3132 quo
749 3057 811 3130 jam
834 3055 982 3125 desudas,
1000 3065 1081 3111 tauto
1095 3054 1232 3130 cupidius
1249 3054 1322 3112 isTe
1336 3073 1438 3110 omnes

83 3165 259 3226 exspectent.
272 3154 323 3208 Est
338 3153 414 3208 illud
430 3172 524 3223 nova,
539 3152 691 3209 emendata
703 3164 732 3207 et
744 3149 965 3225 diligentissime
976 3148 1121 3204 illustrata
1134 3148 1267 3224 glossarii
1281 3150 1441 3223 Hesychia-

83 3244 117 3301 ui
133 3244 250 3315 editio,
268 3245 298 3300 in
317 3265 377 3319 quo
392 3287 402 3313 ,
428 3248 565 3302 thesauro
595 3264 655 3303 non
672 3245 769 3313 libro,
785 3251 890 3299 aetam
913 3251 956 3297 est
972 3260 1047 3316 quac
1064 3260 1136 3316 opes
1153 3242 1293 3298 Graeciae
1307 3244 1437 3311 lateant,

85 3357 160 3413 quae
177 3340 227 3394 lux
244 3339 334 3395 sacris
352 3340 439 3395 etiam
461 3339 656 3414 scriptoribus
671 3338 749 3394 Novi
765 3335 942 3393 Testamenti
956 3345 985 3391 et
998 3337 1089 3390 LXX.
1106 3335 1321 3409 Interpretibus
1339 3335 1369 3390 in
1388 3336 1440 3391 illo

83 3430 231 3488 afferatur.
252 3434 317 3488 Hoc
337 3432 428 3508 igitur
448 3451 589 3509 magnum
608 3450 686 3507 opus
706 3444 735 3488 et
754 3429 877 3504 dignum
893 3424 1074 3507 ’sssops'sosos
1088 3426 1217 3488 russum
1232 3430 1439 3503 praeclaraque

86 3543 163 3600 quae
182 3523 286 3581 affecta
307 3524 397 3581 habes
417 3527 495 3595 alia,
517 3538 550 3583 ut
565 3525 716 3600 auspicato
747 3534 777 3581 st
806 3522 897 3581 asbus
918 3523 1000 3581 laetis
1019 3524 1153 3579 absoluta
1184 3522 1306 3589 videas,
1329 3533 1362 3576 ut
1384 3523 1435 3577 diu

84 3618 160 3673 bene
179 3636 283 3694 pergas
304 3618 341 3673 de
361 3618 449 3676 bonis
469 3618 573 3676 litteris
592 3616 778 3693 promereri,
798 3615 912 3689 dinque
932 3614 1068 3673 laudibus
1089 3616 1160 3684 Tuis
1184 3634 1321 3691 praesens
1348 3616 1440 3671 inter-

87 3712 145 3779 sis,
168 3711 207 3766 ita
228 3728 321 3766 voveo
343 3713 518 3782 exanimo,
539 3725 571 3767 ut
592 3713 634 3768 Te
655 3728 777 3785 rogem,
797 3708 872 3783 grati
904 3708 994 3764 animi
1028 3708 1087 3765 mei
1107 3708 1214 3785 pignus
1235 3711 1440 3783 qualecunque

83 3804 141 3858 boo
161 3803 306 3877 accipias,
329 3822 362 3861 ac
383 3824 440 3879 pro
461 3805 626 3881 gratissimo
649 3800 937 3876 luculentissimoque
956 3821 1078 3858 munere
1098 3804 1185 3873 Tuo,
1207 3802 1302 3859 tenuis
1328 3803 1439 3856 redho-

85 3892 212 3947 stisnenti
231 3893 296 3947 loco
318 3912 456 3967 praesens
476 3896 642 3965 Volumen,
662 3893 797 3968 proxima
818 3895 892 3951 mihi
912 3909 1012 3951 natum
1034 3896 1168 3966 foetura,
1189 3895 1310 3970 patiaris
1332 3895 1401 3948 Tibi
1423 3895 1439 3949 ai

85 4003 132 4040 me
152 3983 276 4054 offerri,
298 3985 453 4061 amorique
472 3990 539 4043 Tuo
560 4006 651 4063 porro
671 3986 780 4043 babere
799 4004 848 4051 aas
869 3988 1105 4045 commendatum
1127 4008 1187 4045 non
1210 3988 1336 4043 desinas.
1357 3987 1438 4042 Scri-

84 4079 131 4152 psi
148 4078 252 4134 Hamb.
274 4080 326 4137 v1.
347 4081 410 4136 Cal.
432 4082 561 4155 Aprilis,
577 4080 657 4136 Anni
679 4080 838 4139 Christiani
855 4101 902 4138 cro
925 4102 954 4138 ra
977 4100 1014 4138 co
1034 4102 1133 4139 xxxvi.

389 4403 476 4484 ’liba
495 4414 535 4484 ab
555 4414 686 4509 τέρμα,
702 4414 762 4500 rip
778 4409 883 4513 χάριν
901 4407 993 4487 δώσω
1016 4422 1134 4489 &Elii
