3654 5408
445 265 1225 519 uiuuiuuuuou

245 667 647 786 MEDIAE
726 663 856 780 ET
937 640 1390 778 INFIMAE

491 955 1147 1064 LATINITATIS

614 1275 1031 1325 w·-

238 1647 452 1748 LIBER
490 1649 636 1750 XVI·
841 1649 1043 1724 fragmentum
1056 1659 1114 1704 uon
1127 1644 1237 1721 legitur
1249 1643 1277 1702 in
1288 1645 1568 1718 continuatoribus3

841 1735 1569 1820 quamquameiusiupraelationememiueruut.*

883 1832 969 1894 liicco
1000 1830 1273 1905 POLENTONUS,
1295 1832 1479 1904 taurinus,
1501 1849 1570 1893 ver—

75 1867 120 1984 Ρ
121 1923 291 2000 otuinus
310 1920 443 1998 Saluius,
465 1921 628 1984 bollandus
643 1924 676 1984 Ρ.
693 1922 789 1983 Aune-
843 1934 934 2005 gente
950 1941 1011 1986 sec.
1026 1925 1103 1984 xiv.
1117 1929 1223 1998 natus3
1236 1939 1252 1982 a
1264 1924 1380 1984 Ioanne
1393 1925 1570 1986 Rauennate

76 2017 136 2076 dim
158 2032 268 2076 vocare
289 2016 421 2091 mavult,
439 2016 608 2094 Episcopus
624 2015 791 2077 octodure-
844 2022 998 2081 oommuni
1020 2026 1093 2078 tuuc
1115 2017 1217 2078 ltaliae
1239 2024 1457 2094 praeceptore,
1478 2018 1566 2078 bouis

75 2125 134 2170 uus
154 2107 255 2184 (bodie
275 2115 324 2169 est
343 2107 513 2188 Morb'puoc
544 2108 581 2169 ad
612 2108 788 2170 Rhodanum
846 2115 955 2175 litteris
978 2111 1164 2182 imbutus‚a
1182 2110 1270 2169 Petro
1283 2110 1512 2172 bartholomaeo
1528 2111 1573 2171 bi-

76 2205 103 2262 in
127 2203 280 2264 comitatu
302 2201 507 2264 Helvetiorum
531 2202 697 2274 Waliiaino)
715 2203 791 2261 vixit
845 2204 1165 2282 stortom‚acajetanc
1176 2203 1327 2264 Tbieuaeo
1340 2203 1570 2283 philosophiam,

75 2296 178 2356 oooolo
198 2295 233 2354 V·
253 2296 370 2356 amicos
390 2295 531 2356 Eucherii
557 2295 791 2374 Lugdunensis,
846 2318 863 2361 a
883 2299 987 2361 cando
1006 2295 1157 2359 deoanoo
1170 2296 1361 2374 astrologiam
1375 2297 1488 2358 didicit.
1504 2300 1572 2360 Fuit

77 2389 125 2449 cui
156 2386 349 2448 Lolcrcrdum
378 2387 550 2462 dedicavit,
581 2389 631 2465 qui
665 2388 792 2465 siugulis
846 2387 1161 2472 primum'lruperiaii
1196 2393 1377 2450 auctoritate
1413 2392 1572 2462 Notarius,

76 2479 613 2552 mensibusisststristisuorumst
627 2481 792 2542 Gentilium
847 2487 885 2548 ab
905 2503 931 2546 a.
955 2483 1044 2547 rico.
1065 2483 1272 2545 cancellarios
1295 2482 1378 2544 orbis
1400 2485 1572 2544 Patavinae.

77 2575 198 2636 induat
219 2577 338 2638 Partem
358 2573 445 2652 sius,
469 2591 605 2638 mensem
621 2576 793 2636 sciliceila·
847 2571 951 2654 Quum
966 2596 992 2639 a.
1016 2579 1104 2638 4443.
1127 2577 1303 2654 sepulcrum
1326 2578 1383 2636 Tur
1406 2578 1482 2638 bivii
1503 2584 1573 2653 ape-

28 2693 31 2700 *
75 2670 233 2740 ausuum,
254 2675 287 2728 et
306 2669 457 2747 Excerpia
477 2687 516 2730 ex
531 2669 611 2742 aliis,
624 2666 718 2728 edidit
728 2668 794 2728 Boi·
848 2676 978 2744 riretur‚
1001 2672 1026 2730 is
1046 2670 1181 2731 animum
1204 2676 1323 2748 gratum
1347 2671 1376 2730 in
1395 2675 1514 2731 tanturn
1533 2671 1574 2729 ei·

72 2761 180 2822 laudus
202 2764 232 2820 iu
253 2762 438 2840 praelatione
450 2764 580 2841 generali
600 2771 673 2822 tom.
694 2764 706 2823 4
727 2763 796 2821 Ja'n.
850 2783 919 2826 vem
942 2765 1018 2825 satis
1040 2779 1193 2849 superque
1215 2761 1366 2822 exhibuit.
1396 2761 1478 2823 Obiit
1507 2769 1575 2840 post

75 2855 375 2916 tl.Continuatnres
395 2861 498 2917 autem
530 2857 610 2920 illius
641 2857 795 2936 exemplar
850 2857 1034 2919 foecundum
1047 2856 1403 2918 matrimoniumailbi.
1428 2854 1574 2918 Brevissi-

74 2948 195 3026 plenum
216 2949 296 3008 noeti
317 2947 478 3009 ediderunt
499 2955 571 3009 tum.
594 2941 655 3010 Vll.
677 2951 747 3012 lun.
767 2967 793 3026 p.
851 2953 910 3012 mis
930 2950 1209 3028 haecexpouimus‚
1225 2950 1380 3010 Lectorem
1399 2947 1577 3026 ablegantes

75 3041 142 3101 478
162 3039 389 3102 VidoGavoum
406 3041 555 3121 pagbdi.
575 3035 796 3103 ilistliteraire
845 3044 892 3106 ud
913 3043 1065 3104 eruditam
1086 3041 1333 3104 dissertationem
1351 3041 1386 3104 V.
1408 3041 1442 3102 C.
1463 3042 1574 3103 lnEu
1613 3079 1615 3084 π

75 3133 112 3195 rie
131 3135 159 3196 ia
180 3136 295 3194 Franco
316 3141 388 3195 tom.
411 3137 448 3196 ll.
468 3153 497 3214 p.
515 3135 586 3198 894.
851 3137 1259 3215 bardiiiappii,Proiessoris
1281 3137 1362 3213 Lips.
1383 3151 1462 3213 quae
1480 3136 1575 3198 vitam

112 3227 129 3262 ³
150 3227 353 3289 Admonuisse
374 3227 424 3289 bio
438 3227 529 3307 juvat
551 3229 671 3290 Polemii
695 3229 797 3288 boter-
851 3231 1006 3292 Polentoui
1025 3233 1052 3290 a.
1071 3229 1159 3290 4733.
1175 3230 1296 3307 copiose
1328 3230 1404 3288 satis
1424 3230 1575 3307 exposuit.

76 3318 173 3380 mbos
188 3337 249 3381 uon
268 3322 310 3382 ita
326 3320 389 3382 dari
407 3337 424 3381 a
441 3322 703 3384 continuatoribus
728 3323 795 3382 uot-
848 3324 894 3385 ud
925 3325 1037 3400 scripta
1070 3320 1138 3397 eius
1159 3324 1316 3399 pergimus
1336 3319 1515 3381 enarranda.

76 3413 197 3474 bodio
227 3413 287 3475 Vll.
320 3416 399 3476 lunii
423 3433 451 3494 p.
475 3415 543 3476 478.
564 3423 598 3476 ut
620 3433 673 3494 per
696 3416 797 3475 omnia
892 3421 919 3479 4.
943 3413 1031 3476 Liber
1046 3419 1236 3476 statutorum
1251 3417 1278 3473 et
1300 3411 1398 3490 legum
1412 3412 1577 3490 municipa-

77 3507 256 3585 respoudeat
275 3511 464 3586 excerptisa
497 3509 639 3570 bollando
665 3509 797 3586 vulgatis
851 3510 924 3571 lium
944 3509 1020 3587 reip.
1043 3506 1208 3569 Patauinae
1228 3523 1318 3583 opera
1351 3505 1432 3564 illius
1456 3506 1577 3564 restitu-

78 3607 148 3659 tum.
166 3605 193 3662 4.
211 3618 277 3679 pag.
296 3599 345 3661 tc
361 3603 563 3682 praelationis.
583 3605 796 3679 Praeterquam
852 3613 903 3668 tus
921 3613 980 3664 est.

75 3695 154 3754 enim
172 3694 202 3755 iu
218 3694 430 3756 volumiooiiio
443 3697 523 3756 iunii
541 3701 658 3757 resecta
672 3702 720 3756 est
734 3703 796 3756 tota
891 3701 921 3762 8.
941 3697 1074 3780 Epistola
1094 3695 1137 3756 nd
1158 3692 1316 3757 Nicolaum
1339 3689 1486 3761 Ninnium,
1508 3688 1577 3750 Flo·

77 3785 125 3846 ilia
144 3788 290 3866 praelatio
309 3788 346 3849 ad
376 3785 563 3850 Eucherium
594 3791 797 3868 Episcopum,
845 3793 1023 3866 rosunum,
1045 3790 1081 3850 de
1103 3787 1271 3851 inventione
1288 3782 1422 3866 sepulcri
1436 3782 1557 3845 Liuiani
1568 3831 1576 3855 ,

77 3883 355 3961 qraeoomporario
372 3881 533 3958 boiiaud03
547 3883 691 3943 nonnulla
706 3883 798 3942 etiam
853 3887 933 3947 edita
955 3893 1041 3946 esta
1068 3886 1157 3946 Laur.
1192 3881 1330 3957 Pignorio
1351 3880 1381 3938 iu
1403 3875 1579 3956 Originibus

77 3971 163 4033 aliter
173 3974 244 4053 legit
256 3973 421 4037 bollandus
436 3991 472 4036 ac
485 3976 716 4038 continuatores
732 3977 799 4036 eius
853 3981 1006 4042 Patauinis
1026 3995 1053 4038 c.
1077 3976 1125 4036 47.
1145 3980 1178 4034 et
1198 3974 1313 4051 Kappio
1330 3990 1359 4050 p.
1378 3971 1427 4032 ta.

78 4065 221 4144 legeram
236 4069 337 4129 Unum
353 4069 524 4130 alterumue
540 4069 715 4147 exemplum
733 4085 801 4146 prn-
842 4133 844 4137 ,
894 4073 921 4131 3.
939 4070 1126 4148 Arpinueuiu
1142 4064 1258 4146 aliquot
1274 4065 1443 4126 uotioouu
1461 4061 1580 4124 Cicero-

79 4157 181 4220 leram.
201 4157 381 4222 bollandus:
413 4162 478 4222 Non
507 4159 583 4222 Julii
610 4159 822 4222 Auciiloruru
853 4165 921 4240 urs,
941 4163 1050 4230 iacebo
1071 4161 1109 4222 de
1131 4159 1284 4222 divarotis
1306 4175 1332 4220 a.
1352 4157 1441 4222 4448.
1460 4155 1580 4218 dedica-

80 4249 508 4334 seruoquoruuooubruor
522 4256 661 4318 instituto
676 4265 721 4316 est
739 4264 797 4316 oto.
853 4265 904 4332 ta,
926 4265 996 4336 post
1016 4258 1123 4317 Venet.
1149 4251 1237 4313 4477.
1260 4253 1310 4314 iol.
1340 4269 1412 4314 oum
1448 4251 1580 4312 Asconio

79 4344 329 4409 Continuatures:
351 4345 540 4409 Aueillorurn
566 4347 681 4429 fuine:
705 4357 736 4408 et
756 4352 799 4408 in·
854 4351 997 4414 Pediano.
1018 4350 1135 4428 Georgii
1158 4348 1351 4424 Trapezuntii
1373 4345 1499 4407 artificio
1532 4344 1581 4402 Ci-

81 4437 173 4498 ierius
185 4441 293 4502 ibidem
316 4443 424 4504 Somno
436 4442 549 4522 sopitus
568 4441 703 4521 volyrius
712 4459 800 4523 porse
853 4447 1032 4507 neronianae
1052 4443 1196 4505 orationis
1211 4455 1265 4518 pro
1283 4440 1317 4512 Q.
1333 4439 1456 4516 Ligario,
1470 4440 1502 4494 et
1519 4433 1581 4494 Au-

81 4533 523 4614 suprrurisootuuictorioaio.
546 4535 707 4598 liuliandus
723 4551 800 4596 rom·
854 4539 926 4599 ionii
950 4523 1061 4599 Luscbi
1084 4536 1278 4613 inquisitione
1300 4526 1577 4609 superilloratio·

82 4625 500 4710 aoropr'tmetcbrutorsocto
513 4630 643 4691 uictoria
658 4629 699 4690 sit
715 4633 802 4691 iusu-
856 4648 911 4692 nes
932 4632 1105 4705 Ciceronis,
1126 4627 1227 4697 edita,
1248 4632 1280 4686 et
1302 4621 1395 4700 bugd.
1418 4617 1507 4680 toti.
1529 4617 1580 4677 iol.

83 4721 800 4803 permonetuotiandospostuogustommonson
857 4724 994 4803 repetita.
1020 4722 1243 4783 Dedicationem
1265 4715 1301 4778 ad
1320 4715 1499 4776 Alvarutum
1529 4727 1582 4769 ex-

82 4809 184 4872 sabim
193 4816 654 4895 nuviauomtomporomoutus
665 4817 803 4877 breviarii
858 4819 942 4878 bibet
963 4815 1100 4894 Kappios
1123 4831 1188 4892 pag.
1211 4813 1259 4872 89.

84 4911 264 4980 postremum
284 4909 486 4991 fragmentum
505 4911 598 4974 relert
627 4913 803 4973 lincautom
901 4915 925 4970 t.
951 4911 992 4970 De
1013 4906 1183 4969 illustribus
1210 4897 1411 4981 scriptoribus
1446 4894 1581 4973 Linguae
