3630 5422
349 461 828 566 DIOMEDIS
887 456 1405 562 CARAFFAE

687 637 837 704 Comitis
862 629 1069 730 Magdaloni

864 778 895 834 el

395 905 611 980 Ferdinantli
631 911 657 978 I.
678 908 828 1006 Apuliae
846 910 951 1004 Regis
970 904 1017 977 ab
1037 906 1172 975 intimis
1193 899 1358 973 Consiliis

160 1065 235 1133 DE
269 1064 588 1134 REGENTIS
622 1065 692 1133 ET
726 1062 879 1134 BONI
918 1054 1252 1128 PRINCIPIS
1288 1052 1586 1122 OFFICIIS.

737 1195 1008 1230 nnn-w...-

467 1303 655 1368 satomoni
678 1299 872 1373 tetdonis
894 1297 1108 1361 essentitas
1130 1299 1290 1366 DUCISSA

303 1456 481 1540 magnifico,
500 1464 528 1521 et
542 1455 723 1539 amplissimo
739 1453 806 1516 viro
825 1450 956 1513 Diomedi
974 1452 1118 1533 Coroffoe
1135 1449 1242 1516 Comiti
1257 1447 1449 1530 magdalum,

624 1569 653 1626 et
669 1559 849 1626 consiliario
866 1567 979 1620 secreto
993 1561 1024 1620 8.
1037 1559 1072 1619 Ρ.
1091 1559 1124 1620 l).

592 1721 738 1800 teucros
779 1724 920 1775 sserrsrs
962 1711 1148 1791 cerninus).

169 1869 271 1996 Cum
289 1933 429 1994 omnibus
446 1930 598 1994 abundare
619 1938 650 1992 te
667 1946 787 2008 semper
799 1931 847 2007 ju·
902 1928 1056 1990 materiam
1078 1931 1279 2007 sumpsisses,
1300 1930 1329 1990 in
1352 1945 1410 2008 qua
1438 1935 1556 2008 practer
1577 1928 1621 1988 in·

132 2025 306 2100 dicaverim,
333 2025 496 2104 Magnifice,
526 2033 559 2084 et
587 2024 771 2103 amplissime
801 2023 848 2082 vir
901 2022 979 2099 genii
1001 2023 1044 2082 tui
1065 2039 1203 2094 aruntem
1225 2023 1467 2102 singularemque
1490 2021 1620 2101 pruden-

130 2117 377 2189 Diumede3tum
398 2118 540 2179 verohoc
563 2121 636 2178 inte
655 2117 847 2196 praecipuum
904 2116 974 2174 tiam
997 2117 1086 2176 etiam
1109 2132 1193 2191 usus,
1226 2117 1277 2194 qui
1311 2118 1452 2194 magister
1480 2115 1620 2194 egregius

131 2227 197 2273 esse
229 2214 355 2291 cognovi
389 2209 466 2292 quod
500 2214 661 2272 maximam
695 2208 787 2270 habes
819 2212 846 2268 in
903 2205 1004 2266 haberi
1023 2208 1108 2281 solet,
1120 2216 1149 2268 ts
1165 2209 1317 2270 doctorem
1333 2213 1479 2289 optimum
1495 2209 1620 2270 reddere

130 2321 232 2368 amore
260 2307 483 2367 constantiam:
515 2303 593 2383 quod
627 2302 747 2383 quidem
780 2303 849 2363 licet
903 2302 1071 2378 potuisset:
1090 2305 1265 2381 praesertim
1283 2320 1352 2364 cum
1371 2303 1448 2378 apud
1471 2302 1620 2383 gloriosis·

130 2399 286 2477 plurimis,
328 2399 625 2475 evidentissimisque
664 2397 850 2474 argumentis
904 2395 1014 2454 simum
1037 2402 1067 2455 et
1089 2398 1228 2456 maximis
1250 2397 1341 2458 rebus
1361 2400 1464 2477 gestis,
1489 2397 1618 2457 clarissi-

129 2507 274 2571 persaepe
302 2499 391 2552 antea
424 2495 650 2570 perpexissem3
682 2498 782 2550 tamen
814 2507 850 2549 eo
905 2505 986 2548 rnurn
1006 2498 1158 2566 parentem
1178 2507 1278 2552 mcum
1296 2493 1492 2552 exercitatum
1510 2497 1539 2548 te
1552 2503 1619 2548 esse

129 2586 238 2660 llbello,
259 2603 348 2664 quem
371 2585 408 2646 de
430 2586 533 2664 Regis,
555 2593 585 2644 et
607 2585 673 2644 boni
707 2585 850 2662 Principis
902 2589 933 2639 et
954 2589 987 2642 tu
1010 2584 1072 2659 ipso
1096 2583 1224 2656 fatearis,
1245 2591 1275 2644 et
1297 2601 1352 2662 ego
1374 2599 1431 2642 non
1463 2583 1617 2660 ignorem:

130 2681 226 2754 officio
248 2682 382 2758 proxime
404 2678 440 2740 ad
464 2697 511 2740 me
534 2680 650 2753 misisti,
674 2680 716 2738 sin
749 2680 847 2737 mein
902 2693 991 2754 quern
1014 2683 1045 2735 et
1066 2678 1332 2752 sapientissimum,
1359 2683 1391 2735 et
1412 2673 1533 2753 regendi
1564 2675 1620 2734 im-

129 2775 281 2834 sententia
303 2771 497 2844 confirmasti,
525 2773 661 2833 utnulla
693 2789 731 2831 ex
765 2779 848 2852 parte
903 2772 974 2848 perii
1005 2771 1121 2831 artibus
1154 2772 1422 2832 instructissimum
1454 2783 1522 2829 esse
1559 2781 1617 2827 non

131 2868 157 2928 id
182 2866 253 2928 mihi
287 2869 459 2942 obscurum,
492 2874 544 2929 aut
575 2867 747 2944 anibiguum
780 2881 848 2926 esse
903 2863 990 2925 modo
1011 2864 1102 2924 Italae
1123 2873 1229 2942 gentes
1250 2864 1436 2943 praedicant;
1458 2860 1510 2923 sed
1535 2867 1618 2922 tantu

131 2963 235 3042 possit.
256 2963 329 3023 Nam
351 2979 420 3022 curn
444 2963 472 3021 in
495 2962 588 3041 patria
612 2960 777 3040 juvenilem
799 2975 848 3019 ae·
901 2959 1076 3019 diversitate
1103 2966 1288 3020 caeterarum
1322 2960 1542 3036 provinciarum
1574 2954 1619 3015 di·

130 3064 223 3117 tatem
247 3073 343 3116 meam
365 3055 493 3131 erudIre,
515 3053 601 3115 etad
622 3055 766 3114 bonorum
786 3069 848 3113 mo·
901 3061 999 3115 screta
1020 3055 1154 3114 omnIum
1179 3051 1289 3130 judicia
1323 3052 1526 3111 consentiunt.
1560 3051 1619 3110 Nec

130 3169 196 3212 rum
219 3149 405 3228 disciplinam
430 3156 459 3208 te
481 3149 552 3208 mihi
574 3149 693 3224 ducem,
712 3147 848 3207 consilia·
902 3167 949 3210 me
971 3149 1090 3220 latebat,
1113 3155 1164 3210 aut
1186 3145 1264 3226 quod
1287 3145 1344 3208 diei
1367 3146 1453 3218 solet,
1470 3145 1616 3223 optimum

129 3252 242 3318 torem,
274 3251 304 3304 et
337 3251 482 3303 rectorem
515 3241 657 3322 praebere
691 3257 844 3319 nunquam
900 3261 1053 3324 quemquo
1085 3260 1157 3304 suae
1190 3243 1263 3302 urile
1295 3241 1533 3319 disputatorem:
1565 3244 1619 3300 aut
1647 3316 1652 3320 .

129 3339 300 3414 destiteris3
322 3353 403 3398 nunc
424 3337 593 3398 scribendis
609 3335 645 3396 ad
664 3353 711 3396 me
729 3351 846 3414 praece·
900 3341 1080 3401 Graecorum
1113 3337 1324 3416 proverbium:
1359 3335 1454 3407 Quam
1487 3336 1617 3412 quisque

130 3435 190 3512 ptis
210 3433 272 3494 tute
294 3432 378 3493 laede
408 3430 576 3506 declarasti,
611 3447 668 3489 non
705 3431 847 3507 temporis
903 3437 985 3497 novit
1018 3441 1133 3505 artem,
1167 3435 1194 3493 in
1220 3433 1274 3492 hac
1306 3447 1339 3490 se
1372 3436 1522 3490 exerceat.
1557 3428 1614 3490 Sed

130 3527 236 3606 spatio,
260 3541 317 3585 non
340 3526 472 3586 Iocorum
495 3524 652 3584 intervallo
673 3529 756 3585 tuam
778 3541 847 3602 erga
902 3531 1032 3609 proiecto
1059 3545 1128 3588 curn
1160 3527 1251 3588 libelli
1283 3527 1378 3604 ipsius
1407 3524 1615 3585 exceltentiam

132 3637 179 3682 me
201 3619 440 3680 benevolentiam
464 3618 522 3678 ullu
549 3633 587 3677 ex
620 3624 702 3696 parte
735 3617 849 3680 tabeta-
903 3639 1019 3685 mecum
1043 3624 1141 3683 animo
1158 3621 1352 3698 contemplor,
1369 3617 1439 3698 quid
1460 3621 1487 3678 In
1507 3635 1541 3678 eo
1560 3618 1618 3696 pri·

130 3720 254 3784 etatum,
275 3719 327 3773 aut
346 3714 533 3773 imminutam
552 3726 629 3770 esse.
647 3712 749 3789 Neque
766 3712 847 3770 enim
902 3735 984 3777 mum
1017 3715 1145 3790 laudem,
1178 3717 1298 3777 nescio:
1330 3716 1545 3781 inventionem,
1578 3727 1615 3771 an

130 3814 230 3888 potest
251 3807 322 3867 milri
345 3823 403 3866 non
426 3805 500 3865 sads
521 3812 675 3882 spectatus
697 3823 764 3864 esse
786 3806 847 3866 ani·
901 3809 1146 3887 dispositIonem,
1182 3827 1219 3870 an
1258 3807 1425 3886 explicandi
1461 3807 1617 3866 radonem.

132 3919 208 3974 mus,
231 3901 281 3979 qui
309 3907 393 3959 tanta
413 3915 495 3971 cura,
525 3906 668 3976 tantaque
700 3899 847 3960 industria
901 3905 973 3964 Nam
997 3904 1025 3960 in
1047 3903 1244 3981 excogitando
1266 3920 1401 3972 munere,
1434 3900 1512 3979 quod
1545 3899 1617 3960 milri

131 4011 184 4074 pro
209 4009 275 4054 mea
306 3993 459 4071 dignitate,
490 3992 677 4070 utilitateque
705 3991 846 4067 laborare,
901 3993 1125 4058 accomodatum
1148 4013 1200 4074 pro
1221 4005 1272 4057 tua
1303 4013 1373 4075 erga
1406 4013 1453 4056 me
1485 3993 1552 4070 tide,
1583 4009 1617 4054 uc

129 4096 161 4148 et
183 4087 336 4166 invigilare
359 4085 517 4147 studuerit.
547 4086 615 4162 Legi
639 4088 738 4161 itaque
755 4085 846 4144 tiben-
899 4091 1083 4168 benignitate
1101 4091 1246 4167 mitteres,
1262 4089 1451 4167 prudentiam
1467 4095 1549 4150 tuam
1564 4088 1618 4147 mi·

130 4183 249 4242 tlssime
270 4197 304 4242 ea
327 4181 364 4240 de
379 4196 486 4241 caussa
505 4178 637 4240 libellum
654 4181 750 4258 ipsum
766 4178 845 4257 quod
900 4185 980 4245 rissce
999 4199 1065 4245 sum
1088 4181 1253 4244 admirata:
1273 4200 1330 4243 non
1349 4183 1445 4244 solum
1462 4183 1534 4262 quia
1552 4183 1617 4254 iter,

129 4291 200 4336 curn
223 4290 281 4334 non
303 4273 399 4334 dicam
423 4270 627 4350 meoiudicio,
655 4271 751 4352 (quod
784 4274 847 4334 exi·
900 4276 1056 4355 quodjam
1079 4279 1190 4336 totiens
1217 4277 1398 4352 commetes,
1432 4276 1502 4338 mihi
1537 4291 1618 4338 nuuc

75 4399 82 4420 ·
130 4379 223 4448 guurn
245 4371 311 4443 est)
333 4366 385 4426 sed
416 4367 517 4444 inclyti
549 4363 684 4445 conjugis
716 4367 785 4438 mei,
815 4373 846 4426 et
900 4373 1029 4449 primum
1053 4369 1230 4449 ingredienti
1250 4371 1457 4433 demonstrare
1474 4369 1617 4432 voluisti:

130 4462 275 4534 omnium,
297 4461 347 4537 qui
369 4459 405 4519 de
421 4467 482 4520 tam
504 4458 605 4520 arduis
622 4461 746 4537 negotiis
769 4460 845 4520 terre
899 4464 951 4525 sed
968 4463 1045 4542 qnod
1064 4466 1231 4528 rectissime
1248 4473 1387 4544 gustasse
1403 4465 1522 4540 videris,
1537 4461 1616 4541 qnod

130 4557 312 4616 sententiam
332 4562 471 4633 possunt:
490 4555 629 4616 omnibus
648 4557 781 4616 uulneris
796 4556 846 4616 ab·
900 4560 1049 4637 privatum
1073 4558 1223 4619 hominem
1246 4559 1371 4620 doceat:
1392 4559 1429 4621 ab
1455 4576 1490 4616 eo
1522 4573 1617 4617 unum

131 4649 250 4709 solutus
280 4647 427 4721 videatur,
461 4650 487 4708 ei
522 4648 651 4710 multum
684 4647 762 4726 apud
798 4665 845 4708 me
899 4660 1017 4713 tantum
1041 4652 1191 4713 hominem
1214 4651 1619 4732 adjuvamqutrerocon·

131 4743 243 4822 gratiae
265 4759 348 4804 amor
370 4745 399 4802 in
418 4759 465 4802 me
483 4749 555 4804 tuus
571 4741 727 4820 adjieebat.
744 4744 845 4821 Neque
899 4744 1026 4808 sulendo
1046 4744 1298 4824 admonendoque
1319 4746 1430 4807 bonum
1453 4743 1616 4823 principem

130 4851 185 4914 ego
199 4851 272 4898 saue
286 4843 316 4897 te
332 4838 528 4917 arrogantiae,
544 4845 577 4899 ut
597 4837 742 4916 suspicari
764 4836 846 4898 vide·
898 4841 1057 4903 effecisset.
1080 4839 1160 4900 huno
1182 4856 1239 4900 nun
1262 4841 1386 4918 principi
1407 4838 1480 4914 soli,
1500 4836 1552 4900 sed
1587 4841 1618 4903 cl

130 4925 229 5010 baris,
259 4928 459 5021 condemnavi
488 4930 566 5014 quod
599 4947 665 4992 eoru
696 4929 844 4994 scrIbendi
899 4932 1029 5004 subditis
1050 4949 1108 4998 una
1138 4949 1228 5016 opera
1252 4949 1429 5026 magnopere
1464 4929 1618 5016 prodesse·
