3368 5362
161 335 277 412 pserit,
299 339 400 392 tamen
424 329 522 388 omnia
545 333 648 385 nostra
662 324 690 392 ai
708 326 882 385 dulcissimo

162 427 296 485 carmine
318 423 511 491 decantavit,
532 426 563 477 et
585 419 822 497 pulcherrimum
851 420 885 479 li-

165 519 254 579 brum
278 515 312 576 de
333 513 505 592 virginitate
536 512 727 573 adsererent
750 529 836 572 suam
858 513 886 586 b)

165 610 325 686 descripsit
338 652 354 681 „
367 617 397 667 et
415 607 506 667 alium
539 605 575 666 de
606 605 787 666 institutione
808 621 887 664 mor-

163 701 287 771 talium,
309 702 334 774 c)
356 716 491 778 proquo
513 706 546 758 tu
569 699 666 776 legisti
702 698 886 759 extortit-

160 795 262 866 NUlii;
283 793 312 864 di
335 791 387 852 sed
410 799 603 870 quantocyus
619 792 714 850 -iacito
736 798 824 852 tuum
839 806 887 850 es·

161 906 203 949 se.
226 885 430 947 ravantum
452 891 483 944 et
505 885 697 945 sentitiiiii
719 884 887 952 Oratorem,

159 983 351 1060 llymnnsque
384 977 671 1051 tuatosixiiOS,
705 980 789 1048 scio,
817 978 887 1053 quia

157 1075 218 1153 jam
236 1075 398 1133 memoriae
413 1071 643 1132 commendasti.
662 1071 789 1142 Quodsi
809 1070 887 1130 Seri-

159 1175 263 1247 ptores
284 1166 515 1226 Ecclesiasticos
534 1181 623 1225 nosse
641 1164 804 1235 desideras,
824 1164 887 1220 ina-

160 1262 190 1320 ni
209 1260 310 1320 labere
332 1259 482 1331 tabescis,
505 1273 574 1317 cum
608 1256 756 1334 hodieque
788 1261 819 1314 et
853 1272 885 1315 u-

160 1371 236 1433 sque
269 1354 298 1412 in
332 1352 422 1411 finem
456 1350 567 1410 saeculi
604 1367 662 1408 non
690 1350 810 1424 desint,
832 1350 883 1426 qui

159 1447 244 1509 utilia
266 1445 397 1505 scribere
420 1445 547 1522 possint.
568 1445 599 1503 Si
623 1451 724 1503 tamen
743 1444 884 1519 antiquos

158 1540 311 1602 tutiores
329 1555 419 1597 nosse
434 1537 587 1610 volueris,
608 1537 671 1615 lege
689 1536 797 1596 librum
817 1531 885 1593 beo-

161 1633 187 1692 ti
208 1629 422 1692 lllEliONYiill
442 1629 478 1691 de
492 1627 663 1690 illustribus
683 1628 761 1689 Viris
778 1631 795 1688 a
813 1627 886 1687 San-

159 1732 208 1785 cto
227 1726 315 1784 Petro
346 1740 444 1801 usque
476 1723 513 1783 ad
547 1740 580 1782 se
602 1724 721 1800 ipsum,
743 1730 774 1781 et
795 1722 886 1782 GEN-

161 1815 268 1880 Ndlill
305 1815 438 1876 Toletani
458 1815 602 1894 Episcopi
620 1817 646 1889 e)
669 1815 706 1874 eb
729 1814 887 1874 Ambrosio

160 1913 188 1987 l)
212 1928 309 1989 usque
331 1910 368 1972 ad
386 1909 518 1970 eundem
536 1907 738 1968 Gennadium.
756 1907 837 1979 Vale,
855 1913 887 1965 et

166 2004 328 2082 aliquando
349 2003 401 2063 tibi
424 2003 498 2062 satis
516 2004 556 2060 sit
570 2000 719 2060 exhausti.
738 1999 796 2060 Sed
814 1998 884 2075 quid

162 2097 215 2157 tibi
237 2097 413 2157 aviditatem
436 2103 520 2154 tuam
544 2095 680 2170 imputo,
701 2110 770 2152 cum
786 2109 885 2152 meam

163 2189 329 2250 socordiam
354 2190 417 2266 ipse
438 2183 653 2264 reprehendo?
673 2185 758 2245 blodo
775 2186 885 2258 DEUS,

164 2284 215 2360 qui
238 2276 337 2340 oninia
371 2280 421 2339 tibi
458 2286 637 2356 prosperat,
664 2277 885 2338 raosiiititiiit

163 2374 235 2435 mihi
258 2373 399 2452 perduxit
420 2371 457 2432 ad
481 2374 654 2437 memoriam
669 2416 675 2444 ,
688 2365 785 2447 'cujus
816 2372 887 2451 Epi-

160 2472 353 2546 grammata,
376 2467 445 2526 licet
466 2467 606 2541 invitus,
629 2465 723 2526 habes
745 2468 773 2524 in
797 2466 886 2526 corde

163 2559 325 2638 descripta.
346 2556 452 2619 Libros
474 2566 576 2619 autem
598 2558 665 2638 ejus
683 2557 718 2618 de
735 2559 798 2619 vita
814 2557 888 2618 ecti-

161 2670 202 2714 ve
223 2659 252 2713 ot
270 2650 499 2731 contemplativo
520 2655 621 2712 nescis
641 2653 760 2713 adhuc:
788 2668 887 2730 quos,

162 2749 189 2808 si
212 2747 375 2817 didiceris,
396 2753 427 2804 et
444 2746 656 2805 observaveris
678 2749 734 2822 (nt
763 2745 886 2805 tandem

162 2839 323 2919 aliqnando
344 2842 497 2917 aperiam,
519 2838 589 2916 quid
610 2836 723 2918 jugiter
744 2838 888 2899 Sacerdo-

161 2936 193 2992 tii
218 2935 339 2992 nomine
363 2931 549 3010 significem)
571 2933 753 3010 Episcopatu
774 2931 887 3008 dignis·
912 2971 913 2975 ,

162 3028 260 3086 simus
293 3027 364 3088 eris,
397 3024 502 3085 Eheu:
524 3023 576 3083 sed
601 3024 673 3083 mihi
707 3030 772 3084 tum
794 3039 886 3099 quam

132 3121 133 3125 ’
163 3118 293 3177 molliter
324 3133 392 3176 essa
419 3116 599 3193 quiescenti
624 3117 740 3176 lterum
763 3115 886 3175 iterum-

163 3229 223 3288 que
244 3210 353 3270 valeto.

415 3329 538 3390 CAPUT
560 3328 640 3389 viii.

196 3451 239 3510 lle
262 3447 351 3510 Libro
374 3450 544 3511 consensus
565 3449 850 3527 Eoonpelistorum,

218 3549 247 3603 et
263 3541 299 3602 de
315 3541 389 3603 Fide
408 3541 449 3601 od
466 3544 590 3601 Petrum
608 3544 640 3602 S.
657 3540 828 3618 ditquslini.

179 3678 331 3735 Lernaeae
343 3672 458 3753 paludi,
471 3670 603 3750 Hydrino
616 3674 720 3751 capiti,
733 3689 788 3733 seu
803 3679 885 3732 certe

160 3784 232 3844 rogo
253 3766 390 3843 flagranti
416 3773 445 3824 te
471 3767 733 3843 comparaverim,
754 3780 884 3841 quornm

164 3858 284 3937 singula
299 3858 378 3920 aliud
390 3903 396 3932 ,
409 3876 469 3936 quo
483 3859 619 3919 crebrius
632 3859 791 3919 obturatur
804 3904 810 3929 ,
823 3873 887 3917 sae-

162 3951 231 4026 pius
250 3953 391 4028 erumpit.
415 3951 504 4012 Aliud
523 3953 641 4012 succiso
661 3967 721 4011 nno
740 3950 822 4010 mille
838 3957 886 4008 ca·

152 4041 275 4117 pitibus
294 4038 486 4120 pullulascit,
505 4043 605 4118 aliud,
623 4061 682 4122 quo
700 4044 785 4122 plura
807 4043 886 4121 ligna

161 4136 337 4205 voraverit,
353 4136 486 4212 amplius
502 4136 635 4196 voranda
654 4135 825 4196 desiderat:
844 4136 888 4194 lta

164 4230 196 4286 et
214 4232 247 4284 tu
262 4268 269 4297 ,
287 4240 356 4283 cum
376 4227 404 4282 in
424 4241 483 4286 uno
501 4228 554 4288 tibi
572 4230 749 4289 satisfecero
762 4271 769 4295 ‚
784 4228 841 4288 alia
858 4232 890 4285 ei

163 4318 219 4378 alia
243 4332 320 4376 ncva
338 4323 369 4375 ct
388 4319 582 4395 impossibilia
606 4321 809 4382 debilissimae
826 4336 892 4381 cer-

205 4538 235 4600 a)
250 4538 462 4600 Heptateuchum.
484 4538 546 4589 vide
562 4544 686 4594 sirmondi
700 4547 780 4608 Opera
797 4552 857 4598 tom.
871 4547 897 4594 9.

228 4615 244 4650 e

157 4612 400 4746 ”mellisonum

780 215 1040 279 itti'iiisiti

940 328 996 385 vici
1013 324 1169 385 subeunda
1184 340 1241 382 nnn
1255 323 1469 397 exhorrescis,
1482 343 1539 385 non
1554 331 1640 396 times,

941 436 999 480 non
1021 419 1220 496 expavescis,
1243 434 1306 476 non
1328 419 1441 480 saitem
1465 422 1642 482 misericorde

941 519 1043 572 motus
1063 512 1177 571 desinis
1199 513 1365 589 imponere.
1394 513 1476 593 Apio
1496 533 1563 593 ergo
1582 516 1643 574 intir-

942 622 1008 666 mos
1029 605 1171 665 humeros
1192 608 1276 682 gravi
1300 608 1461 668 sarcinae:
1480 609 1518 687 pii
1535 611 1644 686 provise

942 701 984 759 ris
1005 700 1063 758 mei
1085 706 1154 771 est,
1173 698 1228 759 bac
1246 716 1295 758 me
1312 700 1569 779 quandocumque
1588 702 1644 760 reis

941 809 1024 854 vare.
1041 790 1125 863 Quod
1144 797 1245 852 temen
1262 794 1304 852 ita
1317 792 1439 854 dictum
1459 797 1578 854 noveris
1592 800 1644 854 ante

931 885 1066 961 -DEUlil,
1085 893 1118 946 ut
1135 886 1160 944 si
1177 901 1255 963 quae
1277 886 1352 945 mihi
1377 877 1514 948 fraterne
1535 886 1646 965 injunge

942 996 975 1039 re
988 1023 995 1052 ,
1010 986 1041 1038 et
1056 995 1114 1037 non
1131 979 1320 1056 imperatorie
1337 980 1479 1068 volueris
1497 983 1644 1058 imponere,

941 1070 1038 1150 quoad
1061 1071 1185 1145 vivam,
1203 1069 1239 1130 ad
1257 1070 1454 1132 voluntatem
1477 1078 1559 1133 tuam
1579 1075 1646 1149 cupio

940 1165 1186 1242 promptissimus
1207 1179 1285 1223 esse.
1307 1161 1511 1227 ordinatione
1534 1165 1591 1224 iiiii
1606 1167 1646 1240 (nt

933 1256 1048 1333 'credet
1064 1273 1123 1316 non
1143 1256 1274 1317 humana
1292 1257 1458 1318 voluntate
1477 1259 1584 1319 lactum
1596 1266 1646 1329 esi,

939 1350 1019 1429 quod
1038 1350 1128 1410 libros
1146 1350 1247 1410 Sancti
1263 1347 1474 1411 AUGUSTlNl
1485 1349 1647 1430 deSytnple

938 1444 991 1503 aab
1012 1443 1061 1521 g),
1081 1448 1114 1503 ut
1133 1445 1196 1520 ipse
1219 1441 1278 1501 illis
1299 1458 1412 1502 nomen
1438 1444 1599 1522 imposuit,
1612 1444 1647 1503 vel

938 1534 1115 1614 Anephonio
1136 1532 1426 1613 Evangelistorum,
1447 1545 1483 1599 ut
1504 1538 1648 1599 adversarii

939 1632 1095 1708 garriunt,
1112 1631 1399 1689 incommemoratos
1419 1630 1552 1709 reliqui,
1567 1637 1648 1710 quate

940 1741 999 1783 nus
1020 1723 1058 1782 de
1080 1722 1127 1782 bis
1150 1721 1236 1781 modo
1259 1722 1351 1782 latius
1374 1722 1496 1803 aliquid
1525 1727 1647 1787 instruere

941 1823 971 1875 te
992 1818 1179 1876 occasionem
1202 1817 1329 1892 capiam.
1361 1818 1484 1878 Primus
1512 1819 1604 1897 itaque
1620 1833 1647 1875 er

941 1910 986 1969 eis
1009 1925 1067 1967 non
1090 1907 1127 1967 de
1149 1908 1195 1967 sui
1225 1910 1374 1982 materia,
1405 1909 1460 1969 sed
1485 1910 1523 1971 de
1545 1925 1647 1989 sequen

942 2003 1025 2064 tibus
1057 2018 1166 2062 nomen
1189 2005 1326 2079 accepit;
1357 2003 1424 2082 ipse
1455 1999 1649 2081 enim‚quod·

942 2113 1065 2174 cunque
1087 2097 1113 2154 ei
1137 2093 1322 2155 vocabulum
1344 2096 1554 2174 imposueris,
1572 2095 1649 2155 omnia

944 2187 1181 2269 supergreditur.
1209 2186 1294 2258 Quod
1323 2190 1350 2248 si
1376 2191 1461 2250 enim
1491 2185 1648 2268 galeamvel

942 2283 1095 2342 thoracem
1110 2282 1224 2340 veteris
1241 2296 1277 2340 ac
1295 2282 1369 2340 novi
1386 2284 1580 2343 Testamenti
1593 2295 1649 2340 nm

941 2391 1052 2452 cupere
1079 2372 1233 2444 volueris,
1255 2372 1313 2434 boc
1344 2391 1461 2435 nomen
1488 2377 1544 2454 ipsi
1570 2375 1649 2434 uinus

941 2469 1082 2548 idoneum
1105 2468 1256 2545 reperies,
1276 2485 1349 2528 cnm
1373 2485 1448 2530 eum
1471 2477 1576 2530 eontra
1593 2468 1649 2528 lite

942 2563 1052 2624 reticos
1069 2567 1100 2620 et
1116 2577 1224 2621 omnes
1243 2560 1420 2623 idololatras
1434 2607 1441 2638 ,
1460 2558 1515 2624 sed
1534 2560 1648 2624 elisisti

943 2657 1051 2718 iratres
1085 2654 1227 2732 clypeum
1263 2670 1411 2730 aereum,
1444 2657 1545 2717 clavis
1573 2653 1649 2715 tumis

942 2754 1132 2826 compactum
1144 2793 1151 2824 ,
1162 2755 1193 2807 et
1202 2755 1328 2826 argento
1343 2751 1515 2826 purissimo
1528 2749 1649 2809 vestitum

943 2857 1032 2915 esse,
1054 2858 1108 2900 seu
1134 2843 1260 2902 nimium
1293 2843 1426 2919 ignitum
1459 2851 1565 2903 contra
1592 2841 1650 2918 ligna

942 2936 1043 3010 arida,
1058 2930 1179 2996 ioenurd
1194 2979 1201 3010 ,
1216 2935 1425 3012 stipulamque
1442 2935 1599 2996 didiceris:
1613 2929 1648 2989 vei

941 3031 1209 3090 armamentarium
1224 3027 1392 3089 omnimodi
1409 3029 1536 3105 generis
1546 3028 1649 3088 telomn

941 3121 1091 3183 adversus
1106 3121 1256 3181 humanae
1271 3121 1509 3200 spiritualisque
1524 3119 1650 3198 nequitiae

941 3220 1061 3274 coetum
1075 3261 1081 3289 ,
1095 3215 1191 3274 oculis
1208 3223 1239 3274 et
1256 3215 1473 3292 experimento
1489 3210 1652 3293 probaveris

941 3308 983 3367 De
1004 3306 1203 3383 sequentibus
1223 3312 1325 3367 autem
1355 3305 1431 3384 quid
1464 3303 1597 3386 loquar?
1613 3300 1650 3378 qui

942 3401 980 3458 ita
1004 3400 1142 3458 veritatis
1163 3400 1259 3477 ipsius
1286 3401 1405 3459 ratione
1435 3400 1562 3463 subnixi
1582 3400 1651 3460 suut,

940 3499 975 3551 ut
989 3493 1013 3550 si
1028 3508 1081 3552 eos
1096 3492 1258 3552 memoriae
1272 3488 1652 3566 commendaverimus

940 3585 999 3676 bus
1020 3601 1141 3662 semper
1157 3592 1188 3644 et
1207 3585 1317 3663 ubique
1339 3586 1507 3667 Evangelii
1527 3578 1652 3647 comedi

941 3678 1074 3738 ctoribus
1095 3679 1159 3755 ipse
1177 3677 1240 3755 jam
1259 3679 1357 3739 Filius
1373 3679 1543 3760 Evangelii
1559 3682 1652 3738 conve

942 3771 1042 3831 dicere
1053 3772 1172 3847 possis:
1194 3773 1223 3830 in
1246 3771 1359 3848 quibus
1373 3779 1406 3832 et
1426 3773 1545 3834 multas
1555 3774 1651 3831 sentes

942 3865 1000 3924 tias
1021 3879 1090 3924 cum
1114 3862 1308 3923 lucidissimis
1334 3864 1600 3943 explanationibus
1616 3875 1651 3938 pe

941 3958 1015 4017 sitas
1030 3958 1175 4016 invenies.
1188 3957 1244 4016 Est
1255 3959 1346 4018 etiam
1360 3958 1443 4020 alius
1455 3954 1648 4036 liberejusdeu

942 4048 1148 4110 AUGUSTlNl
1163 4047 1198 4110 de
1219 4048 1293 4110 Fide
1309 4050 1339 4126 lii
1358 4050 1402 4112 od
1420 4052 1550 4113 Petrum
1570 4049 1639 4109 tirio

943 4159 1015 4202 oum
1031 4144 1070 4203 ita
1085 4141 1250 4221 dispositus
1264 4189 1270 4216 ,
1284 4149 1318 4203 ut
1331 4145 1356 4203 si
1369 4162 1443 4205 eum
1460 4145 1648 4205 firmiteroeti·

944 4234 1161 4313 prehenderis,
1178 4236 1325 4297 invictum
1345 4245 1376 4297 te
1394 4238 1550 4299 adversus
1566 4243 1644 4296 ornati

946 4327 1106 4400 haereses,
1122 4344 1198 4405 quae
1215 4327 1365 4389 hactenus
1377 4338 1507 4391 exortae
1521 4378 1528 4406 ,
1542 4328 1585 4387 vel
1598 4327 1643 4403 pisi

991 4551 1020 4609 e)
1032 4549 1165 4611 intracap.
1182 4552 1223 4597 iti.

989 4623 1008 4681 l)
1026 4623 1149 4673 Gennadii
1162 4621 1226 4671 liber
1239 4635 1290 4672 non
1302 4624 1334 4673 ab
1347 4626 1482 4677 Ambrosio
1495 4626 1538 4677 sed
1551 4624 1564 4673 i
1577 4616 1640 4672 iiiiii

940 4697 1059 4747 nisibeno
1071 4688 1171 4758 incipit.
1184 4701 1218 4746 tte
1227 4699 1360 4748 Ambrosio
1371 4703 1539 4763 hieronymus
1548 4711 1594 4760 cap.
1605 4687 1638 4739 iii.

206 4775 230 4818 c,
243 4761 281 4809 si.
291 4762 447 4811 moralium.
460 4766 512 4814 iioc
525 4765 590 4812 Aviti
602 4765 699 4825 potina,
711 4774 835 4829 quantum
848 4778 898 4814 me·
989 4771 1016 4834 g)
1032 4772 1100 4822 tibri
1114 4775 1153 4821 rii.
1165 4770 1195 4821 de
1209 4783 1335 4821 consensu
1353 4774 1576 4837 evangelistarum.

165 4838 228 4886 mini
242 4872 249 4892 ,
263 4834 339 4885 hodie
355 4849 408 4886 non
422 4845 513 4888 exstat.

206 4906 231 4965 d)
242 4911 359 4959 Carmina
369 4913 473 4960 Catonis
489 4914 519 4962 de
530 4912 638 4962 tieribus

992 4846 1158 4907 insinuaturi
1174 4848 1324 4909 iiuppensis.
