3368 5362
630 204 982 269 MARCELLUS
1509 208 1547 270 tt

94 312 368 377 ldhllCEleNUS
390 310 551 395 Presbyter
573 314 778 376 luciferianus
831 313 936 374 eodem
959 312 1119 374 Ordericus
1138 312 1242 373 Vitalis
1260 312 1423 390 Epistulam
1436 312 1549 376 444444·

57 412 133 471 circa
148 426 198 469 an.
214 407 284 470 384.
295 407 335 469 de
349 424 409 486 quo
426 424 518 486 supra
533 409 563 466 in
579 405 776 469 FAUSTlNO.
827 405 913 484 {lictu
933 404 1060 466 Simonis
1085 406 1168 466 Petri
1188 411 1219 466 et
1235 404 1367 468 Simonis
1385 406 1470 486 ltopt
1487 410 1549 470 4444

95 503 328 565 444Βῦ844448
341 502 509 581 Episcopus
524 500 682 564 Africanus
699 505 777 562 inter
831 501 978 578 integram
999 499 1142 560 describit
1163 499 1212 560 lib.
1231 500 1261 561 2.
1283 502 1357 561 llist.
1380 501 1495 562 4444444.
1519 519 1548 580 p.

55 615 106 658 eos
123 614 256 675 quorum
274 599 398 657 nomine
414 597 446 657 8.
468 597 640 674 Cyprianus
656 596 777 673 scripsit
831 594 898 654 392.
918 610 981 672 seq.
1000 594 1039 671 (in
1057 593 1253 673 scriptoribus
1267 595 1476 655 hormanni'cis
1489 596 1551 656 An-

55 692 223 770 Epistolam
237 692 266 749 in
283 688 356 751 edit.
371 690 519 750 Pamel.et
534 691 635 752 Baluz.
648 690 776 751 LXlllll.
830 687 919 748 dreae
934 686 976 748 du
994 688 1122 763 Chesne)
1139 686 1258 748 laudato
1275 695 1380 749 autore
1396 689 1549 763 Marcello,

55 788 163 863 (04444.
183 785 312 859 LXllll.)
831 784 899 858 (non
918 783 1010 856 Lino,
1033 789 1065 841 ut
1086 782 1215 841 affirmat
1236 783 1284 841 vir
1304 781 1412 843 doctus
1428 784 1459 842 in
1476 782 1551 845 diss.

95 882 129 941 8.
159 875 391 940 etaemus
413 878 434 937 l.
463 878 617 938 Romanus
641 878 719 955 Papa
739 875 777 938 ab
831 874 868 934 de
890 875 1028 935 Patribus
1041 875 1223 952 Apostolicis
1238 892 1302 955 pag.
1321 877 1379 950 55.)
1397 875 1460 937 Sub
1474 878 1551 939 blar-

54 993 104 1036 an.
123 973 185 1033 308
203 980 236 1032 44
250 973 364 1048 llartyr
377 973 498 1031 Januar.
517 986 565 1030 an.
578 970 610 1030 34
618 968 646 1029 0.
662 969 700 1030 de
717 987 777 1048 quo
831 969 897 1028 celli
913 970 1033 1029 nomine
1051 968 1129 1029 idem
1151 971 1297 1047 scriptum
1319 973 1470 1048 integrum
1492 973 1552 1049 pii-

55 1070 131 1128 4444
149 1067 288 1127 Sanctor.
307 1072 369 1122 tom
398 1065 426 1124 2.
444 1064 578 1123 tannarii
597 1064 643 1124 46.
659 1080 724 1142 pag.
748 1065 776 1123 3.
831 1078 900 1122 mus
915 1060 1010 1122 edidit
1021 1069 1053 1122 et
1071 1063 1149 1122 notis
1168 1063 1329 1124 illustravit
1346 1064 1549 1127 Florentlnlus

55 1179 121 1238 seq.
140 1159 191 1219 uhi
213 1165 246 1218 et
266 1173 389 1217 carmen
408 1158 437 1216 iu
467 1157 534 1233 ejus
563 1155 682 1218 laudem
705 1159 777 1217 scri-
830 1153 868 1214 ad
889 1156 1077 1234 martyrolog.
1108 1157 1373 1234 hieronymianum
1395 1173 1461 1236 pag.
1481 1160 1549 1221 4443.

54 1263 143 1332 ptum
160 1253 179 1311 'a
196 1253 230 1313 8.
247 1253 387 1320 Damaso,
403 1250 518 1312 editum
538 1253 667 1329 primum
684 1268 702 1312 a
723 1254 778 1311 Ba·
832 1252 900 1312 444.
912 1251 1125 1328 Fragmentum
1143 1251 1222 1310 illius
1240 1250 1377 1330 vulgavit
1393 1268 1431 1311 ex
1448 1252 1552 1313 codice

55 1349 140 1407 conio
156 1345 196 1405 ad
212 1361 261 1404 an.
279 1344 347 1404 349.
356 1360 385 1402 4.
405 1343 432 1403 7.
449 1350 542 1421 atque
556 1342 638 1404 Acto-
649 1346 680 1407 8.
695 1346 778 1406 Mor·
833 1346 1026 1405 lateranensi
1051 1346 1161 1405 Paulus
1178 1345 1352 1424 hringhus‚
1370 1347 1480 1407 Rornae
1501 1364 1552 1409 su·

54 1439 137 1514 celii,
168 1445 295 1500 auctore
321 1439 500 1516 anonymo,
521 1438 640 1516 aliaque
661 1456 725 1519 pag.
749 1441 776 1499 9.
831 1437 1008 1499 hterraneae
1036 1439 1086 1499 lib.
1106 1439 1135 1498 8.
1161 1456 1225 1518 cop.
1248 1438 1278 1500 5.
1304 1457 1388 1500 num.
1410 1440 1439 1500 9.
1461 1446 1553 1501 etex

55 1535 138 1594 libris
154 1532 276 1593 duobus
303 1539 425 1592 auctore
453 1529 636 1606 UllSlONE,
661 1533 777 1594 Abbats
831 1533 1050 1594 Flaviniacensi
1065 1533 1167 1594 codice
1182 1533 1254 1593 Lud.
1271 1533 1402 1594 lacobus
1419 1536 1437 1594 a
1454 1534 1486 1594 S.
1496 1535 1553 1595 Ca·

57 1626 282 1693 hltimontensi.
300 1626 343 1685 De
359 1622 476 1684 moreio
492 1625 573 1703 apud
597 1626 775 1688 Gratianum
832 1627 894 1688 rolo
915 1626 952 1686 ad
974 1627 1087 1686 calcem
1108 1626 1182 1686 bibl.
1203 1627 1375 1688 Pontificiae
1395 1642 1461 1706 pag.
1484 1625 1554 1687 487.
1640 1630 1642 1641 “

56 1723 156 1782 Causa
169 1722 240 1782 XX.
259 1725 380 1796 quaest.
403 1723 429 1780 4.
447 1735 513 1797 cap.
532 1721 580 1781 ld.
597 1737 657 1799 quo
675 1723 778 1800 pueris
832 1723 987 1798 lntegrum
1010 1736 1131 1797 quoque
1152 1719 1267 1796 pridem
1290 1719 1427 1780 ediderat
1453 1719 1554 1780 Frida·

57 1817 161 1892 minori
179 1821 282 1875 aetate
300 1813 408 1897 oblatis
422 1816 605 1874 monasterio
617 1861 624 1888 ,
636 1813 673 1874 ad
692 1831 779 1876 secu·
831 1815 913 1876 ricus
935 1815 1050 1874 Nausea
1073 1814 1102 1873 iu
1125 1811 1316 1873 Passionibus
1337 1812 1550 1891 Apostolorum

58 1905 778 1987 lumregrediendipotestasannoaetatisdeclmo
833 1906 1333 1970 sedsubnomlnel'illlllLETllAE
1345 1905 1552 1968 EUSEBlANl

62 2004 159 2081 quinto
176 2000 378 2077 conceditur,
396 2000 466 2061 vide
484 2002 607 2061 Petrum
629 2001 778 2063 Constant
833 2006 934 2068 Colon.
953 2006 1009 2067 An.
1033 2004 1105 2064 4534
1134 2004 1160 2062 4.
1182 2002 1348 2080 Epistolam
1367 2000 1496 2063 Marcelli
1513 1999 1551 2063 ad

60 2098 88 2155 in
101 2096 251 2176 Epistolis
268 2094 447 2175 Pontificum
461 2111 529 2180 pag.
548 2095 607 2155 344
624 2111 689 2174 seq.
704 2096 779 2175 Epi·
833 2101 961 2161 Nereum
984 2104 1015 2158 et
1038 2096 1205 2158 Achilleum
1224 2103 1295 2156 ante
1313 2093 1385 2157 lud.
1407 2094 1552 2155 iacobum

57 2188 216 2249 4444444444
235 2187 394 2268 Episcopus
410 2204 469 2268 per
485 2187 698 2250 Antiochenam
705 2207 778 2269 pro
832 2208 849 2253 4
871 2192 900 2252 S.
924 2189 1028 2252 Carula
1047 2191 1185 2269 vulgavit
1202 2192 1382 2250 Laurentius
1396 2188 1504 2250 surius
1514 2184 1552 2248 ad

55 2285 187 2345 44444444
208 2286 384 2344 constitutos
400 2289 431 2342 44
448 2283 575 2343 alteram
593 2282 636 2344 od
650 2287 778 2345 444444-
832 2287 912 2347 diem
935 2286 983 2347 lt.
1004 2284 1091 2365 lllaji,
1110 2283 1190 2344 unde
1211 2289 1315 2362 postea
1334 2284 1443 2360 legitur
1463 2286 1556 2343 etiam

56 2378 129 2439 44444
142 2377 270 2439 exhibet
286 2385 318 2437 et
347 2376 487 2437 falsitatis
514 2378 668 2437 convincit
690 2379 777 2439 lilon·
833 2382 862 2440 ln
883 2381 969 2441 Actis
990 2380 1125 2440 8444444.
1148 2386 1221 2437 tom.
1241 2379 1270 2437 3.
1288 2376 1357 2454 llaji
1377 2378 1423 2438 ta.
1444 2393 1510 2456 pag.
1526 2377 1557 2438 9.

55 2469 670 2550 44114444444444-44444444.393444.
832 2492 897 2554 seq.
921 2478 950 2533 in
973 2473 1060 2533 Actis
1080 2473 1133 2533 88.
1154 2473 1240 2534 Nerei
1262 2478 1294 2531 44
1323 2471 1458 2531 Achillei.
1481 2472 1558 2550 Sup-

93 2564 327 2628 lidllCELLUS
352 2565 388 2624 ll.
406 2565 589 2639 Politianus,
606 2569 781 2644 cognomine
837 2570 942 2647 positis
962 2567 1136 2628 adscribent
1154 2567 1328 2643 quicunque
1346 2570 1461 2625 attente
1479 2564 1558 2643 lege·

56 2661 230 2730 Cervinus,
253 2657 685 2736 remansissemus.
703 2658 739 2720 44
755 2665 782 2722 4.
840 2663 899 2721 rint
918 2661 1062 2722 universi.
1081 2657 1156 2719 Vide
1170 2659 1336 2718 iohannem
1356 2656 1488 2731 llessels,
1506 2658 1559 2716 44

56 2752 120 2832 ltaji
131 2751 395 2830 dequooonsules
407 2752 531 2813 Paulum
542 2752 781 2815 colomesiumin
838 2756 1014 2814 vaniensem
1031 2752 1184 2813 doctorem
1203 2752 1233 2812 in
1250 2768 1380 2814 censura
1397 2750 1435 2811 de
1448 2748 1558 2828 quihu-

58 2846 139 2906 ltalia
155 2844 302 2905 044444444
320 2862 384 2923 pag.
408 2845 455 2905 77.
476 2861 539 2924 seq.
837 2846 921 2909 edam
940 2854 1114 2908 sanctorum
1128 2846 1260 2907 historiis
1271 2863 1335 2926 cap.
1355 2848 1383 2908 6.
1401 2843 1558 2907 444444444-

95 2939 328 3001 MARCELCUS
362 2938 614 3017 Burdegalensis‚
646 2939 779 3002 lledicus
836 2944 1010 3002 niumtom.
1033 2940 1315 3018 auctmentum
1339 2958 1405 3020 pag.
1429 2937 1558 3000 444444-

60 3030 255 3112 44444ρῆ444,
271 3030 427 3092 Theodosii
446 3032 542 3109 ldagni
557 3031 724 3109 archiater,
738 3033 776 3095 de
836 3036 1011 3096 lemontium
1035 3042 1106 3095 tom.
1130 3039 1157 3096 4.
1181 3052 1307 3095 memor.
1330 3033 1410 3094 llist.
1440 3032 1556 3094 Eccles.

58 3127 238 3188 cuiuslibro
254 3124 551 3201 lledioamentorum,
568 3129 695 3204 eiusque
714 3126 778 3187 edi·
836 3145 903 3206 pag.
927 3129 993 3188 i98.
1016 3129 1136 3188 44784.
1170 3144 1234 3205 seq.
1267 3127 1358 3186 Cerh.
1388 3126 1557 3188 iohannem

60 3221 189 3280 tionibus
203 3219 264 3279 dini
281 3222 310 3277 in
326 3218 506 3279 Bibliotheca
520 3220 734 3281 4444444442.
749 3221 778 3281 3.
837 3225 975 3283 vossium
998 3221 1036 3281 de
1065 3221 1214 3282 historicis
1245 3222 1346 3282 latinis
1367 3223 1416 3283 lib.
1440 3222 1468 3283 3.
1490 3238 1556 3301 pag.

96 3313 330 3374 sanctitutis
346 3328 437 3390 quem
452 3313 550 3373 liores
567 3312 708 3391 praelecti
728 3314 780 3374 Ur·
833 3317 901 3376 735.
941 3318 974 3376 D.
1010 3316 1153 3392 lingum,
1185 3315 1348 3394 appendice
1382 3314 1420 3375 de
1456 3315 1559 3375 haere-

62 3405 106 3466 bis
126 3407 159 3465 F.
178 3411 211 3466 44
231 3422 270 3466 ex
292 3405 423 3466 Simonis
444 3408 517 3484 llagi
539 3406 655 3467 assecla
681 3410 709 3479 a)
737 3405 781 3465 di·
823 3409 946 3478 ¹siarch.
975 3426 1041 3487 pag.
1064 3409 1090 3465 8.
1114 3423 1177 3485 seq.
1200 3415 1231 3466 et
1258 3408 1331 3467 diss.
1354 3407 1391 3469 de
1422 3407 1558 3487 patribus

63 3501 210 3579 scipulum
229 3500 259 3561 S.
275 3501 355 3560 Petri
370 3501 503 3578 Apostoli
522 3499 695 3575 venditant,
708 3502 781 3560 scri-
834 3504 1013 3583 Apostolicis
1035 3519 1099 3580 pag.
1119 3503 1166 3561 55.
1187 3517 1241 3578 seq
1266 3501 1316 3560 ubi
1335 3504 1425 3561 etiam
1445 3518 1559 3561 memo-

63 3600 127 3672 4444
145 3595 375 3656 commentitius
406 3596 558 3655 variorum
576 3595 722 3656 Actor-um
743 3593 781 3654 de
837 3606 882 3660 rat
893 3598 1100 3677 supposititias
1112 3594 1304 3656 EUTYClllS
1318 3594 1510 3656 viclottlhl
1524 3599 1557 3653 et

66 3687 172 3764 quihus
202 3687 379 3767 sigebertus
403 3703 469 3765 cap.
491 3689 518 3748 4.
540 3694 629 3748 etex
650 3705 686 3748 eo
706 3689 783 3748 4444-
837 3693 954 3753 lthlS
984 3691 1020 3751 ad
1054 3689 1228 3750 Marcellum
1264 3688 1388 3762 literas,
1419 3703 1498 3765 quae
1528 3689 1559 3746 in

67 3781 182 3844 44444444
194 3799 261 3861 cap.
279 3783 307 3841 4.
325 3784 435 3844 4444444
453 3781 544 3861 hujus
560 3783 688 3844 Marcelli
701 3781 781 3859 apud
838 3787 921 3847 Actis
935 3786 1048 3846 h'EllEl
1066 3790 1097 3842 et
1114 3781 1292 3843 hClllLLEl
1310 3780 1502 3851 exhibentur,
1519 3779 1558 3841 de

70 3875 178 3937 Pseudo
210 3875 337 3937 bbdiam
370 3876 420 3936 lib.
442 3879 469 3938 4.
502 3893 566 3955 cap.
595 3877 647 3938 ult.
670 3878 720 3952 qui
742 3894 781 3936 ex
838 3880 949 3958 quibus
971 3877 1191 3956 papebrochius
1212 3883 1285 3935 tom.
1307 3876 1336 3934 7.
1359 3876 1426 3936 Act.
1444 3874 1510 3953 llaji
1529 3876 1559 3935 in

71 3965 127 4042 ejus
143 3970 228 4030 betis
244 3971 334 4028 etiam
354 3970 495 4031 nonnulla
514 3973 623 4048 repetit
640 3965 782 4049 ἀυτολεξέι
811 3958 813 3962 ὗ
837 3972 984 4032 addendis
1005 3971 1041 4030 ad
1066 3971 1112 4030 illa
1134 3977 1200 4030 acta
1217 3990 1223 4029 :
1239 3969 1473 4048 liirrpuotetium
1489 3968 1561 4050 Epi-

75 4057 208 4119 lihellum
229 4056 267 4118 de
294 4057 431 4137 miricis
457 4057 575 4120 4444444
595 4061 628 4120 Β.
651 4060 740 4120 Petri
755 4066 785 4121 ct
837 4065 928 4126 stolus
949 4064 990 4124 nd
1010 4065 1100 4124 istum
1122 4065 1313 4141 (Marcellum)
1335 4067 1356 4123 ὰ
1377 4064 1496 4126 8444444
1516 4082 1560 4126 coo

78 4147 162 4225 Pauli,
179 4156 211 4213 ⁶⁸
224 4151 261 4213 ‘10
277 4151 403 4231 maiivii
419 4151 538 4213 artibus·
563 4153 784 4232 8444Μί44491
837 4159 937 4221 insuia
957 4158 1060 4219 Pontio
1081 4164 1110 4218 44
1122 4155 1162 4216 ab
1180 4157 1232 4218 hoc
1253 4157 1295 4217 od
1315 4157 1380 4218 ilios
1407 4157 1496 4219 dotas
1523 4157 1560 4219 de

79 4241 106 4299 td
125 4245 168 4306 SS
199 4245 330 4306 Nereum
351 4254 382 4306 et
413 4246 601 4320 bcliilleum,
625 4264 678 4326 pru
699 4247 784 4311 Chrl-
837 4253 966 4315 Simonis
984 4252 1346 4332 liupietl'eteirlpostoli
1361 4252 1558 4329 connectione,

81 4342 116 4395 sto
135 4341 162 4400 in
184 4342 329 4401 Pontiano
345 4342 445 4403 lnsula
465 4341 622 4420 relegatos,
639 4342 784 4402 recuden-
840 4349 1024 4426 argumentis
1039 4364 1081 4408 em
1096 4348 1257 4428 Hegesippi
1265 4347 1348 4426 opud
1357 4347 1482 4408 Surium
1492 4345 1560 4426 fra·

83 4426 139 4493 dum
158 4435 262 4498 curavl
285 4437 316 4495 in
344 4443 429 4521 parta
450 4437 536 4495 tertia
567 4437 687 4496 Codicis
707 4440 784 4526 Apo
837 4448 952 4522 umento
974 4441 1155 4521 (4444444444,
1177 4459 1254 4521 pisos
1278 4439 1433 4519 Epistulas
1453 4439 1559 4500 merito

87 4528 172 4606 tryphi
189 4532 263 4592 hovi
279 4532 465 4591 Testamenti
487 4548 552 4610 pag.
574 4529 634 4592 632
651 4532 719 4592 653.
736 4532 784 4592 Ex
840 4536 991 4619 explodes,

880 4633 1002 4709 Reliqua
1024 4633 1179 4710 Sigohertu
1202 4637 1365 4690 memorata
1381 4635 1463 4701 sunt,
1480 4642 1558 4703 quan

840 4730 938 4786 omnia
962 4729 990 4784 44
1012 4726 1115 4785 eadem
1137 4724 1174 4785 ad
1192 4727 1321 4785 hereum
1339 4730 1370 4781 et
1388 4719 1556 4780 Achilleum

89 4842 145 4901 4444
157 4848 211 4898 inde
222 4846 386 4911 4444444444,
399 4854 424 4896 et
440 4847 640 4912 scenologiam
651 4851 791 4898 sommum
841 4821 973 4897 Epistola
992 4819 1152 4895 leguntur:
1170 4818 1216 4877 De
1232 4815 1313 4875 obitos
1329 4817 1359 4875 S.
1379 4809 1558 4874 Petroniiloc

88 4911 193 4973 'Mlti‘
848 4912 997 4991 Virgiliis,
1018 4914 1106 4973 Filiae
1127 4916 1158 4973 B.
1180 4911 1257 4972 Petri
1277 4906 1425 4986 Apostoli:
1447 4908 1556 4971 Confer

116 4768 138 4827 4)
150 4773 183 4823 lta
200 4773 298 4822 Pseudo
314 4773 409 4832 tinus,
425 4776 451 4819 et
465 4772 561 4824 Pseudo
576 4772 789 4835 bernelmum,
