3622 5406
724 175 960 269 4444444
1518 181 1579 246 ets

81 295 126 352 ctu
148 303 214 367 pag.
233 243 325 349 4044.
346 284 486 348 Oratim
504 285 582 344 Petri
601 281 739 360 Delphini
756 280 799 342 od
855 282 954 360 ibique
978 299 1138 361 puerorum
1170 283 1375 346 docendorum
1403 303 1506 348 curem
1531 305 1579 350 ac-

84 382 204 444 nmen
219 380 253 442 44.
274 383 365 458 atque
383 397 412 457 p.
431 379 519 440 tntu.
538 372 663 438 44444044
678 374 800 438 ihioul
854 377 934 454 cepit
945 422 954 450 ,
965 377 1090 436 ioannis
1107 377 1196 438 Hussi
1214 380 1331 440 amicus
1348 386 1379 438 et
1394 382 1496 442 socius
1507 399 1578 444 eum

81 475 220 536 Oratione
240 472 321 534 diota
337 473 366 531 in
384 470 523 549 Delphini
540 469 710 530 innarenn
729 470 802 527 suri·
855 468 965 529 tacobo
981 469 1019 530 de
1037 471 1109 530 ilisa
1128 471 1195 530 eive
1207 471 1380 545 incubatio,
1399 474 1581 552 Hieronymo

82 569 141 646 ptis
161 569 229 630 eius
249 563 328 626 hauc
349 565 420 626 lacit
437 565 622 623 mentionem
640 577 706 639 pag.
723 560 797 622 4034
856 563 997 640 Pregensi
1009 569 1020 618 .·“
1037 563 1153 622 tuaene
1175 563 1332 638 Gesnitio,
1354 565 1507 644 Stephano
1529 571 1581 628 l‘a-
1702 559 1709 572 ‘

82 662 208 720 9444444·
236 662 368 738 44444444
396 652 600 735 Epistularum
620 651 801 730 nutamine,
856 653 936 729 letio,
955 652 1076 715 Haithia
1097 655 1265 734 Engersno,
1283 664 1314 717 et
1332 660 1418 719 Petro
1437 661 1582 722 Lunensi.

82 769 159 832 nnus
172 756 241 831 puri
253 753 363 812 retem
381 746 583 813 detentores
600 745 729 828 officinm
745 761 802 826 pru
857 745 901 806 Ac
919 749 1051 824 primum
1074 747 1168 807 inisse
1190 751 1332 822 Petrum,
1354 751 1405 829 qui
1422 759 1526 812 contra
1546 753 1581 812 il-

82 842 247 922 Helipione,
266 859 323 921 pru
339 841 461 914 uminis,
479 839 521 902 ed
537 838 742 920 qrtudunmqne
756 839 805 899 444
858 839 956 900 iurum
978 845 1148 917 temporum
1165 840 1282 903 abusus
1296 842 1354 903 suh
1369 843 1496 922 utraque
1514 863 1582 924 spe-

81 937 194 998 nemin
212 951 306 1014 944444
328 939 433 996 ornate
462 935 642 1014 scripserat,
668 937 805 1013 proeter-
857 933 904 992 uie
936 933 1124 993 Dominicum
1162 951 1273 1013 corpus
1307 935 1580 1000 administrandum

81 1045 173 1110 444444
200 1026 354 1108 phrenas
386 1027 547 1090 Orationes
584 1024 803 1104 44494444444444
859 1040 928 1084 esse
949 1025 1128 1103 profitetur,
1150 1029 1265 1089 AEneae
1297 1029 1390 1107 Sylvii
1423 1037 1455 1091 et
1487 1031 1582 1093 4444444-

82 1118 220 1197 intime,
241 1118 371 1199 44449444
391 1135 511 1199 ennena
530 1121 560 1180 iu
588 1106 804 1196 Hieronymum
861 1117 900 1176 nii
928 1119 1100 1178 testimonio
1121 1117 1210 1180 docet
1241 1121 1371 1182 lacobus
1400 1123 1583 1184 thomasius

82 1215 296 1280 intensiorem
318 1209 411 1276 edidit
428 1213 575 1291 Dialogus
598 1212 632 1274 in
653 1209 807 1272 Ciceronis
860 1208 933 1272 diss.
955 1209 1072 1272 erudita
1106 1210 1144 1272 de
1175 1215 1262 1273 Petro
1288 1213 1473 1290 Drasdensi,
1502 1217 1581 1294 hipn.

82 1304 821 1386 orationeenmnmnuoneimtpennrgnmentn.·
861 1301 949 1364 4670.
973 1304 1001 1364 4.
1025 1304 1053 1383 fi.
1078 1305 1125 1363 46.
1146 1311 1177 1364 et
1198 1307 1246 1368 74.
1269 1307 1352 1367 idem
1385 1311 1492 1369 Petrus
1513 1325 1584 1368 cun-

84 1399 235 1479 Parptnrn
255 1415 309 1460 444
328 1415 388 1462 nun
413 1397 648 1460 orthodoxorum
683 1397 805 1456 Petrum
859 1393 938 1458 ditur
968 1397 1122 1458 variorum
1154 1398 1353 1476 hymnorum,
1374 1405 1409 1461 nt
1430 1402 1460 1460 iu
1487 1401 1583 1463 Natali

82 1494 354 1572 apophthegemuta
377 1489 539 1554 0444444444
557 1487 685 1568 poetro
702 1486 806 1550 ordine
858 1487 987 1563 Domini,
1000 1490 1088 1551 euius
1101 1492 1238 1552 initium:
1258 1489 1392 1571 pendent
1407 1507 1506 1554 omnes
1522 1492 1584 1553 An·

83 1585 206 1664 dinettu'a
224 1582 402 1656 eminent
429 1581 597 1648 Accedebat
621 1581 663 1644 ud
691 1585 806 1642 44444444
841 1577 938 1659 peti,
959 1587 990 1641 et
1011 1585 1101 1658 eujus
1119 1582 1346 1662 locaquaedam
1366 1586 1584 1664 interpretatus

84 1679 179 1759 4444444
207 1683 367 1752 44444444,
388 1675 469 1740 mire
487 1673 637 1756 44444444
657 1673 753 1754 thetin
775 1673 806 1734 in
858 1680 907 1734 esi
941 1675 1142 1752 Hieronymus
1180 1677 1350 1751 Welierus,
1382 1675 1446 1738 eine
1475 1677 1582 1739 Anale-

84 1769 254 1836 rcribendit
274 1769 432 1834 4444444444
448 1766 676 1832 characteribus
692 1771 721 1828 et
735 1783 807 1828 444-
857 1781 939 1846 pnep
956 1765 1033 1830 nter
1049 1767 1096 1829 ein
1113 1766 1165 1828 ott
1181 1767 1445 1830 veniamne-une
1463 1777 1536 1830 tom.
1553 1773 1581 1831 2.

82 1865 164 1927 niter
184 1869 213 1928 44
224 1861 433 1943 poeninen,
454 1869 490 1927 44
507 1861 619 1926 44444444
633 1857 808 1940 ipthtsedi-
860 1860 994 1938 Operum
1018 1863 1140 1923 wolteri
1162 1861 1368 1923 Germanicor.
1388 1880 1414 1942 p.
1440 1863 1498 1926 492
1518 1879 1582 1941 seq.

84 1960 178 2020 444444
210 1963 271 2018 ton
296 1955 458 2036 prueetnre
490 1953 591 2018 littere
621 1952 807 2032 descriptae,
862 1968 918 2016 nee
937 1969 995 2016 nou
1009 1953 1115 2032 hymni
1130 1975 1137 2013 :
1154 1955 1246 2030 (44444
1254 1960 1396 2035 perbene
1410 1953 1605 2016 4444444444.

84 2049 262 2114 videreretur
281 2046 402 2127 cyetude
420 2065 504 2114 nero
521 2051 608 2112 44444
626 2063 666 2108 oc
685 2045 809 2110 4444444-
861 2045 901 2108 Et
922 2047 972 2122 qui
996 2047 1026 2110 444
1048 2047 1195 2108 Ecclesiis
1217 2050 1329 2107 nostris
1349 2051 1515 2109 etiamnum
1532 2049 1585 2109 de·

84 2143 128 2208 tit
148 2138 311 2206 4444444044
323 2146 458 2202 metas.
475 2142 527 2203 His
539 2137 708 2204 Chroniaon
723 2139 810 2200 Vene-
862 2139 1152 2202 cantantur..an
1172 2145 1264 2204 natttr
1285 2141 1316 2202 io
1337 2139 1522 2217 Bethletem,
1553 2150 1585 2202 et

85 2236 199 2300 4444444
221 2234 300 2314 epod
321 2236 522 2300 Posseviunm
543 2233 613 2298 addi
634 2231 734 2295 video.
864 2231 978 2292 Latinis
1000 2232 1103 2294 verbis
1135 2233 1315 2311 Germanica
1346 2234 1586 2308 admiscentem,

124 2329 276 2392 PETHUS
295 2327 446 2392 Diaconos
467 2328 596 2406 scriptor
617 2325 683 2388 libri
704 2321 740 2384 de
760 2322 810 2382 bu-
862 2322 899 2382 14
912 2319 996 2388 detor
1010 2321 1130 2398 iabin,
1146 2326 1216 2386 Nan
1232 2326 1330 2404 einyet
1343 2325 1407 2386 inid
1420 2325 1494 2406 auyd
1507 2325 1586 2407 Aah,

2 2443 3 2446 ¹
83 2419 262 2486 4444444444
281 2425 312 2480 44
343 2420 454 2482 4444444
473 2435 512 2480 44
541 2415 636 2482 atero
659 2413 809 2489 anuinio,
864 2422 897 2476 nt
913 2418 1087 2480 Lathrarum
1106 2418 1184 2496 plebi
1201 2433 1261 2479 uon
1276 2420 1501 2480 intellectarum
1513 2419 1587 2493 loeo,

84 2513 123 2578 ud
143 2515 176 2576 S.
198 2513 391 2590 turgentium
423 2519 455 2576 et
485 2512 560 2578 elios
591 2511 710 2574 Airiuse
741 2509 811 2587 Epi·
865 2507 1039 2570 vernaculis
1071 2509 1262 2572 unctionibus
1292 2511 1405 2571 sensim
1432 2513 1461 2570 in
1494 2514 1589 2571 sacris

83 2622 194 2686 scupos
222 2605 303 2668 uirua
324 2604 361 2670 t.
382 2606 415 2670 O·
437 2605 506 2670 520.
538 2605 591 2668 Hie
612 2605 757 2666 inventus
780 2600 810 2662 iu
865 2603 993 2681 puhlicis
1024 2604 1073 2664 vie
1101 2602 1307 2682 pnnneretm.-
1328 2603 1404 2665 Vide
1433 2603 1587 2666 laudatum

82 2699 237 2762 coenobio
275 2699 349 2764 Ord.
382 2698 692 2764 Praemunstratensis
722 2694 749 2770 a)
781 2693 810 2750 444
865 2695 1062 2762 Thumusium
1085 2696 1115 2774 ς.
1137 2699 1208 2758 404.
1229 2714 1298 2776 seq.

80 2806 153 2868 agro
175 2791 357 2852 Luraniensi
373 2835 382 2865 ,
401 2783 583 2869 saepiusque
600 2788 701 2850 editus
718 2789 752 2848 iu·
766 2787 812 2847 Hi·
907 2789 1053 2854 PETRUS
1075 2788 1166 2852 naen
1195 2789 1262 2851 siue
1280 2789 1306 2852 ie
1327 2789 1410 2866 Dite,
1435 2789 1535 2854 hbbas
1558 2793 1588 2851 S.

81 2883 245 2944 bliotheuis
268 2886 405 2959 Petrum,
426 2889 460 2943 44
486 2884 565 2944 iuter
584 2882 615 2946 S.
646 2879 808 2958 Augustini
865 2883 994 2946 Victoria
1021 2883 1113 2946 Puris.
1150 2883 1338 2945 Licentiatus
1371 2885 1400 2943 in
1433 2885 1592 2964 'theologia

80 2977 217 3054 4044444.
239 2981 272 3040 tl
304 2975 451 3052 Fttlsseniii
483 2975 650 3053 0444444804
681 2981 716 3036 tit
746 2969 809 3032 dixi
863 2973 921 3040 Au.
941 2975 1029 3040 4966.
1050 2991 1131 3038 uum.
1152 2978 1270 3038 tuanne
1291 2974 1330 3036 de
1362 2979 1539 3038 hiantesuno
1560 2984 1591 3037 et

81 3084 177 3146 snpra
199 3075 275 3127 tom.
296 3068 324 3129 2.
339 3085 413 3152 pag.
436 3067 506 3127 uit.
863 3066 983 3136 Hiuuinu
1002 3066 1042 3130 da
1063 3068 1207 3146 hingonis
1227 3075 1259 3128 et
1282 3068 1417 3129 Oliverio
1437 3069 1590 3142 Haiilarrl,

120 3160 277 3224 PETHUS
298 3158 449 3225 Diaconos
469 3159 630 3224 Ostiensis.
660 3159 758 3235 Supra
779 3157 809 3215 in
848 3157 1146 3224 ¹i’rtiedicaturibns:
1167 3161 1286 3222 toanue
1305 3160 1345 3220 444
1366 3163 1522 3223 villanova
1543 3162 1593 3223 nt-

78 3251 178 3318 reno
201 3251 371 3318 casimiri.
865 3245 1047 3327 stemiensi,
1069 3250 1220 3314 Guilelmu
1252 3253 1395 3328 Baranlt,
1425 3255 1525 3314 Priore
1553 3253 1592 3314 de

122 3345 280 3410 turnus
299 3343 475 3410 Doriones
493 3343 530 3405 de
551 3345 668 3421 Heunu,
689 3342 813 3422 Episuu·
866 3342 960 3405 Calvo
979 3345 1099 3403 hiante:
1120 3342 1237 3402 Joanue
1264 3345 1398 3419 Salesio,
1421 3345 1592 3406 Carmelita.

80 3454 145 3516 peu
168 3437 209 3501 ah
229 3437 290 3500 An.
312 3438 399 3503 4360.
420 3437 597 3501 Tarvisium
625 3435 745 3514 eeripeit
769 3432 814 3496 ni·
869 3435 997 3514 Scripsit
1019 3433 1050 3494 in
1071 3431 1165 3498 libror
1192 3435 1438 3513 Sententiarum,
1466 3443 1499 3496 et
1518 3455 1593 3514 quo-

77 3536 146 3592 tane
157 3531 198 3594 Β.
213 3527 340 3595 tienne·
351 3547 388 3592 ex
406 3529 552 3590 Tirulensi
571 3529 724 3593 nimiam
737 3529 814 3590 unu·
868 3527 953 3588 silam
976 3528 1155 3605 Sermones,
1170 3529 1392 3606 Hauuscriptos
1408 3532 1436 3589 in
1455 3530 1593 3590 biblioth.

78 3623 257 3697 esnensis,
279 3621 414 3686 defuncti
437 3619 496 3684 Au.
518 3622 616 3682 4345.
636 3619 762 3683 Tarvisii
783 3619 814 3678 444
867 3621 1105 3688 San-Victuriua.
1126 3621 1207 3684 Obiit
1230 3622 1279 3686 49.
1300 3621 1382 3682 iunii
1402 3620 1491 3683 Anno
1512 3623 1591 3684 4409

75 3715 223 3778 editione
245 3715 379 3789 Veneta,
400 3713 512 3778 editam
535 3714 565 3774 iu
583 3711 672 3774 Actis
692 3709 816 3774 Sancto-
869 3711 940 3774 vide
961 3713 1211 3778 sammarthanus
1231 3720 1303 3788 tom.
1325 3715 1373 3776 iii.
1394 3733 1463 3795 pag.
1481 3716 1540 3777 947
1562 3723 1594 3777 44

76 3825 154 3868 rum
181 3815 257 3872 tom.
279 3807 309 3868 2
329 3807 411 3868 iunii
432 3808 482 3868 itt
499 3821 566 3884 pag.
582 3805 635 3868 374
659 3803 728 3870 375.
744 3819 814 3866 uum
869 3806 1015 3870 balaeum
1037 3808 1182 3870 mm.1v.
1206 3808 1311 3870 seculo
1334 3809 1382 3869 Vi.
1415 3808 1594 3871 Academiae

74 3901 169 3964 noris
193 3899 330 3960 Danielis
348 3897 550 3977 Papebtouhii.
871 3899 962 3966 Parin
986 3915 1051 3977 pag.
1074 3900 1144 3962 982
1177 3903 1229 3978 qui
1260 3901 1348 3962 amhn
1379 3903 1470 3964 etiam
1501 3905 1595 3982 epita·
1711 3927 1718 3936 ·

119 3991 284 4056 PETHUS
302 3989 493 4065 Duriandnt,
508 4006 599 4068 supra
616 3996 637 4049 t.
654 3990 683 4052 2.
701 4006 729 4067 p.
747 3989 817 4050 475.
870 3990 975 4070 phium
997 3993 1065 4052 eius
1086 3992 1231 4056 4444444444.
1419 4013 1420 4016 “

115 4085 280 4150 PETHUS
302 4083 500 4158 Drermmte,
519 4083 581 4147 ludi
601 4082 771 4146 moderatur
787 4085 816 4142 in
911 4084 1057 4148 HETHUS
1077 4083 1237 4164 4449444444
1257 4104 1295 4147 ex
1322 4086 1449 4148 simlero
1476 4094 1593 4163 444444,

71 4181 198 4257 patria,
220 4175 330 4240 deinde
352 4178 515 4241 Chamuitii
532 4184 564 4240 ei
581 4177 775 4250 Zwiecaviae,
788 4176 817 4252 44)
872 4179 923 4255 qui
945 4177 1038 4240 reiert
1058 4194 1128 4242 eum
1150 4181 1309 4258 scripsisse
1326 4180 1482 4241 Summam
1501 4195 1595 4260 anper

70 4269 315 4337 Proteseuribus
333 4271 540 4350 Lipsiensibus
558 4276 675 4349 praetor
692 4285 756 4332 rem
769 4285 818 4330 44-
873 4267 1007 4331 historiis
1023 4271 1052 4329 in
1072 4286 1160 4331 nsum
1177 4273 1351 4333 Ecclesiae:
1369 4289 1497 4350 eamque
1519 4274 1596 4334 hon·

2 4358 3 4408 t
68 4365 257 4428 oensitusa
273 4363 430 4426 Variiiasio
442 4384 448 4423 :
461 4367 488 4438 4)
501 4365 598 4426 Patria
611 4361 719 4440 pulsus
735 4360 816 4439 quud
873 4362 936 4428 diui
957 4355 1191 4442 Haunsoripiam
1212 4368 1377 4428 asseriani.

68 4475 148 4523 cnm
175 4455 399 4520 waldensibus
422 4457 578 4522 videretur
607 4456 725 4528 iacere,
748 4457 818 4518 Prii-
895 4453 1090 4522 PETHUSde
1108 4454 1271 4537 Deshnty,
1287 4460 1408 4536 scripsit
1430 4457 1595 4517 Historiam

68 4571 147 4632 gam
176 4567 277 4630 quam
298 4551 358 4615 Am
378 4550 466 4614 4409.
488 4551 667 4628 reliquerat,
686 4550 817 4627 repetiit,
874 4549 1022 4613 94444444
1057 4553 1148 4628 atque
1181 4550 1304 4612 Ordinis
1337 4548 1489 4612 Teutonici
1505 4547 1595 4625 cujus

115 4767 148 4830 a)
172 4761 244 4813 vids
260 4765 425 4815 limentinum
441 4770 502 4814 tom.
519 4763 535 4811 4
551 4757 818 4828 aminternenses.
870 4766 895 4809 et
912 4762 1048 4823 Georgium
1067 4763 1212 4816 Fabricium
1229 4761 1321 4811 Annei.
1338 4761 1410 4808 Dian.
1425 4758 1456 4807 ud
1470 4762 1517 4810 444.
1530 4759 1601 4812 4440.

114 4841 153 4904 h)
175 4839 248 4925 Vide
265 4837 371 4890 nohum
378 4841 516 4891 8444444444
527 4841 553 4889 44
564 4841 689 4892 chronico
698 4839 824 4893 4144444.
877 4877 879 4884 ,
913 4834 941 4898 4)
958 4834 1020 4888 tide
1038 4842 1098 4890 totu
1117 4837 1195 4891 444444.
1213 4841 1259 4888 Aa.
1273 4832 1344 4888 4008.
1363 4832 1488 4897 humilii,
