3368 5362
597 176 1028 239 moissiacenses
1516 186 1554 247 81

60 286 144 350 44444
160 284 276 346 Hercei
298 299 368 363 pag.
396 283 465 345 344.
490 298 528 343 ex
547 283 687 344 editiione
705 286 783 345 hnni

60 381 150 442 472⁴.
173 380 203 439 8.
224 384 296 457 post
327 375 398 453 ejus
429 383 568 455 poemata
601 378 780 439 Germanica

63 489 170 535 recusa
192 470 251 532 An.
275 469 365 532 4733.

99 567 129 640 6)
155 560 248 628 With.
269 561 398 623 Ernesti
417 561 560 623 Tentzelii
574 554 784 642 liloguntinin-

60 662 140 720 sium
163 655 277 718 moduli
296 653 421 733 maioris
438 655 626 734 aliorumque
643 673 711 718 cum
733 674 784 716 ve-

61 761 162 813 terum
185 756 253 812 tum
275 754 479 810 recentiorum
502 766 695 811 nummorum
717 751 784 809 bre-

61 848 108 905 vis
129 842 301 921 designatio
323 857 391 920 pag.
412 840 483 903 354.
514 859 551 902 ex
584 843 781 919 Germanico,

59 936 178 998 Gothae
201 936 292 997 4696.
316 935 365 995 441.
388 933 537 1015 detmari
552 934 675 996 eiiieher
697 935 782 995 Girar

60 1026 286 1109 depactione
317 1025 496 1102 4444441444,
517 1045 586 1090 curn
619 1031 782 1108 appendice

59 1131 191 1202 quatuor
213 1138 409 1203 nummorum
430 1139 501 1200 pag.
520 1122 572 1183 374
600 1141 664 1201 seq.

100 1214 128 1291 η
150 1212 219 1275 Nic.
227 1211 424 1287 Seeioenderi
432 1214 550 1294 sylloge
559 1215 780 1278 bracteatorum

59 1311 126 1369 sive
136 1306 285 1368 canorum
298 1323 493 1369 nummorum
505 1309 780 1386 lloguntinensium

58 1419 97 1462 ex
117 1400 302 1461 Germanico
324 1399 483 1463 4144725.
498 1402 621 1482 Latine²
633 1419 698 1481 pag.
712 1404 794 1464 373:

60 1497 108 1555 coi
131 1492 347 1572 supplementa
363 1492 512 1571 quaedam
530 1493 631 1556 addita
649 1497 678 1555 in
698 1513 782 1577 prae·

61 1589 112 1648 rai.
133 1588 153 1663 it
174 1587 194 1662 i
213 1602 281 1665 seq.
452 1620 456 1625 ·

98 1681 127 1756 8)
149 1677 258 1743 Coreli
280 1676 412 1743 (4444444
429 1680 778 1744 Heraeiserieshrchie

58 1776 252 1852 piscoporum
263 1775 540 1851 moguntinensium
552 1821 560 1846 ,
573 1780 779 1836 monumentis

60 1869 282 1927 nomismatum
300 1866 550 1927 caesarianorum
573 1871 702 1946 posteris
717 1886 781 1929 ser-

60 1965 155 2034 vata,
176 1964 210 2018 et
231 1957 269 2018 ab
290 1955 406 2018 editore
419 1960 449 2017 in
468 1959 586 2020 tabulas
604 1960 733 2021 redacta.
752 1980 780 2040 p.

59 2052 126 2110 389.
146 2049 280 2113 exedit.
304 2050 480 2112 Viennensi
503 2054 532 2112 in
554 2053 622 2113 lolio
643 2058 780 2132 patenti,

59 2145 171 2207 tabulis
192 2146 227 2205 V.
249 2161 321 2206 cum
342 2145 510 2224 appendice
528 2149 620 2208 trium
641 2165 781 2208 numano·

62 2256 128 2299 rum
151 2238 378 2299 memorialium
399 2256 465 2318 pag.
486 2241 556 2302 392.

97 2333 124 2407 9)
151 2329 330 2416 theodorici
345 2331 546 2403 Gresemandi
575 2333 614 2394 dc
645 2333 779 2395 liesche·

58 2423 285 2502 de,·jonioris,
309 2424 434 2485 historia
455 2433 486 2485 et
519 2443 642 2488 carmen
677 2426 714 2486 de
746 2429 776 2487 S.

57 2517 156 2579 Cruce
178 2534 272 2597 prope
292 2518 476 2597 diogeni-iam
490 2518 617 2595 violata,
632 2536 698 2598 pag.
710 2519 777 2581 393.

58 2609 131 2670 edit.
153 2607 351 2687 Argentorat.
371 2610 430 2670 An.
451 2610 539 2673 itit.
696 2603 698 2607 ’

40 2740 47 2751 ·
96 2703 145 2778 40)
165 2702 293 2763 loannis
312 2701 442 2764 Arnoidi
457 2702 631 2783 4444441444
641 2703 678 2765 dc
695 2705 778 2766 chal-

55 2795 236 2876 cographiae
257 2797 434 2867 inventione
456 2814 561 2875 poema
583 2800 777 2858 encomiasti-

841 286 926 344 rioris
941 330 949 357 ,
967 284 1081 361 sylloge
1095 287 1121 342 4.
1143 283 1169 357 a)
1182 282 1335 344 Variorum
1352 287 1555 366 iliplomatum

839 386 1168 453 monumentorumque
1190 384 1329 438 veterum
1352 388 1441 443 antea
1464 385 1558 445 inedi·
1630 366 1637 383 ⁸

839 480 937 532 torum
960 477 992 530 et
1019 488 1067 530 res
1088 471 1303 543 Germanicas,
1324 474 1462 551 inprimis
1484 494 1556 538 vero

838 567 1031 643 Mogontinas
1054 566 1212 642 insigniter
1234 564 1450 628 illustrantium
1471 577 1503 628 et
1518 571 1558 631 ab

837 660 952 719 editore
976 659 1192 720 illustratorum
1207 660 1339 717 Francos.
1356 660 1445 723 4728.
1461 664 1489 724 6.
1505 663 1557 725 ad·

837 751 900 812 dita
920 753 1023 811 notitia
1034 751 1177 813 Codicum
1193 754 1384 835 antiquorum
1399 758 1556 829 rariorum,

837 848 1006 925 Mogontiae
1028 847 1057 903 in
1073 845 1201 922 Capituli
1223 846 1557 922 Metropolitanillihlio·

837 940 924 998 theca
958 938 1171 1010 latitantium,
1193 944 1224 995 et
1255 938 1381 996 elencho
1401 941 1557 1002 414444114-

838 1034 948 1092 riorum
971 1032 1184 1092 Electoralinm
1210 1034 1452 1107 lloguntinorum
1465 1035 1503 1094 ab
1520 1036 1554 1097 Λ.

838 1127 925 1186 tutia.
939 1126 975 1184 ad
1002 1126 1087 1184 ttae.
1638 1194 1643 1209 ¹

880 1219 944 1280 Vite
965 1222 995 1280 S.
1030 1216 1207 1293 elithildis,
1239 1220 1384 1279 Ducissae
1414 1222 1556 1281 Franciae

837 1312 1001 1373 Orientalis
1015 1319 1045 1371 et
1058 1313 1171 1388 primae
1182 1312 1361 1373 Abbatissae
1373 1317 1484 1374 veteris
1495 1316 1555 1375 lio·

841 1406 963 1464 4444441
987 1406 1157 1482 lloguntiae
1179 1404 1236 1464 sub
1258 1406 1408 1467 Clodoveo
1440 1408 1463 1467 1.
1493 1408 1558 1468 edi-

834 1504 865 1556 ta
887 1505 918 1556 et
940 1498 1089 1556 illustrata
1111 1500 1179 1557 41).
1205 1500 1439 1579 ignatioGropp.
1457 1503 1553 1561 Bene·

835 1589 946 1648 diutino
970 1590 1146 1668 wirceburg
1170 1591 1257 1651 1734.
1278 1595 1307 1662 d.

878 1685 919 1741 lle
948 1683 1107 1760 lipiscopis
1128 1691 1159 1741 et
1182 1683 1554 1765 hrchiepiscopisltlognn·

834 1775 906 1832 tinis
937 1773 1168 1834 sammarthani
1190 1782 1262 1835 tam.
1285 1781 1296 1837 4
1324 1779 1438 1839 Galliae
1467 1780 1554 1839 Chri-

836 1868 951 1926 stianae
974 1885 1040 1945 pag.
1062 1866 1130 1926 344.
1151 1885 1215 1945 seq.
1236 1876 1328 1946 atque
1345 1870 1484 1932 editionis
1504 1890 1555 1931 no

837 1977 894 2019 vae
917 1968 998 2020 torno
1014 1961 1046 2020 V.
1058 1959 1183 2020 ioannis
1197 1962 1313 2020 Lotomi
1324 1963 1488 2042 catalogus
1504 1982 1554 2025 os-

836 2072 896 2130 que
917 2053 953 2113 ad
976 2054 1033 2114 iln.
1057 2055 1143 2114 4484.
1166 2062 1236 2114 4444
1269 2058 1348 2114 44444
1380 2057 1551 2117 Herenniani

838 2143 932 2205 Uirici
950 2145 986 2206 de
1018 2146 1146 2225 444444,
1169 2150 1282 2208 44443
1316 2166 1417 2210 rerum
1449 2150 1552 2210 Germ.
1600 2168 1603 2174 ·

835 2239 1000 2300 hlenckeriii
1020 2257 1085 2319 pag.
1103 2240 1169 2299 407.

875 2334 918 2393 114
938 2333 1062 2393 ioannis
1089 2333 1248 2392 Gamoimii
1278 2336 1307 2395 S.
1342 2336 1363 2394 l.
1396 2336 1551 2414 Metropoli

836 2428 1009 2503 Mogontinn
1033 2426 1147 2486 inedita
1170 2434 1262 2504 44444
1285 2427 1406 2488 ineditis
1427 2427 1465 2489 ad
1501 2428 1555 2489 Se·

836 2521 947 2579 narium
970 2520 1196 2579 accessionibus
1207 2518 1277 2577 vide
1290 2519 1474 2580 Leibnitiana
1486 2537 1552 2599 pag.

836 2612 903 2673 447.
926 2619 958 2670 44
978 2613 1013 2684 G,
1035 2612 1240 2673 Christianum
1262 2614 1386 2670 ioannis
1407 2612 1502 2690 praei.
1512 2612 1549 2672 ad

834 2711 905 2764 torn.
930 2707 942 2764 l
960 2723 1059 2764 rernm
1072 2707 1321 2782 hloguntinarum.

871 2797 992 2873 Georgii
1010 2796 1160 2857 lietwiehi
1179 2796 1216 2856 dc
1229 2797 1383 2857 nobilitate
1394 2797 1549 2857 Ecclesiae

57 2904 127 2949 curn
149 2878 219 2967 pag.
240 2887 308 2948 444.
341 2905 379 2948 ex
410 2887 482 2948 edit.
514 2891 686 2967 bloguntina
717 2890 776 2951 nn.
829 2893 1019 2967 Mogontinae
1041 2890 1169 2968 ejusque
1197 2892 1428 2951 canonicorum.
1460 2892 1552 2951 Fran-

56 2982 145 3042 4444.
168 2986 271 3041 exstat
290 2987 322 3041 44
342 2980 381 3041 ad
412 2982 527 3043 calcem
560 2982 671 3043 hoton.
705 2984 777 3043 Ver·
831 2984 886 3042 col.
911 2984 998 3044 4644.
1019 2985 1045 3042 l.

56 3074 130 3136 dieri
152 3073 359 3153 supplementi
381 3075 456 3134 bibl.
486 3075 711 3147 Gesnerianae‚
743 3081 775 3135 et

56 3171 83 3228 in
106 3167 254 3231 Tentzelii
275 3168 350 3228 Bibl.
372 3170 489 3230 curiosa
507 3170 541 3229 Α.
561 3167 648 3228 4704.
664 3186 693 3247 p·
705 3168 776 3228 986.

95 3263 145 3337 ill
170 3262 201 3321 S.
223 3258 313 3322 Sedis
345 3263 557 3340 lloguntinae,
587 3260 773 3337 Collegiiqua

875 3074 1023 3151 Ejusdem
1038 3078 1144 3137 leones
1155 3078 1326 3138 Electorum
1341 3074 1556 3155 4114414444-

833 3169 991 3228 tineosum
1015 3170 1102 3230 4644.
1119 3171 1168 3230 441.

869 3260 950 3319 idem
974 3264 1112 3338 promisit
1129 3262 1336 3340 antiquitates
1352 3264 1552 3342 bloguntinas,

55 3354 275 3433 Metropolitani
291 3355 382 3415 iacies
395 3352 462 3415 suh.
480 3356 599 3414 initium
616 3354 774 3416 444568.
828 3360 860 3413 44
880 3354 1053 3429 catalogum
1088 3357 1291 3415 Prae-latorum
1324 3362 1356 3415 et
1387 3358 1554 3419 canonico·

55 3464 123 3527 pag.
147 3445 217 3508 444
237 3464 277 3508 ex
308 3445 426 3526 AEgidii
457 3445 622 3508 Periandri
650 3449 775 3507 brunei·
830 3462 896 3506 rum
919 3446 1073 3505 Ecclesiae
1090 3448 1291 3524 Mogontinae.

56 3539 152 3601 lensis
183 3538 346 3601 Nobilitate
377 3541 571 3618 Mogontinac
602 3540 774 3613 llioecesis,
869 3539 1038 3598 Hermonni
1069 3538 1225 3616 conringii
1244 3541 1372 3599 assertio
1392 3540 1474 3600 Joris
1494 3541 1553 3600 blo

56 3632 365 3711 blctropolitanacqua
384 3632 553 3707 Ecclesiae,
575 3634 708 3693 carmine
725 3632 776 3693 de·
830 3633 947 3707 guntini
961 3634 990 3691 in
1007 3632 1187 3692 coronandis
1202 3630 1553 3707 uegtbusltomanorum,

56 3728 170 3806 scripta
190 3725 336 3805 elegiaco.
353 3726 476 3804 llogunt
498 3725 578 3786 4568
608 3727 636 3784 8.
654 3725 777 3787 Anchie-
829 3725 963 3784 Francos.
1005 3727 1088 3786 4656.
1125 3727 1150 3784 4.
1184 3727 1370 3802 iterataeque
1404 3723 1554 3784 vindiciae

56 3822 221 3899 piscopos,
240 3819 455 3896 Praepositus,
478 3819 641 3891 11444444,
663 3819 776 3880 Custos
830 3816 967 3892 eiusdem
990 3818 1090 3889 iuris,
1112 3826 1144 3878 et
1165 3819 1321 3895 castigatio
1342 3818 1404 3877 anti
1426 3817 1554 3877 Conrin·
1589 3879 1592 3884 ,

55 3911 285 3983 scholasticus,
307 3911 437 3987 Cantor,
460 3912 603 3972 Canonici
624 3912 692 3971 XX.
720 3912 776 3971 Do·
829 3911 933 3985 gianae
955 3910 1141 3970 detensionis
1162 3912 1243 3971 iuris
1265 3911 1465 3972 coloniensis.
1483 3908 1552 3971 ibid.

56 4002 227 4065 micelleres
240 4003 335 4064 xvtt.
831 4002 918 4062 4664,
938 4004 964 4062 i.
987 4010 1018 4063 et
1038 4010 1112 4064 tom.
1134 4006 1230 4081 primo
1251 4003 1384 4082 Operum
1401 4004 1554 4082 Coiiringii

97 4096 146 4169 42)
166 4096 287 4175 Georgii
309 4093 471 4156 Christiani
506 4095 631 4157 ioannis
663 4095 777 4155 (1444-
821 4092 951 4170 junctim
974 4095 1123 4156 editorum
1145 4103 1272 4157 4444444
1294 4098 1327 4156 b.
1351 4099 1396 4156 lo.
1429 4096 1552 4156 Wilhel·

57 4192 213 4269 triciomin
235 4195 376 4249 veterum
396 4190 669 4267 lloguntinensium
693 4190 777 4248 lami·
830 4205 879 4247 mo
900 4188 1050 4248 Goebelio.
1071 4191 1259 4268 Brnnsvigae
1281 4191 1369 4251 4730.
1392 4191 1441 4250 iol.

58 4285 125 4357 liis,
146 4280 344 4355 discrimine,
361 4278 503 4360 juribus,
531 4283 776 4344 contentionibus
868 4280 1146 4344 moissiacensi:
1164 4281 1349 4356 Geronteon,
1364 4285 1430 4343 sive
1445 4300 1485 4342 er
1503 4283 1552 4343 illo

57 4385 88 4436 et
110 4374 180 4436 latia
201 4374 492 4434 commentariolum.
516 4391 582 4453 pag.
605 4376 745 4434 449-464.
829 4374 977 4433 Chronico
998 4382 1138 4453 excerpta
1156 4375 1194 4435 ab
1212 4378 1296 4435 initio
1311 4378 1403 4455 Regni
1427 4379 1553 4436 Franco·

100 4464 162 4527 Vol.
186 4463 278 4527 Fred.
290 4462 327 4527 de
340 4463 698 4540 GUDENUS‚Camerae
718 4469 776 4527 lm·
829 4485 896 4527 rum
919 4466 1073 4545 usquead
1095 4468 1130 4529 A.
1153 4471 1186 4529 C.
1208 4472 1276 4530 849.
1301 4473 1328 4528 44
1351 4469 1489 4530 hndreae
1509 4466 1551 4527 du
1575 4475 1578 4484 '

57 4560 178 4641 perialis
198 4557 346 4620 Assessor
365 4564 396 4618 44
416 4576 453 4619 ex
476 4559 649 4621 immediato
661 4559 774 4620 Ordine
829 4561 949 4621 Chesne
971 4567 1043 4620 tom.
1067 4564 1084 4621 3
1107 4580 1207 4623 nerium
1231 4565 1412 4622 Francorum
1435 4579 1464 4639 p.
1484 4560 1551 4619 tao.

55 4653 199 4733 Equestri
217 4651 361 4731 imperii,
380 4651 483 4712 circuli
519 4652 655 4713 ltheoani
687 4668 776 4730 supe-
831 4653 897 4712 448.
919 4653 1064 4724 Quoniam
1081 4672 1117 4716 ex
1137 4654 1234 4716 Bedoe
1250 4657 1324 4716 libro
1341 4656 1379 4715 ile
1396 4670 1449 4713 sex
1466 4654 1551 4713 4144-

98 4803 125 4863 a)
139 4802 200 4852 tilde
211 4806 275 4851 Aeta
287 4797 366 4849 brad.
381 4780 451 4852 1740.
464 4814 521 4865 pag.
536 4803 590 4853 tau.
602 4809 628 4853 et
639 4803 777 4853 christiani
827 4804 944 4850 nieorum
962 4814 1018 4864 pag.
1038 4804 1079 4854 oa.

57 4878 164 4928 64441444
186 4874 282 4926 nodari
300 4872 482 4928 bibliothecam
499 4880 653 4940 scriptorum
676 4883 781 4928 Germa·
