3622 5406
728 229 946 300 44444444
1532 266 1591 329 444
1677 257 1679 262 ’

128 311 241 378 esrai
259 315 296 378 de
309 315 479 402 Audasson,
498 327 617 404 (uitiosa
633 331 812 399 bononiam
867 361 941 420 gum
962 363 1029 426 pag.
1050 349 1118 414 276.
1140 361 1171 414 44
1191 356 1335 422 iacobum
1364 363 1498 443 Longum
1521 385 1589 450 pag.

95 407 137 468 vol
157 407 346 490 llcnbutsool
369 415 550 482 Rhodiorum
572 424 701 486 militurn
722 431 813 510 blagi-
867 437 935 498 629.
954 441 1029 502 Ribl.
1046 449 1238 525 exegeticus,
1253 452 1302 512 ubi
1321 469 1476 534 perperam
1496 479 1590 526 excu-

94 503 141 562 stri
164 503 297 582 Epistola
317 504 355 566 ad
379 508 563 582 Fridericum
586 516 634 576 444.
659 516 698 578 44
719 523 813 584 victo
867 545 936 591 sum
954 532 1142 600 Nouellerdrs
1163 559 1216 618 pro
1233 545 1419 626 Novelletio,
1437 559 1469 613 et
1487 556 1587 618 Poris.

92 596 127 654 ria
148 595 297 660 adversus
318 600 432 663 Turcas
457 603 546 666 Auno
567 609 657 672 4486.
682 613 730 674 27.
751 615 811 678 444.
868 623 956 686 4685.
975 642 1028 703 pro
1046 630 1135 691 4585.
1158 632 1382 700 Commentario
1403 641 1435 704 in
1455 654 1590 725 quotuor

93 694 236 766 reportata
257 697 360 755 exstat
380 695 410 754 iu
429 696 641 776 Freheritom.
659 704 692 764 2.
710 723 811 770 rerum
868 712 961 778 libros
981 719 1223 803 Sententiarum,
1245 730 1282 790 ad
1309 751 1400 811 quam
1429 741 1588 802 Lecturam

92 780 241 842 6444444.
248 801 316 864 pag.
331 787 410 848 366.
431 789 500 850 369.
865 807 923 868 An.
947 811 1035 874 4346.
1057 815 1187 880 electum
1211 821 1304 886 fuisse
1326 834 1458 892 testatur
1479 835 1510 894 S.
1526 834 1589 898 Au·

123 873 282 938 'Praeter
302 880 460 957 epistolam
482 882 569 948 hica
596 889 734 953 Fabricio
767 896 812 956 in·
866 903 991 966 unione
1011 922 1150 970 summae
1179 911 1330 979 historiar.
1352 923 1398 980 tit.
1420 924 1469 984 24.
1491 926 1520 1003 5.
1541 929 1590 989 46.
1714 924 1716 928 ’

91 967 213 1030 dicatam
244 970 302 1032 alia
329 980 377 1034 est
412 976 549 1041 eiusdem
585 984 739 1064 encyclica
773 986 809 1048 ad
865 999 943 1054 tom.
963 997 990 1058 3.
1013 1016 1080 1080 pag.
1102 1001 1170 1064 784.
1196 1006 1276 1069 edita
1298 1012 1328 1070 in
1350 1012 1459 1076 librum
1483 1020 1510 1078 l.
1532 1020 1587 1080 444·
1691 1023 1700 1032 “

90 1063 199 1140 equites
220 1062 334 1124 4464444
348 1068 490 1146 sui,qua
510 1074 635 1136 mandat
652 1083 686 1138 ut
706 1081 810 1140 statim
866 1103 932 1148 mae
955 1092 1044 1160 4595.
1068 1094 1116 1155 444.
1149 1103 1181 1158 et
1213 1100 1363 1165 Clementi
1386 1107 1460 1170 Vlll.
1495 1113 1589 1188 Papae

89 1154 217 1216 ilbodum
240 1171 273 1216 44
293 1159 450 1234 conferant
483 1161 522 1225 44
555 1163 702 1232 tuendam
729 1187 811 1232 cum·
864 1179 963 1242 dicata
984 1183 1001 1244 4
1022 1186 1200 1252 Constantio
1226 1193 1382 1274 Saruaao,
1407 1201 1587 1264 Cardinalei

90 1263 206 1308 4444444
228 1245 302 1310 044.
324 1251 428 1314 sedem
460 1254 612 1320 adversus
641 1263 805 1326 Turcarum
864 1282 895 1332 ct
913 1275 942 1334 iu
961 1275 1012 1338 lib.
1030 1279 1058 1342 2.
1076 1283 1104 1343 3.
1124 1283 1152 1342 l.
1171 1303 1230 1346 una
1247 1303 1317 1350 cum
1336 1291 1518 1366 Quodlibet&
1536 1314 1590 1358 oo-

90 1339 226 1400 lusultus.
247 1343 322 1404 Data
344 1352 392 1406 est
414 1345 463 1408 illa
483 1347 578 1411 Rhodi
600 1351 634 1416 Α.
659 1355 747 1416 4477.
766 1357 809 1416 le·
862 1364 938 1444 rios,
958 1369 1027 1429 ibid.
1047 1375 1135 1436 4665.
1154 1376 1203 1438 iol.
1227 1381 1540 1450 HaecCommeutaria
1558 1392 1586 1448 ln

89 1433 221 1510 giturque
262 1435 291 1494 in
328 1435 399 1498 Cod.
433 1441 631 1519 diplomatico
659 1449 807 1510 llelitensi
864 1461 929 1520 suis
950 1461 986 1522 ad
1010 1467 1132 1528 easdem
1154 1471 1328 1540 8444444444
1356 1480 1589 1544 Commentariis

89 1539 170 1602 quern
195 1527 334 1606 vulgavit
367 1530 415 1592 hic
452 1535 548 1596 Lucae
582 1536 640 1597 dn.
667 1541 756 1602 4737.
777 1545 807 1604 Ρ.
863 1556 985 1631 saepius
1000 1563 1136 1622 excussit
1149 1567 1375 1647 exagitavitque
1389 1575 1521 1635 loannes
1533 1579 1589 1640 Ga-

89 1615 279 1681 Sebastianus
310 1623 389 1688 Pauli
423 1627 470 1684 vir
502 1626 540 1688 de
574 1629 685 1692 litteris
714 1650 749 1694 ac
770 1635 808 1696 de
862 1647 1585 1734 preclua,dominicanus,utdbabbe0auno-

87 1714 311 1791 congregatione
344 1723 466 1795 nostra,
498 1717 598 1799 daque
625 1740 675 1784 me
696 1728 808 1805 pariter
862 1743 959 1799 tatum
982 1742 1078 1804 video.
1101 1747 1228 1812 Caetera
1245 1751 1447 1834 ejus'soripta
1470 1779 1584 1836 memo-

88 1805 200 1882 egregie
221 1808 367 1884 meritus,
384 1827 476 1887 quem
496 1829 550 1891 per
567 1814 622 1876 hos
638 1815 704 1878 dies
720 1835 737 1880 a
757 1837 808 1880 no
860 1838 985 1908 rantur,
1004 1841 1108 1900 nescio
1123 1857 1160 1904 au
1178 1843 1279 1905 edita:
1297 1847 1509 1928 compendium
1534 1871 1585 1916 su-

86 1895 128 1956 bis
149 1900 314 1961 immatura
333 1911 429 1964 morte
446 1915 639 1986 praere-ptum
658 1911 807 1990 lugemus.
860 1939 933 1986 4444
957 1926 1148 2010 7544449444,
1170 1937 1199 1995 in
1221 1945 1288 1999 4444
1315 1940 1405 2004 libros
1428 1949 1583 2022 partitum.

86 1988 167 2051 Aliud
183 1993 277 2054 eliam
296 1995 433 2058 eiusdem
450 1997 641 2062 Aubussonis
657 2007 804 2083 scriplum
861 2017 903 2080 De
926 2019 1121 2103 Conceptione
1151 2027 1346 2094 immaculata
1378 2037 1411 2094 B.
1444 2037 1585 2118 Virginis.

84 2089 161 2145 extat
183 2084 256 2144 ibid.
277 2104 344 2166 pag.
379 2091 545 2153 4664444444
568 2111 666 2156 moror
688 2098 806 2160 italicas
858 2110 903 2171 De
923 2111 1023 2176 (4444444
1050 2124 1230 2203 praeceptos.
1265 2127 1351 2188 Liber
1373 2133 1425 2208 qul
1448 2134 1586 2195 inscribi-

86 2177 228 2254 quasdam
250 2180 389 2244 eiusdem
405 2185 554 2264 epistolas
576 2188 615 2248 lbi
637 2192 749 2268 parlier
764 2191 805 2252 ie·
859 2208 928 2287 tur:
944 2209 1040 2269 lloeoe
1054 2210 1261 2279 distinctionis.
1280 2221 1441 2286 8444444444
1460 2225 1497 2290 de
1516 2234 1589 2288 tem-

84 2269 203 2346 gendas.
217 2271 276 2333 Sed
289 2276 544 2352 praetereundum
558 2279 803 2364 haudquaquam
854 2311 939 2374 pora.
955 2302 1116 2368 Traiectus
1131 2305 1167 2368 de
1177 2319 1375 2392 paupertate,
1391 2323 1422 2377 et
1435 2336 1496 2380 usu
1507 2335 1586 2401 pou-

85 2361 154 2426 duco
174 2367 207 2426 in
230 2367 398 2446 appendice
428 2369 565 2433 eiusdem
597 2374 715 2438 Codicis
736 2395 802 2460 pag.
853 2404 932 2466 pere
953 2410 1069 2456 rerum.

85 2455 146 2516 449.
166 2459 228 2537 legi
250 2461 399 2537 prolixum
417 2469 449 2522 44
468 2466 624 2528 curiosum
654 2470 803 2548 scriptum
838 2520 841 2528 ,
900 2485 1046 2550 parulis
1075 2492 1246 2558 eanonicus
1281 2501 1437 2578 {regularis
1458 2509 1492 2568 g,
1511 2506 1585 2570 Ant.

84 2551 160 2612 raria
180 2553 344 2616 continens
365 2553 549 2619 documenta
569 2564 737 2638 spectantia
765 2560 802 2624 ad
858 2569 953 2654 berti,
976 2583 1329 2668 Cameracerrsis,1'ussu
1347 2595 1493 2661 Guidoais
1516 2603 1587 2679 Epi-

83 2641 226 2708 Zizimum
243 2647 339 2725 blagui
354 2650 469 2710 Turcae
483 2649 586 2726 lilium,
599 2655 650 2731 qui
664 2655 702 2715 ad
719 2655 803 2719 Chri·
857 2673 938 2749 scopi
956 2674 993 2734 ab
1009 2675 1066 2736 Αῃ,
1081 2679 1168 2740 4496,
1186 2683 1223 2742 au
1243 2685 1334 2747 4302,
1351 2689 1582 2754 Cameracensis

84 2739 194 2800 stianos
207 2740 420 2819 transfugerat.
438 2743 516 2804 Sunt
529 2752 632 2806 autem
651 2748 700 2810 illa
715 2749 807 2814 Grae·
860 2765 953 2824 vertit
973 2783 1009 2828 ex
1032 2770 1147 2848 vulgari
1171 2776 1310 2840 idiomate
1329 2782 1446 2861 Belgica
1463 2787 1491 2844 ia
1509 2789 1587 2848 Lati-

82 2846 114 2890 co
135 2833 257 2912 vulgari
281 2840 312 2893 et
332 2835 427 2896 latino
448 2844 574 2900 exarata
592 2839 609 2873 '¹
863 2871 936 2918 num
963 2859 1057 2924 Vitam
1073 2865 1127 2928 SS.
1147 2867 1280 2947 Dymuoe
1301 2872 1431 2952 Virginis
1447 2885 1477 2938 ct
1494 2867 1586 2941 Gere-

116 2925 268 2989 astaus
285 2923 412 2988 Aureoli
437 2929 555 3008 (Orioll
583 2941 673 2996 natus
697 2937 806 2998 Verbe-
864 2943 952 3010 barm
970 2953 1160 3035 Sacerdotis,
1179 2963 1245 3024 Sec.
1265 2966 1326 3027 vll.
1347 2970 1512 3048 Martyrum
1531 2974 1589 3036 Ge-

82 3017 141 3078 riae
163 3017 203 3080 ad
240 3020 352 3080 lsaram
386 3022 452 3084 sive
482 3022 602 3086 0444444
636 3028 755 3107 (Oysel
779 3033 808 3090 in
863 3040 909 3102 lac
928 3046 956 3104 iu
975 3049 1143 3114 brabantia.
1163 3057 1354 3138 4444444444
1376 3063 1585 3143 interpolatam

10 3161 11 3194 3
81 3108 197 3186 Gallia,
216 3110 290 3174 Ord.
309 3115 412 3174 Minor.
429 3116 495 3176 sive
512 3118 604 3179 Vallis
622 3121 808 3185 scholarium
865 3135 1027 3218 minusque
1047 3144 1193 3224 integram
1212 3149 1374 3214 editionem
1397 3157 1527 3220 8444444
1548 3163 1588 3221 45

10 3263 12 3294 ν
81 3206 202 3278 potius,
225 3203 395 3286 Theologus
424 3209 599 3272 parisiensis
623 3214 724 3276 clarus
752 3217 809 3276 nn.
865 3230 951 3306 hlajil
973 3235 1122 3298 sinceram
1140 3239 1157 3299 4
1174 3243 1386 3324 Manoscriptis
1406 3250 1586 3328 codicibus,

10 3295 11 3300 ’
82 3296 169 3358 4346.
188 3297 460 3378 archiepiscopum
479 3300 535 3364 An.
559 3305 631 3367 4324
656 3309 686 3367 44
704 3323 812 3370 secun·
865 3324 1074 3404 integramque
1088 3331 1225 3408 vulgavit
1238 3335 1447 3402 llenschenius
1461 3361 1488 3402 44
1502 3347 1587 3408 Actis

79 3385 115 3449 da
132 3390 326 3452 Narbonensi
339 3391 511 3470 Aquensem
523 3394 608 3473 (44444)
620 3398 810 3480 fuissem,
864 3415 1045 3479 Sanctorum
1067 3428 1140 3483 tom.
1161 3426 1210 3486 lv.
1229 3428 1296 3505 blaji
1316 3448 1381 3510 pag.
1400 3435 1544 3500 479-498.

80 3481 286 3544 trithemium
307 3497 372 3564 cap.
394 3487 462 3546 llll.
490 3492 674 3552 recentiores
704 3509 811 3554 omnes
905 3509 1051 3573 paunus
1064 3511 1200 3580 44444444
1214 3522 1315 3582 iacobi
1331 3526 1362 3584 4,
1379 3531 1516 3592 nonarius
1530 3535 1587 3594 444.

78 3577 189 3654 aiunt,
214 3583 306 3655 negat
337 3577 475 3640 Oudinus
506 3587 579 3642 torn.
601 3585 628 3645 3.
650 3604 716 3666 pag.
740 3589 810 3650 856.
865 3603 1034 3680 vurlensis,
1055 3608 1157 3671 clarus
1174 3615 1252 3676 circa
1270 3613 1327 3676 dn.
1347 3619 1434 3680 4366.
1456 3625 1586 3703 scriptor

79 3683 142 3746 seq-
163 3667 261 3747 cujus
277 3673 410 3740 tationes
427 3689 486 3733 uon
508 3679 749 3742 contemnendae
765 3683 810 3744 vi·
866 3691 1010 3757 Chronici
1034 3697 1070 3760 de
1096 3704 1188 3781 pestis
1210 3704 1240 3766 io
1260 3707 1442 3774 lombardia
1470 3717 1587 3780 Protei·

77 3757 201 3822 dentur.
226 3762 418 3826 cardinalem
440 3766 534 3828 luisse
555 3777 668 3848 negant
688 3790 810 3852 quoque
859 3795 934 3864 pum
949 3791 1155 3856 Vicecomiluru
1173 3805 1203 3858 et
1216 3803 1408 3867 Dominarum
1423 3809 1589 3874 Mediolani

79 3851 310 3916 Sammarthani
332 3864 405 3918 tom.
432 3861 458 3922 l.
487 3861 599 3937 Galliae
621 3864 809 3928 Christianae
863 3880 901 3940 ab
917 3879 975 3942 444.
994 3885 1082 3948 4256.
1098 3889 1135 3949 ad
1155 3893 1242 3954 4262.
1258 3896 1360 3959 Edidit
1379 3901 1504 3964 illustris
1522 3909 1586 3968 llu-

78 3963 143 4026 pag.
167 3947 221 4010 47.
245 3948 381 4011 barura
400 3949 526 4031 secundi
545 3971 711 4034 cognomen
739 3961 809 4021 tulii
864 3975 993 4036 raterius
1010 3984 1083 4040 tom.
1101 3984 1147 4043 46.
1165 3985 1302 4050 thesauri
1316 3993 1419 4054 ltaliae
1435 4014 1499 4075 pag.
1515 4000 1602 4076 297„

79 4047 158 4100 teste
183 4040 306 4100 Labbeo
329 4049 400 4102 tom.
422 4046 449 4104 2.
472 4044 510 4105 64
531 4047 561 4110 S.
587 4049 622 4110 Ε.
646 4068 713 4130 pag.
740 4053 807 4114 484.
863 4083 923 4128 444
944 4084 1014 4130 cum
1036 4071 1172 4150 eiusdem
1197 4081 1273 4142 Petri
1296 4082 1332 4145 de
1353 4087 1433 4150 Belle
1452 4090 1585 4173 Canopi-

77 4130 211 4212 Scripsit
229 4129 417 4194 breuiarium
431 4133 602 4202 Bibliorum
620 4145 687 4205 sire
705 4145 809 4224 Epito·
863 4156 948 4218 ciooo
968 4159 1025 4222 An.
1049 4165 1137 4228 4339.
1159 4186 1223 4250 seq.
1245 4180 1275 4236 cl
1295 4177 1448 4242 Comilalo
1474 4185 1588 4248 uerius·

79 4241 147 4286 men
171 4227 205 4286 S.
231 4226 405 4304 Scripturas
426 4229 513 4307 juata
542 4249 667 4297 sensum
695 4239 808 4302 littera·
862 4267 927 4328 pag.
945 4253 1012 4315 425.
1025 4257 1109 4328 Quod
1130 4269 1280 4340 posterius
1295 4275 1442 4351 scriptum
1458 4296 1494 4338 ex
1513 4280 1585 4342 Am-

78 4316 160 4396 lem,
180 4321 314 4398 Incipit:
336 4321 434 4384 Venite
449 4325 649 4390 ascendamus
667 4329 710 4392 cd
725 4350 808 4394 mou·
861 4337 951 4406 brosii
967 4347 1005 4408 dc
1016 4351 1249 4424 hoccacontrata
1261 4371 1434 4430 recensione
1445 4371 1480 4432 Α.
1495 4372 1583 4433 4464.

78 4415 134 4472 lem
158 4409 293 4472 Domiui.
321 4413 413 4474 Paris.
441 4417 528 4477 4568.
557 4421 644 4482 4565.
668 4425 807 4500 46458.
862 4436 957 4514 iacta,
979 4448 1010 4501 et
1041 4443 1202 4512 Gaudentii
1234 4457 1375 4534 Roberli,
1404 4463 1585 4526 carmelitae

79 4503 186 4566 Venet.
209 4503 300 4566 4568.
318 4505 406 4567 4574.
423 4508 450 4567 l.
466 4518 499 4570 et
512 4512 702 4591 Argentorati
720 4523 807 4582 l5ll.
862 4531 1052 4610 Parmensis,
1071 4542 1272 4611 miscellaneis
1293 4554 1420 4614 eruditis
1443 4557 1584 4633 ineditis,

81 4596 105 4656 l.
117 4606 150 4658 et
163 4611 244 4658 cura
256 4597 373 4661 Claudii
385 4587 808 4686 StephaniNovelletli,Theo
861 4623 912 4682 sed
933 4628 1034 4690 minus
1052 4634 1204 4700 sincerum
1224 4643 1373 4720 prodierat
1391 4650 1419 4710 iu
1439 4657 1520 4710 tomo
1536 4667 1584 4711 ae-

79 4689 134 4769 logi
158 4691 260 4752 Paris.
282 4700 477 4772 repurgatum
499 4703 531 4756 t‘l
551 4707 673 4763 aucium
696 4707 807 4768 tabulis
860 4719 960 4780 cundo
980 4724 1074 4786 blusei
1096 4731 1248 4796 Minervae
1270 4737 1402 4802 Venetae
1420 4743 1467 4818 (la
1486 4744 1585 4806 Galle-

79 4781 248 4860 analyticis
264 4785 357 4845 Paris.
376 4786 464 4846 4585.
484 4790 571 4851 4646.
589 4793 616 4852 8.
632 4795 806 4880 llotbomagi
862 4812 903 4869 ria
921 4809 951 4873 di
968 4817 1120 4896 Minerva)
1138 4830 1209 4886 lom.
1229 4830 1257 4889 2.
1275 4847 1340 4909 pag.
1364 4831 1507 4897 464-442.
1527 4839 1584 4898 Vc

81 4875 169 4935 4696.
197 4877 288 4937 4649.
313 4879 432 4938 Lovauii
457 4880 542 4942 4647.
570 4887 642 4947 Vide
665 4889 809 4954 Waddin·
867 4909 926 4962 net.
951 4905 1038 4968 4697.
1062 4912 1108 4971 444.
