3368 5362
154 203 214 264 404
327 173 333 183 ’
801 198 1015 261 neruus

194 306 341 368 tutttttts
360 304 598 383 tlugustitrianus
622 306 722 365 Novae
742 304 879 366 Civitatis

152 406 182 461 in
206 404 287 462 Latio
319 401 484 477 Episcopus
508 400 586 457 circa
618 400 651 458 A.
689 399 754 459 tto.
787 416 876 476 supra

154 497 266 557 Petrus
280 489 484 571 Brnm'qnelli.

195 587 340 651 PETllllS
359 584 554 646 Noveriensis
570 585 606 643 de
623 602 683 664 quo
703 588 807 646 Petrus
821 588 878 646 Lu·

153 687 253 745 censis
271 680 306 741 044
326 680 358 738 Α.
380 677 466 740 4484.
484 678 593 738 Eodem
611 695 688 757 anno
706 683 733 736 et
749 683 877 758 tempore

149 775 255 855 floruit
279 772 422 849 anister
458 773 565 830 l’etrns
591 769 804 846 Novariensis,
826 771 881 851 qni

149 869 210 950 snit
241 865 427 929 Porisiensis
451 865 635 944 Episcopus,
656 864 786 945 scriptor
809 882 877 925 sen·

152 965 315 1021 tentiarum
331 959 508 1036 Theologiae
520 1005 528 1032 ,
541 958 572 1017 in
585 955 696 1038 quibus
709 958 876 1018 continetur

149 1059 209 1115 toto
220 1050 413 1134 profunditas
430 1051 610 1130 Scriptnroe
623 1067 741 1111 sacrae.
759 1054 810 1112 llic
828 1059 876 1110 est

153 1151 260 1208 Petrus
282 1144 466 1207 bornborrtns
484 1144 521 1204 de
539 1164 599 1223 quo
618 1161 708 1223 supra
725 1164 753 1225 p.
773 1143 843 1206 tte.

190 1239 338 1301 PETRUS
356 1237 425 1299 04444
435 1284 441 1312 ,
463 1239 634 1299 Mouasterii
646 1238 787 1298 Alvastra
804 1236 875 1297 Ord.

149 1334 272 1395 cisterc.
291 1338 320 1393 in
348 1332 537 1409 Ostrogothia
562 1333 649 1390 l‘rior.
673 1329 875 1390 llenetntr'ones

150 1433 182 1489 8.
193 1428 357 1506 4144944404,
373 1445 409 1486 ex
430 1427 554 1487 Svecico
567 1426 658 1484 vertit
674 1425 787 1484 Latine.
805 1423 876 1483 Vide

152 1519 355 1582 414044040041
385 1520 419 1580 Α.
452 1517 536 1579 1378.
568 1518 720 1578 000414.
747 1524 779 1576 44
799 1533 876 1595 quae

150 1633 241 1695 supra
264 1623 335 1674 tom.
362 1617 388 1674 4.
411 1631 475 1691 pag.
499 1615 566 1673 969.

112 1694 116 1702 ’
189 1706 391 1769 rursusne
414 1707 523 1781 04440,
557 1705 757 1779 oxomensis,
779 1705 873 1779 intra,

151 1800 342 1863 limenensis.

190 1893 334 1956 PETRUS
351 1891 515 1968 Ostiensis,
531 1894 618 1969 cujus
637 1892 874 1952 lucubrationem

149 1991 178 2048 in
193 1988 301 2049 Codice
320 1992 408 2065 llegio
424 1989 516 2046 Paris.
538 1987 607 2045 895.
625 1985 743 2044 04441040
763 2002 875 2046 memo-

149 2089 195 2141 rat
213 2084 364 2158 Congius,
385 2098 442 2138 non
465 2079 606 2138 diversus
629 2085 663 2138 ut
681 2086 752 2156 pute
770 2081 787 2138 44
805 2094 875 2138 400-

147 2177 297 2234 410004040
315 2174 453 2234 Chronici
477 2173 584 2230 Leonis
599 2173 769 2244 Ostiensis,
789 2175 875 2231 Petro

18 2350 19 2354 Ἰ
147 2265 289 2327 Monacho
306 2266 463 2325 casinensi
479 2271 510 2322 et
520 2263 653 2323 Ostiensi
669 2265 800 2353 Diaceuo
815 2309 821 2337 ,
837 2263 874 2324 440

146 2375 206 2436 quo
228 2375 336 2437 supra,
359 2375 414 2436 pag
446 2358 513 2418 839.

69 2476 72 2480 ’
186 2454 330 2514 esteris
362 2449 607 2523 eaeooammts,
639 2459 783 2530 corrupte
819 2466 872 2529 pro

59 2550 62 2555 ’
145 2544 304 2624 riparensi.
361 2588 362 2592 ,

184 2638 328 2700 PETRUS
359 2636 557 2710 Polndonns,
576 2638 680 2699 Ordin.
703 2637 868 2698 Praedicat.

144 2732 305 2793 defunctus
323 2733 357 2816 Α.
377 2732 463 2793 1349.
482 2731 519 2790 de
534 2748 593 2808 quo
611 2732 642 2791 S.
657 2732 829 2792 Antoninus
847 2738 869 2791 t.

145 2828 174 2886 3.
186 2842 322 2887 summae
335 2825 438 2884 histor.
448 2842 513 2902 pag.
527 2823 596 2884 681.
608 2825 792 2885 Trithemius
802 2843 868 2905 cap.

146 2917 214 2978 589.
236 2917 348 2979 Natalis
369 2916 453 2976 414444.
476 2924 547 2976 tom.
569 2916 597 2976 7.
620 2933 685 2995 pag.
715 2918 782 2978 455.
805 2934 868 2995 seq.

146 3011 292 3070 llenricus
312 3009 499 3070 Warthonus
520 3008 556 3068 ad
576 3012 709 3072 caveum
725 3010 758 3070 Α.
783 3012 871 3090 isso.

143 3110 203 3162 etc.
219 3102 292 3161 Vide
310 3119 399 3180 supra
418 3120 482 3180 pag.
503 3103 570 3163 483.

115 3188 116 3193 ’
187 3195 333 3257 PETllUS
345 3194 539 3270 Pannonios,
555 3197 606 3272 qui
626 3195 773 3256 PAULUS
787 3195 871 3269 aliis,

937 310 964 366 in
984 308 1109 368 historia
1135 308 1293 385 Gymnasii
1321 311 1469 371 Naterrei
1502 330 1565 390 pag.
1592 317 1645 375 464.

975 403 1120 465 PETRUS
1138 402 1319 464 Passerinus
1333 405 1493 465 Utinensis
1508 408 1646 485 scripsisse

934 495 1012 573 apud
1027 497 1164 557 Vossiurn
1182 513 1246 574 pag.
1263 497 1331 557 534.
1348 499 1560 578 cangiumque
1573 499 1647 560 440411-

934 595 984 649 404
1000 586 1136 648 4440444444
1157 604 1262 648 rernm
1283 588 1544 668 Forojntt‘ensr'nm
1567 593 1601 653 ab
1618 593 1646 652 t.

934 682 1023 743 ttss.
1043 681 1079 742 ad
1104 683 1191 743 4356.
1211 684 1335 757 (1348.)
1357 686 1518 745 44000044.Ι
1534 685 1606 765 apud
1621 687 1647 746 il·

933 775 1058 835 lustrem
1078 777 1290 835 Fontnninum.
1308 776 1368 836 Sed
1383 794 1480 838 verus
1490 786 1591 838 auctor
1603 780 1648 839 ttt-

933 865 1071 928 tttNtts
1090 869 1261 929 canonicus
1279 864 1495 930 civitatensis.
1518 871 1588 930 Vide
1600 871 1650 931 din-

933 961 1009 1020 rium
1028 960 1216 1021 eruditorum
1235 961 1341 1022 ltaliae
1362 970 1387 1021 t.
1406 964 1461 1024 tx.
1477 982 1512 1042 p.
1529 965 1589 1025 454.

971 1051 1050 1113 ‘Vir
1061 1052 1398 1116 doctissimusdeeuius
1414 1058 1547 1117 amicitia
1559 1057 1648 1134 glorior

931 1151 961 1209 P.
983 1148 1172 1208 Franciseus.
1194 1149 1280 1206 Bere.
1302 1149 1347 1207 De
1369 1149 1486 1209 liubeis
1501 1150 1647 1210 chronicon

933 1240 1010 1301 istud
1025 1257 1124 1299 rerum
1142 1239 1394 1315 Foroiuliensium
1412 1238 1552 1320 vulgavit
1568 1245 1594 1300 in
1609 1259 1648 1320 ap

932 1333 1057 1411 perdice
1085 1332 1153 1391 vet:
1175 1348 1310 1391 monum.
1333 1332 1371 1392 ad
1409 1339 1649 1396 commentarium

931 1428 1085 1488 Ecclesiae
1099 1425 1302 1504 Aquileiensis
1318 1444 1348 1486 n.
1367 1429 1395 1486 8.
1414 1444 1537 1507 suoque
1549 1427 1646 1487 demun

931 1523 1043 1581 auctori
1059 1536 1136 1598 opus
1152 1522 1305 1593 restituit,
1325 1523 1440 1584 reiecto
1457 1525 1547 1581 Petro
1562 1524 1648 1581 tasse

932 1616 996 1672 rino
1024 1613 1061 1673 ab
1095 1611 1225 1674 Antonio
1257 1612 1372 1673 Belloni
1398 1614 1563 1676 tabellione
1591 1615 1646 1673 olim

931 1708 1065 1767 obtruso.
1077 1708 1172 1784 igitur
1187 1709 1287 1784 operis
1304 1705 1418 1766 author
1433 1708 1494 1776 luit
1507 1710 1646 1777 lulianus,

931 1801 968 1860 410
985 1817 1046 1878 quo
1068 1799 1115 1858 hic
1137 1799 1309 1875 Fabricius,
1332 1799 1387 1859 sed
1410 1807 1443 1860 et
1466 1803 1525 1861 4044
1545 1800 1646 1861 condio·

931 1903 1026 1954 torem
1059 1893 1163 1953 habuit
1195 1891 1364 1952 4040410444
1399 1889 1581 1968 0044440044ος
1608 1893 1645 1952 444

932 1988 1006 2048 10444
1034 1984 1172 2046 addendo
1204 1987 1351 2045 loannem
1375 1987 1509 2048 alterum
1543 1988 1645 2047 tratrem

929 2096 1031 2150 suum,
1053 2081 1103 2158 qui
1126 2077 1162 2139 ad
1185 2094 1233 2138 00.
1260 2076 1346 2137 taes.
1371 2080 1403 2137 in
1426 2079 1497 2140 eod.
1519 2081 1646 2142 chronico

929 2173 1103 2243 adnotavit:
1129 2170 1198 2248 ‘tipo
1222 2171 1354 2232 tonnnes
1371 2170 1547 2234 celebrante
1563 2172 1646 2252 pritno

901 2264 905 2270 ’
929 2267 1058 2328 Missam
1078 2280 1154 2324 nono
1174 2261 1222 2324 die
1243 2265 1323 2344 Mojo
1343 2272 1491 2328 currente
1511 2265 1646 2327 4404444444

924 2377 983 2439 per
1005 2360 1037 2422 C.
1059 2358 1117 2419 An.
1140 2358 1165 2416 44
1196 2358 1284 2420 rtet.
1307 2360 1387 2420 cum
1421 2377 1499 2421 vero
1529 2363 1644 2421 40444044

928 2455 992 2531 ipse
1009 2469 1088 2514 anno
1106 2450 1212 2512 eodem
1233 2454 1358 2512 missam
1374 2455 1507 2531 primam
1532 2454 1643 2516 44444444

927 2547 1004 2606 40414
1016 2590 1023 2618 ,
1037 2563 1095 2605 000
1115 2546 1153 2605 440
1171 2544 1256 2605 404410
1270 2542 1363 2604 credo
1379 2546 1553 2608 chronicon
1567 2561 1641 2608 suun

924 2638 1088 2718 producere
1116 2639 1251 2716 potuisse
1280 2651 1378 2715 usque
1410 2637 1449 2698 ad
1479 2640 1539 2700 40.
1570 2636 1641 2702 4364.

926 2733 1082 2810 multoque
1098 2733 1188 2791 etiam
1210 2729 1362 2791 minusad
1377 2730 1437 2792 An.
1451 2734 1543 2794 4384.
1561 2740 1592 2794 04
1606 2732 1642 2791 hic

924 2823 1078 2884 Fabricius
1101 2823 1222 2883 indicat.
1254 2823 1424 2885 chronicon
1460 2827 1567 2904 utique
1586 2842 1601 2885 a
1618 2823 1641 2881 P.

925 2918 967 2977 lle
986 2917 1095 2976 Rubeis
1115 2917 1271 2993 vulgatum
1286 2917 1409 2977 Annum
1427 2919 1508 2979 4361
1534 2933 1642 2978 nones

926 3015 1019 3088 perat,
1037 3026 1074 3068 ex
1094 3025 1153 3086 quo
1172 3009 1206 3068 tn
1224 3016 1256 3069 04
1275 3009 1492 3071 commentitia
1505 3013 1546 3070 044
1559 3026 1640 3090 prom

927 3105 1004 3181 gatis
1038 3119 1135 3180 usque
1163 3101 1198 3162 atl
1220 3101 1285 3161 ¹rln.
1315 3100 1404 3163 4384.
1432 3105 1589 3165 4400400104
1607 3120 1643 3180 ap·

927 3195 1095 3257 Fabricium
1123 3196 1181 3255 hie.
1201 3195 1261 3259 Sed
1280 3212 1351 3256 curn
1375 3205 1447 3275 post
1465 3199 1502 3264 44.
1520 3198 1602 3274 4331.
1620 3198 1640 3253 44

57 3299 60 3302 ·
147 3288 216 3349 vide
238 3305 329 3364 supra
347 3304 413 3365 pag.
433 3287 501 3346 tte.

695 3336 698 3342 .
926 3287 1073 3348 chronico
1082 3290 1113 3347 P.
1131 3289 1173 3348 440
1187 3287 1299 3348 41044040
1311 3305 1411 3350 440400
1423 3289 1545 3366 legatur
1555 3289 1643 3349 titulus

184 3381 332 3443 stritus
345 3382 459 3440 Parem
471 3381 731 3457 (44444444),Μο404
745 3382 775 3441 F.
789 3380 872 3440 nohi—
922 3383 965 3439 in
982 3381 1062 3440 hauc
1083 3383 1277 3440 sententiam.
1302 3380 1336 3440 tn
1359 3379 1483 3442 libretto
1507 3385 1587 3442 ltom.
1607 3381 1641 3438 to.

19 3500 22 3505 ·
145 3476 180 3536 lis
195 3476 386 3536 Florentinus
407 3481 438 3533 et
460 3476 537 3534 inter
554 3476 750 3553 Magistratus
772 3475 810 3533 ab
832 3475 867 3534 Α.
923 3471 1026 3532 Jacob.
1040 3474 1083 3533 De
1103 3473 1642 3538 4144440444ε40404440400104414440444-

143 3568 322 3631 44890414.
338 3566 426 3630 1504.
440 3570 545 3627 Latine
556 3569 796 3647 quaescripserit
809 3584 868 3626 non
923 3585 1000 3640 000,
1024 3567 1076 3627 sed
1099 3585 1169 3627 eum
1193 3569 1414 3650 interruptione
1432 3569 1640 3648 0000004144.

143 3664 276 3739 comperi
290 3682 297 3721 :
310 3661 362 3721 sed
381 3661 545 3721 Memoriae
558 3660 625 3737 eJ'us
640 3658 813 3719 Htstoricos
832 3658 869 3718 ab
924 3660 1013 3723 tete.
1031 3669 1127 3737 etque
1145 3659 1215 3719 inde
1234 3659 1367 3720 ducatur
1386 3663 1543 3741 usquead
1570 3661 1640 3724 tati.

146 3754 180 3813 h.
193 3754 281 3814 1476.
297 3754 398 3814 italice
418 3754 519 3832 lingua
531 3755 715 3830 compositas
727 3759 758 3810 04
775 3768 867 3810 manu
925 3771 983 3812 non
1004 3756 1084 3814 inani
1099 3752 1388 3828 coniecturajudico
1406 3771 1479 3817 esse
1500 3757 1557 3817 hoc
1576 3752 1642 3816 041414

142 3848 272 3904 auctoris
296 3853 436 3905 exaratas
458 3845 577 3907 duobus
600 3845 812 3907 Voluminibus
838 3847 866 3902 in
923 3853 1092 3909 tamencum
1107 3846 1377 3906 alteriusauthoris
1377 3850 1639 3928 ,cunrpraesertin

69 3948 74 3955 ·
144 3937 324 3998 Bibliotheca
352 3938 546 4012 8440444000,
575 3938 688 4000 40041044
719 3936 806 3997 video
839 3940 866 3996 40
924 3941 1055 4017 epitome
1077 3939 1216 3999 chronici
1240 3940 1349 3999 tuliani
1372 3940 1411 4001 ab
1434 3941 1641 4002 esttenete

144 4029 271 4087 Drario
254 4029 446 4090 Lrudttotum
461 4032 597 4092 44044044
609 4033 744 4092 XXVlll
757 4050 784 4109 p
798 4031 866 4092 228.
923 4032 1034 4092 hubeis
1056 4032 1178 4109 vulgata
1201 4030 1360 4092 ibidemu.
1382 4035 1411 4092 9.
1438 4036 1520 4150 01440
1541 4047 1637 4096 annunt

186 4120 493 4194 enitescerent,
505 4127 710 4186 MonachusS
726 4126 868 4185 Germani
924 4127 1016 4186 1331.
1033 4131 1189 4186 excurrat.

145 4214 183 4274 de
206 4215 299 4273 eratis
311 4213 423 4291 ,cujus
443 4216 623 4277 Sermones
617 4235 645 4276 40
669 4217 868 4279 bibliothecae
964 4216 1046 4278 ldem
1064 4219 1174 4277 4014004
1198 4217 1369 4278 chronicon
1388 4237 1406 4280 e
1425 4221 1551 4282 schedis
1568 4219 1638 4296 croi

146 4307 866 4390 sangermannenstscodest.evolvttCangtus.
922 4309 1394 4390 tthoroJuhensrsdescriptum
1406 4315 1547 4393 vulgavit
1559 4316 1637 4374 tlara·

184 4399 331 4461 ternus
365 4397 516 4460 Perocht'n
554 4405 619 4461 0440
658 4402 867 4466 Perochr'onns
925 4406 1022 4465 torius
1040 4405 1106 4463 4144.
1130 4405 1196 4464 1404.
1220 4410 1241 4461 4.
1260 4405 1368 4464 XXIV.
1392 4424 1419 4483 p.
1445 4409 1533 4468 4493.
1551 4406 1634 4466 setin

142 4491 380 4573 Gymnasiareha
399 4491 670 4557 Grammaticorum
688 4500 716 4555 in
736 4498 867 4575 Collegio
923 4492 1079 4559 4001410044
1096 4512 1130 4555 eo
1148 4512 1239 4573 quem
1257 4495 1339 4557 dedit
1360 4501 1390 4559 P.
1405 4502 1448 4560 lle
1463 4496 1634 4572 nubsisti

143 4587 303 4650 Navarrico
321 4586 482 4645 Parisieusi
504 4585 540 4646 ab
563 4587 597 4646 h.
618 4590 704 4649 1396.
722 4588 758 4650 ed
779 4589 866 4650 ttot.
920 4608 1054 4651 40440444.
1075 4591 1107 4649 40
1126 4590 1309 4668 praelatione
1330 4594 1458 4654 4040041
1479 4594 1534 4655 hoe
1551 4597 1631 4672 ipsun

143 4679 230 4757 cujus
245 4685 407 4740 tractatum
425 4677 460 4738 tle
479 4679 865 4742 Constitntr'oneNominnm
921 4685 1089 4744 chronicon
1120 4689 1251 4748 testatur
1281 4686 1485 4757 muratorius,
1515 4682 1629 4747 schedas

145 4776 175 4831 et
196 4769 360 4831 Verborum
378 4774 527 4833 11000004.
548 4773 577 4830 40
596 4772 731 4839 biblioth
754 4777 867 4835 Coene
921 4778 987 4837 illas
1002 4777 1125 4854 espituli
1150 4783 1304 4837 vetustate
1330 4794 1470 4840 corrosas
1487 4796 1554 4840 esse
1570 4772 1628 4836 mul·

146 4863 173 4921 bi
190 4865 217 4923 S.
237 4865 362 4926 Victoris
379 4867 467 4926 Paris.
488 4875 634 4925 4440400404
651 4870 693 4925 40.
714 4868 865 4942 launoius
922 4872 960 4928 tis
988 4872 1015 4928 in
1051 4871 1122 4929 locis
1144 4879 1173 4929 et
1197 4878 1301 4930 4044440
1320 4873 1512 4948 antiquitatis
1542 4879 1570 4931 04
1597 4880 1623 4920 tt
