3630 5422
231 129 292 194 632
858 133 895 196 lt.
931 130 1097 196 Fauni

234 239 424 315 astantibus,
442 236 526 299 velut
543 236 671 299 extremi
698 237 755 300 dini
785 257 948 322 praesagus
1002 249 1085 304 extra
1103 250 1287 323 praesentem
1303 245 1423 306 formam
1434 243 1672 306 exactissimrcm·

229 332 401 407 contendit,
419 329 470 393 sed
490 332 675 393 salvotorem
693 334 784 394 etiam
797 334 895 413 ipsum
907 335 950 395 ef·
1002 337 1152 399 sideratio.
1163 338 1291 400 clarebit
1305 340 1431 399 carmine
1446 353 1573 408 marmor,
1587 337 1672 394 eterit
1766 351 1767 426 ι

231 427 386 506 llagitavit.
402 424 447 486 nd
466 427 720 506 religiosissimam
734 435 880 501 mortem,
896 430 949 489 im·
1004 433 1033 490 in
1062 431 1122 491 foro
1152 433 1289 493 literario
1317 434 1451 493 monitrix
1477 432 1549 492 illius
1571 429 1673 489 virtutis

231 536 281 581 mo
296 537 367 580 vero
385 521 477 581 vitam
492 523 709 600 sempiternam
727 521 949 599 religiosissime
1004 541 1123 603 semper
1139 531 1236 586 erecta
1253 531 1361 587 statua.
1374 527 1411 587 st
1421 524 1532 604 quidem
1542 523 1564 582 si
1577 523 1672 592 virtus,

232 629 264 674 se
281 615 460 692 composuit.
478 614 580 675 Febris
596 616 720 678 vexavit
734 616 818 677 illum
838 617 950 696 primo,
1005 621 1029 678 si
1046 620 1190 698 probitas,
1207 620 1233 679 si
1251 619 1350 680 divina
1370 619 1445 680 illius
1470 617 1589 678 doctrina
1617 613 1675 674 nihil
1766 687 1767 692 ἵ

233 724 300 768 mox
329 708 519 770 tuberculum
538 708 575 770 ad
591 707 708 771 laevam
732 727 837 772 eurem
864 717 951 772 extu·
1004 712 1212 775 admirationis
1237 714 1391 793 promerita
1405 718 1463 788 est;
1478 712 1500 771 si
1514 712 1619 786 signum
1633 707 1676 767 ab
1766 699 1767 704 ’

230 799 367 863 bernium
384 803 492 880 capitis
517 801 642 864 humore
671 803 825 865 inlluente.
849 804 951 865 Inedia
1006 810 1046 868 sit
1062 824 1163 881 omne,
1179 808 1203 869 si
1221 825 1302 881 cera,
1316 809 1339 868 si
1354 821 1463 886 gypsus
1481 821 1533 865 uon
1551 801 1677 875 referant3

230 908 336 956 curare
354 902 415 956 tam
433 895 544 957 febrem
560 913 651 976 quam
663 897 814 958 exitialem
830 898 951 959 anthra·
1006 902 1066 963 lloc
1082 918 1201 981 semper
1219 901 1409 961 immortalem
1425 898 1522 971 nobis,
1537 901 1566 956 et
1584 907 1678 954 memo
1765 899 1767 1040 q

230 1003 296 1050 cem
307 989 390 1050 illum
404 991 692 1069 existimavitposse.
701 990 759 1052 Sed
769 998 952 1053 consecutus
1006 993 1134 1057 randum
1152 995 1255 1056 reddet
1270 995 1472 1074 Pomponium,
1484 988 1556 1070 quod
1574 988 1598 1048 in
1614 988 1680 1047 illius

231 1088 279 1143 est
295 1082 432 1145 delectus
450 1084 555 1163 reliqui
566 1087 718 1163 corporis:
736 1087 784 1147 cui
801 1084 950 1147 medicum
1004 1088 1086 1149 obitu
1099 1095 1212 1168 patres,
1226 1089 1323 1166 pueri,
1338 1103 1440 1160 senes,
1456 1083 1590 1166 juvenes,
1602 1079 1680 1153 docti,

232 1175 348 1238 nullum
367 1177 533 1239 fomentum
553 1171 680 1239 subinde
696 1182 792 1258 potuit
806 1179 952 1242 submini-
1006 1180 1132 1254 indocti,
1149 1181 1301 1254 advenae,
1315 1182 1410 1255 cives,
1426 1176 1592 1240 desiderium
1604 1173 1683 1234 maxi·
1766 1247 1767 1254 ἵ

231 1275 337 1331 strare.
354 1265 407 1331 Ubi
427 1272 478 1331 fati
502 1273 713 1333 necessitatem
740 1273 876 1352 agnovit,
903 1289 952 1334 uc·
1005 1291 1088 1336 mum
1114 1274 1325 1348 ostenderunt;
1354 1291 1408 1335 nec
1435 1290 1451 1334 s
1482 1269 1627 1348 lachrymis
1652 1283 1679 1326 e·

229 1363 373 1424 cumbere
386 1379 419 1424 se
435 1364 534 1426 lassus
545 1372 606 1438 est,
621 1381 656 1426 ac
669 1366 697 1426 iu
713 1373 808 1427 morte
822 1371 950 1428 mortem
1005 1375 1076 1431 tiam
1098 1376 1130 1430 et
1150 1369 1280 1448 singultu
1302 1369 1395 1431 uberti
1416 1373 1614 1445 temperavere.
1632 1359 1681 1420 lo·

232 1465 446 1536 superaturum
464 1475 498 1520 se
510 1457 647 1536 jactavit.
665 1460 727 1521 Non
744 1459 951 1538 disjectusest
1006 1463 1044 1526 le.
1069 1464 1116 1524 Ex
1138 1463 1210 1524 urbe
1241 1462 1454 1524 desolatissiuta
1478 1456 1526 1520 lll.
1553 1454 1592 1516 ld.
1616 1449 1683 1514 lonii

233 1551 281 1612 ille
297 1567 390 1613 sensu
409 1569 467 1612 non
492 1550 656 1613 excanduit
673 1552 755 1614 diem
774 1569 949 1634 supremum
1008 1557 1266 1624 uccccxcvltl.

232 1647 310 1724 exigi
321 1662 329 1723 3
348 1663 406 1706 nou
426 1647 509 1708 luctu
526 1653 557 1706 et
575 1647 725 1725 squallore
745 1649 880 1710 visentes
899 1665 952 1709 ex·

84 1817 92 1830 ,
232 1745 334 1800 terret.
353 1741 462 1801 laetus
486 1741 537 1818 qui
566 1741 660 1803 noluit
685 1745 713 1802 in
743 1742 805 1803 vita
833 1757 954 1821 semper
1142 1745 1392 1810 flluuotttlll
1421 1737 1575 1805 DONll'll

120 1903 125 1908 ,
232 1832 387 1912 appellari,
404 1832 502 1894 laetus
513 1835 788 1913 extititsemperet
802 1836 830 1895 in
847 1841 952 1896 morte.

233 1927 361 1988 Ablatus
377 1937 425 1988 est
443 1925 527 1989 nobis
546 1926 607 2005 jem
634 1929 886 2007 septuagenarius
915 1927 950 1989 V.
1240 1932 1349 1996 patritii
1382 1928 1483 1993 Veneti

234 2019 277 2080 ld.
295 2021 352 2082 sub
367 2036 535 2100 vesperam.
548 2022 671 2081 Postero
682 2021 730 2082 die
748 2022 776 2080 in
792 2023 852 2082 Are
869 2020 951 2082 Coeli
1415 2015 1417 2020 ’
1588 2096 1593 2109 Ι

236 2113 265 2173 iu
282 2112 405 2176 editiore
419 2113 504 2174 collis
519 2112 635 2193 Tarpeii
655 2130 742 2192 rupe,
763 2113 846 2175 lauro
868 2131 953 2176 coro·
1047 2107 1238 2190 Epitaphium
1253 2123 1390 2189 graecum
1416 2104 1445 2164 iu
1466 2103 1652 2179 Pomponium.
1766 2175 1767 2182 ἵ

236 2212 327 2269 uatus
343 2207 471 2283 virenti,
490 2207 607 2268 tumulo
624 2206 752 2268 traditus
767 2215 823 2268 est.
841 2208 953 2270 llaeres

236 2299 375 2363 Matthias
390 2299 555 2380 discipulus
571 2317 624 2380 per
640 2299 769 2362 dilectus
781 2300 859 2364 haud
878 2302 953 2363 mul·
1007 2287 1040 2360 tl
1061 2295 1116 2376 ξένε
1133 2293 1197 2356 rid!
1215 2291 1289 2367 elea
1307 2289 1416 2363 κλὲθῧ
1430 2283 1529 2351 ἲνθᾶδε
1545 2286 1630 2346 ’‘lii“

236 2399 301 2456 tum
314 2393 439 2467 dilatus,
448 2395 579 2475 agellum
591 2401 623 2454 et
633 2393 846 2457 domunculam
862 2395 952 2457 libros
1029 2383 1186 2462 salevelt
1204 2388 1299 2448 notre
1319 2380 1466 2469 [leprosis
1482 2373 1592 2456 tepent

234 2503 346 2567 paucos
362 2494 394 2550 et
411 2487 630 2569 supellectilem
649 2486 796 2549 modicam
814 2507 852 2550 ex
870 2491 951 2551 omni
1004 2485 1130 2559 E'otlthn
1141 2487 1234 2566 ῥώμης
1246 2479 1430 2564 κῑιδθμίνα
1447 2473 1496 2540 τὺ
1512 2473 1534 2536 δ’
1549 2463 1691 2550 Mlti&

234 2580 417 2643 haereditate
431 2583 589 2660 accipiens.
605 2581 691 2654 Quod
705 2584 786 2644 enim
801 2583 950 2663 argentuli
1046 2577 1126 2642 ilerd
1142 2577 1198 2646 einr
1213 2573 1333 2659 paces,
1351 2570 1401 2634 καῖ
1417 2567 1540 2652 zopirus
1552 2557 1689 2643 *limbi
1766 2647 1767 2660 ,

235 2674 302 2750 fuit,
320 2675 393 2737 dum
409 2676 511 2747 cubat,
529 2673 706 2755 depensum.
718 2677 756 2737 Et
775 2677 865 2739 funus
879 2677 952 2739 ami·
1006 2675 1041 2736 rt’
1058 2669 1151 2750 γεραιὲ
1167 2679 1248 2754 μῶν,
1266 2653 1418 2744 πᾶτερῗιπεε
1435 2654 1659 2742 nictirocinio*
1766 2701 1767 2724 ,

233 2784 336 2830 corum
356 2769 506 2849 impendio
523 2770 647 2830 elatum.
665 2769 897 2830 Commendavit
913 2767 950 2831 ud
1045 2764 1187 2851 dipteron
1203 2763 1322 2826 ninii&
1338 2761 1444 2838 δάκρυιι
1461 2754 1537 2821 κοινὰ
1550 2750 1616 2834 χέει·

235 2863 428 2942 sepulchrum
457 2863 564 2925 Petrus
591 2865 706 2925 llarsus
732 2865 951 2942 extemporaria

234 2955 376 3034 quidem,
393 2955 446 3018 sed
464 2956 591 3035 eleganti
607 2964 638 3017 et
655 2957 808 3018 luculenta
819 2958 952 3018 oratiun-
1088 2954 1228 3037 Ejusdem
1245 2952 1275 3016 in
1293 2952 1429 3016 Latinum
1452 2958 1621 3012 conuersum.

235 3050 312 3112 cula.
330 3052 545 3113 Convenerunt
564 3052 619 3111 viri
637 3053 750 3130 quique
768 3050 953 3126 doctissimi,

237 3142 289 3205 sed
307 3152 338 3212 et
356 3146 448 3224 ignari
467 3145 620 3206 literarum
645 3145 694 3206 illo
722 3161 847 3207 munere
864 3151 896 3207 et
912 3145 954 3205 ol·
1009 3147 1122 3226 Hospes
1139 3143 1200 3208 adi:
1217 3159 1357 3207 venerare
1373 3140 1465 3203 decus
1479 3149 1635 3214 numenque
1648 3145 1687 3192 se·

238 3236 303 3300 licio
317 3255 421 3300 curere
440 3238 613 3300 noluerunt.
629 3239 775 3301 Osculum
801 3246 872 3300 unte
900 3239 955 3301 hu·
1557 3225 1671 3310 pulchri:
1766 3229 1767 3232 '

236 3333 397 3394 mationem
415 3332 533 3411 plurimi
553 3349 611 3393 nou
630 3333 875 3412 perhorruerant.
890 3335 951 3395 hlu-
1050 3336 1101 3396 llic
1122 3333 1254 3396 resident
1274 3330 1352 3392 Laeti
1374 3325 1517 3406 Pomponii
1536 3324 1650 3392 eineres,

236 3433 316 3490 tatae
334 3434 437 3488 vestes
451 3434 524 3506 quot
539 3443 598 3486 non
611 3425 716 3487 credat
729 3428 904 3506 posteritas,
922 3433 954 3488 et
1008 3430 1148 3492 Extincto
1160 3428 1323 3489 estllomae
1337 3421 1513 3503 praecellens
1523 3415 1692 3498 gloria.luget

236 3519 375 3601 publicus
393 3538 483 3600 prope
502 3520 603 3583 luctus
623 3520 727 3584 urbem
744 3523 865 3582 invasit.
877 3523 954 3582 Exe-
1049 3525 1140 3584 Docta
1161 3518 1292 3599 Cohors,
1314 3523 1425 3580 moeret
1454 3513 1552 3586 llusa,
1583 3510 1689 3590 gemunt

236 3616 322 3694 quies
340 3614 638 3677 munificentissimus
655 3616 830 3692 instruunt;
849 3615 877 3674 in
890 3616 956 3693 qui·
1534 3605 1674 3704 chiristi·

235 3707 294 3770 bus
308 3709 437 3787 peractis
454 3710 562 3787 sacris,
581 3710 720 3788 quisquis
733 3708 825 3788 pollet
843 3710 952 3787 igenio,
1010 3711 1052 3772 'l'e
1075 3711 1220 3772 moriente
1233 3703 1353 3787 quidem
1366 3701 1518 3783 juvenum,
1534 3705 1610 3780 pater
1624 3697 1689 3772 optr-

235 3800 503 3882 depromitaliquid
517 3806 546 3865 in
559 3805 728 3884 publicum,
744 3810 777 3865 ut
789 3812 954 3884 agnoscant
1506 3811 1570 3863 me.
1589 3787 1655 3851 filiii

236 3895 375 3959 ludorum
387 3899 574 3960 scenicorum
584 3905 818 3960 restauratorem
829 3900 952 3960 unicum
1049 3883 1684 3963 Publicacommunesmoesttttestaohrpuas

236 3995 372 4068 quoquot
385 3991 442 4052 sub
460 3991 507 4052 illo
524 3992 707 4055 claruerunt.
733 3994 764 4056 ln
785 4009 844 4072 quo
862 3995 955 4073 pieta·

236 4084 277 4144 tis
293 4091 470 4163 argumento
488 4089 629 4165 quoniam
653 4087 784 4167 elligiem
807 4086 886 4148 illius
902 4103 955 4148 er·
1068 4073 1295 4140 lohltrtus
1336 4061 1578 4133 tutaturi
1593 4053 1642 4123 US

257 4178 365 4239 rimere
393 4179 521 4241 lebella'
551 4183 711 4242 remissum
743 4197 833 4242 saee
893 4199 930 4243 au

236 4195 323 4350 gres,
339 4253 512 4335 'sed'omine
529 4199 649 4354 {emper
665 4198 892 4354 quodamquevnr‘r
909 4201 955 4336 inq
1159 4231 1380 4299 HIERONYMO
1419 4225 1562 4294 Domo

236 4369 297 4428 vito
316 4369 388 4430 mihi
410 4370 610 4448 interceptum
643 4385 755 4432 munus
782 4386 840 4429 non
870 4371 952 4449 potui
1234 4394 1347 4458 Omma
1368 4394 1487 4457 peneto,

235 4462 325 4524 homo
342 4463 451 4544 expers'
469 4465 538 4527 olim
557 4480 683 4533 scenae,
703 4461 825 4525 induam
840 4471 872 4525 et
889 4465 952 4544 ipse

235 4556 334 4620 forsan
353 4560 489 4622 mimum.
508 4561 545 4622 Ut
570 4560 702 4620 sentiant
723 4559 952 4621 fortunatissimi
1048 4501 1264 4640 Epigramma
1285 4563 1369 4619 tuum
1386 4553 1423 4616 de
1440 4548 1587 4630 Pomponio
1599 4551 1686 4645 θηρῶ

236 4667 362 4724 manes,
380 4653 459 4730 quod
478 4661 546 4734 post
564 4652 707 4732 injectum
728 4671 858 4714 marmor
879 4653 954 4715 cari·
1006 4656 1153 4735 seriptum
1182 4649 1256 4714 adeo
1288 4666 1356 4713 sum
1388 4646 1559 4718 admiratus,
1580 4643 1611 4700 ut
1627 4645 1681 4712 stul

234 4748 282 4805 tas
294 4745 341 4808 illa
352 4753 384 4808 et
394 4747 559 4810 recordatio
572 4748 761 4809 sanctissima
776 4750 950 4809 meritorum

236 4837 264 4897 in
280 4854 370 4902 auras
385 4858 444 4904 nou
462 4849 697 4921 concesseruut,
724 4842 876 4923 sepulchri
894 4843 952 4903 erit
1046 4842 1082 4924 (a)
1105 4831 1266 4902 utitem.

1765 4161 1767 4204 l
