3368 5362
89 164 151 229 508
339 184 343 191 ·
565 156 715 220 fluuii
753 160 1126 231 SEPTIMELLEN.

91 273 145 332 Tol
159 269 246 339 mela,
264 273 304 327 ioi
315 282 423 340 poenas
439 265 540 336 perior,
555 266 664 337 quodsi
680 268 743 338 quis
754 282 817 324 aro·
884 272 990 329 Cuncia
1005 276 1181 336 molendinat
1197 280 1355 340 mobiliore
1370 291 1447 343 rolai

749 383 815 425 nam
865 368 932 427 Sora
948 373 1036 442 uiola,
1053 391 1113 431 sors
1131 377 1222 447 peior,
1239 397 1307 438 sors
1323 387 1454 455 pessima,
1468 403 1543 461 canpe
1552 360 1592 495 *11

113 471 247 529 Conierai
263 469 291 525 in
309 482 437 536 numero,
450 466 534 527 'cedei
550 482 637 523 arena
653 465 735 523 meis.
1187 524 1190 531 Ι
1455 490 1543 559 ΜΨ.
1590 478 1592 485 ·

91 571 201 642 Pagina
220 570 258 628 eii
277 570 408 635 coelum;
434 566 494 623 sini
512 566 626 622 lroudes
644 565 759 627 scriba:
778 565 817 624 sil
883 570 1031 627 Faciuram
1047 573 1122 643 lurpi
1139 577 1277 644 proibeai
1295 590 1360 640 arie
1376 590 1459 642 luam.

741 666 815 721 unda
864 667 955 732 Hunc,
970 679 1058 740 paler,
1074 673 1146 730 banc
1162 679 1312 751 animam,
1327 683 1547 756 miseraqurnru

110 771 298 832 incommune
309 767 384 821 mala
398 781 453 820 noo
471 769 564 821 unsina
577 763 688 819 relerre
703 768 816 834 quecui.
1419 800 1453 839 ,η
1466 787 1544 847 mu,

91 872 162 931 Tam
179 866 315 940 grauibus
333 868 441 933 laedor,
457 865 530 935 qood
549 879 609 921 noo
623 864 718 933 peiora
734 866 816 920 lime·
882 869 964 925 lianc
979 871 1112 943 lacrymis
1128 875 1248 944 plenam
1265 884 1401 953 suscipe,
1417 886 1544 954 redderis

747 977 813 1030 ⁸⁰0,
862 969 948 1026 diruo
968 985 1080 1041 parens,
1101 976 1245 1048 animam,
1266 994 1361 1049 quam
1384 999 1482 1053 poena
1496 992 1553 1039 niu

108 1070 163 1141 Qui
179 1068 266 1125 mirer
276 1072 319 1124 eci
329 1079 447 1129 summo,
459 1064 520 1135 pios
534 1062 620 1119 miser
632 1076 695 1117 esse
706 1062 811 1131 nequii.
1466 1081 1556 1150 ως

13 1155 74 1209 ¹²⁰·
93 1170 135 1228 su
151 1170 300 1225 maledicio
317 1167 387 1233 dies,
404 1165 432 1220 in
448 1179 502 1234 que
518 1160 809 1231 contemnamque
871 1167 999 1238 Suscipe,
1015 1184 1098 1240 quam
1115 1169 1230 1244 Slygiis
1249 1183 1346 1233 occal
1362 1177 1484 1251 Erinnys
1495 1180 1554 1250 nole

108 1269 156 1327 bic
172 1275 264 1325 maier
279 1268 399 1336 peperii‚
415 1263 451 1320 sii
467 1263 613 1319 maledicio
630 1262 701 1316 dies.
858 1264 949 1333 Quam
962 1268 1026 1324 ieril
1040 1270 1153 1338 aiecio,
1168 1284 1264 1341 quam
1280 1270 1562 1349 Tiresipiimnqoea

90 1366 134 1425 Sil
147 1366 298 1422 maledicio
314 1365 383 1432 dics,
396 1378 450 1433 qua
466 1363 530 1417 suxi
547 1369 653 1431 pocius,
669 1367 697 1418 ei
712 1360 741 1416 in
754 1375 809 1432 quo
1504 1377 1558 1444 Μ

107 1466 141 1522 iu
154 1466 234 1520 cunis
249 1465 335 1532 sagii,
352 1463 390 1518 sii
406 1462 554 1518 maledicia
571 1460 642 1515 dies.
879 1457 930 1515 Cui
947 1461 1055 1518 loriuna
1076 1468 1171 1530 nocei,
1189 1479 1329 1535 quamue
1347 1470 1466 1540 Megera
1478 1472 1530 1527 ierii.

92 1563 133 1620 Sil
149 1564 299 1619 maledicio
316 1561 386 1616 dies.
403 1557 486 1613 Viiae
502 1558 650 1614 devenire
665 1558 794 1629 sepulcro
863 1555 939 1627 Ergo
952 1563 1028 1628 pium
1046 1561 1137 1631 pieias
1155 1569 1183 1619 le
1202 1568 1329 1636 roddal,
1347 1575 1378 1624 ui
1396 1568 1474 1640 impia
1486 1572 1555 1625 cessei

108 1661 156 1718 bie
172 1664 376 1728 irasmuiassel‚
392 1674 408 1711 o
425 1658 509 1724 Deus,
525 1658 574 1713 illa
590 1654 672 1711 dies!
879 1659 988 1727 aiecio,
1005 1660 1139 1714 miserum
1155 1677 1235 1731 quae
1251 1666 1397 1724 lacerare
1409 1670 1481 1736 cupii.

93 1760 164 1819 Cum
178 1762 263 1817 dabri
278 1759 365 1815 ubera
381 1764 482 1826 maier,
499 1772 535 1811 ne
551 1757 626 1812 mela
642 1761 717 1812 lania
734 1755 811 1814 ride-
863 1753 905 1811 Tu
920 1772 1028 1828 quoque
1040 1761 1139 1814 vesani
1151 1767 1388 1833 promptissima
1400 1785 1473 1825 eausa
1481 1768 1561 1825 doloris

728 1870 809 1924 rem,
879 1855 1027 1924 doscella,
1042 1865 1071 1913 ei
1086 1861 1220 1930 sceleris,
1237 1864 1375 1938 perlida,
1387 1869 1453 1925 sirie
1465 1876 1537 1923 roiam

105 1958 247 2017 Debuerat
263 1956 366 2028 iugulis
382 1955 558 2027 prosecuissc
571 1959 664 2025 capul.
862 1951 1035 2011 verberibus
1055 1972 1195 2029 praeceps
1216 1963 1298 2019 diris
1321 1965 1447 2037 lorium,
1463 1968 1515 2038 quid
1526 1965 1556 2019 bor

87 2059 200 2117 Mortua
216 2073 283 2115 uam
299 2057 402 2114 melius
422 2056 598 2112 abscondero
617 2054 746 2112 membre
764 2070 810 2111 se·
1517 2072 1552 2129 ip,

698 2155 805 2224 pulcro,
875 2150 955 2219 Quod
967 2162 1050 2225 capul
1065 2156 1168 2228 affligis
1186 2161 1339 2222 insidiosa
1357 2167 1477 2224 meuroi

109 2256 199 2325 Qurrn
217 2255 342 2311 vivendo
357 2254 412 2325 pali
428 2252 569 2310 deleriora
584 2267 663 2310 nece.
857 2251 918 2319 Quo
934 2256 1020 2324 rapis,
1036 2273 1051 2311 o
1067 2257 1136 2327 iera,
1152 2260 1228 2316 me?
1245 2262 1398 2324 Croesum
1413 2263 1542 2337 lucianii,

91 2354 196 2413 Omnia
212 2354 466 2411 coniuraniiume.
482 2352 806 2424 Paleralmemiserlus,
1460 2367 1539 2423 m

103 2453 255 2513 Succurras
271 2456 384 2523 misero,
400 2469 465 2524 spes
482 2470 554 2520 mea,
571 2466 680 2508 summe
694 2458 787 2522 paler.
874 2448 992 2509 Nurlora
1007 2451 1180 2527 Thersiiem‚
1198 2461 1321 2532 turpius
1337 2480 1410 2523 rusa
1427 2469 1502 2524 uelis

857 2551 999 2625 Numquid
1019 2572 1073 2626 ego
1090 2556 1251 2617 Scariolb?
1271 2570 1420 2638 numquid
1439 2584 1492 2625 sun
1510 2567 1549 2623 i*

321 2651 408 2707 Lroaa
424 2649 572 2707 saconooe.
1435 2668 1496 2724 riori
1507 2667 1551 2721 mil

189 2783 192 2791 ·
875 2755 947 2812 Tam
966 2758 1095 2825 graviier
1108 2761 1204 2815 merui
1221 2766 1305 2822 lania
1323 2766 1442 2835 flagelio
1457 2764 1515 2838 priil

82 2800 220 2923 plange,
237 2850 335 2923 miser,
351 2853 469 2923 palmas.
488 2851 613 2907 Henrice
632 2850 805 2921 miserrime,
857 2856 947 2913 Siolia
963 2858 1028 2928 quid
1044 2858 1152 2914 insanis
1168 2867 1256 2930 copoi
1273 2862 1358 2920 boc?
1372 2876 1456 2939 eapui
1468 2862 1553 2935 borel

682 2953 803 3022 plango,
1454 2961 1554 3026 mmai

104 3054 141 3111 El
155 3061 247 3126 capul,
265 3060 293 3111 ei
309 3056 378 3111 dura
396 3059 511 3124 pociora
526 3054 639 3123 pinnae,
655 3054 752 3109 miser.
876 3057 952 3114 Pone
967 3060 1081 3116 modum
1096 3060 1211 3130 sceleri,
1230 3065 1357 3132 perfida.
1374 3084 1448 3138 poue
1461 3070 1548 3130 modun,

89 3156 137 3213 Me
150 3157 192 3212 sic
208 3157 370 3226 privignum
387 3155 561 3212 Rhamnusia
578 3156 638 3209 dira
655 3168 776 3213 noverca
857 3160 997 3217 Deliciuui
1012 3160 1083 3216 aiiii
1098 3161 1143 3217 bie
1159 3163 1254 3218 solum
1272 3168 1337 3222 sola
1354 3169 1466 3238 [eliges.
1561 3183 1580 3238 ξ

106 3257 196 3312 Ardel
216 3258 243 3309 in
260 3254 409 3310 horrendis
426 3262 593 3325 perpeluure
608 3254 702 3309 malis.
878 3256 934 3314 Sed
949 3259 1047 3314 rideas
1062 3258 1127 3330 quid
1144 3276 1226 3330 agae,
1243 3264 1319 3321 uliio
1336 3284 1404 3325 rara
1420 3270 1493 3340 peril

86 3352 137 3411 liei
157 3358 267 3411 ioriuna
281 3353 351 3410 mibi
366 3362 500 3423 serponio
514 3354 653 3410 Neronior
667 3353 753 3421 omui,
858 3357 990 3426 Prospice
1007 3374 1042 3415 ne
1058 3366 1102 3414 iua
1118 3365 1146 3414 le
1162 3375 1327 3428 poenarum
1345 3368 1427 3424 lurba
1441 3369 1542 3438 sagiiieb

104 3453 176 3511 Nem
192 3470 312 3523 serpens
329 3454 414 3522 iugii3
429 3461 456 3509 al
470 3454 582 3523 saepius
599 3452 647 3508 illa
668 3453 754 3519 iugal.
874 3455 946 3511 Nam
964 3457 1026 3513 ieril
1043 3464 1166 3514 ociorem
1183 3474 1274 3530 saepe
1288 3444 1397 3535 aegilia
1410 3483 1491 3524 suom.

81 3552 198 3621 Quando
215 3553 284 3611 mibi
301 3554 403 3610 iribuei
414 3569 477 3610 sors
488 3568 623 3624 prospera
635 3550 805 3623 prosperiia·
855 3552 918 3610 Heu
935 3556 1001 3624 quid
1019 3556 1102 3625 agis?
1116 3557 1190 3626 quid.
1205 3560 1297 3628 agis?
1322 3567 1415 3635 quid?
1432 3583 1473 3622 me
1493 3564 1551 3636 quii.

724 3651 806 3708 iem?
1322 3664 1448 3735 perlida,
1465 3657 1551 3735 perdis!

99 3752 160 3810 Non
177 3753 270 3822 hodie,
284 3769 339 3809 uon
352 3771 426 3823 cras,
442 3755 491 3810 sed
508 3760 585 3824 puio:
599 3754 691 3809 lorsen
710 3753 786 3809 beri.
873 3752 947 3810 Pone
964 3756 1077 3811 modum
1093 3757 1207 3824 sceleri,
1224 3762 1336 3828 perirda
1354 3781 1429 3835 pone
1447 3764 1539 3821 modum

84 3849 153 3907 Cum
170 3868 215 3910 mo
233 3855 392 3919 blanditoro
408 3854 574 3923 rexpexerit
588 3852 650 3909 alea
667 3856 759 3925 sollu,
857 3855 906 3911 Dic
920 3854 989 3911 milri
1005 3859 1080 3926 quod
1097 3857 1173 3912 ieci?
1192 3858 1349 3930 Responde
1364 3867 1460 3935 lingua
1471 3864 1547 3920 deicoli

102 3951 192 4021 Arno,
211 3960 286 4010 reiro
302 3969 456 4023 properans
471 3954 546 4008 ionic
564 3969 676 4009 recurre
694 3961 748 4009 iuo.
873 3953 1023 4023 Responde
1040 3972 1089 4024 pcr
1103 3972 1176 4023 cum,
1196 3959 1243 4028 qui
1261 3978 1354 4031 super
1368 3973 1445 4022 asira
1459 3965 1522 4022 srdrl·

87 4049 179 4118 Quam
194 4052 269 4108 male
285 4052 439 4125 iruciiilcai‚
455 4069 527 4127 quae
543 4069 687 4124 nunquam
703 4051 806 4122 iloruil‚
857 4051 885 4107 Si
903 4053 995 4123 nobis,
1012 4070 1124 4113 resana.
1142 4058 1191 4126 iui,
1209 4058 1232 4112 si
1249 4062 1336 4130 copia
1351 4066 1445 4133 delur,
1588 4010 1592 4185 Ι

699 4153 808 4211 eruor?
876 4151 1035 4209 Dilaceraia
1052 4155 1118 4210 ieris
1134 4158 1254 4225 lurpiier
1268 4175 1336 4217 esca
1354 4164 1439 4220 iores.

103 4246 174 4320 Sper
189 4265 300 4323 quoque
317 4253 419 4310 messis
434 4254 502 4326 obii,
517 4271 579 4311 oum
596 4256 670 4312 male
687 4272 804 4325 germen
857 4249 928 4318 Quis
945 4252 1136 4310 luroriunde
1156 4254 1251 4313 iuris?
1270 4262 1341 4331 quid
1358 4280 1405 4321 me
1424 4253 1547 4320 ioriosrlr·
1589 4224 1592 4325 i

734 4352 803 4409 onii.
1471 4352 1547 4418 sellu!

83 4447 108 4505 0
134 4449 242 4520 pudori
264 4467 281 4507 o
299 4450 441 4509 limonio
459 4451 559 4509 dolori
581 4469 597 4509 o
616 4455 690 4510 mala
710 4456 802 4511 laedio
873 4453 952 4509 Pone
965 4455 1077 4510 modom
1093 4456 1205 4524 sceleri,
1223 4458 1356 4527 perfidu
1373 4477 1446 4532 pone
1462 4459 1545 4518 modlff·

705 4553 801 4609 riiael
857 4548 974 4609 Talibus
990 4555 1059 4610 orba
1073 4571 1137 4610 suas
1157 4558 1242 4614 diciis
1259 4559 1322 4615 Dea
1339 4563 1467 4631 praeboii
1480 4567 1538 4615 rora

100 4643 235 4703 Oeonas
251 4650 390 4715 assiduus,
408 4648 524 4719 plusque
540 4649 633 4705 lurore
650 4650 748 4706 lurorl
874 4653 952 4709 lineo
965 4653 1015 4722 aii,
1028 4663 1055 4710 el
1069 4656 1191 4710 celerem
1205 4656 1329 4716 circinai
1344 4663 1407 4730 ipsa
1423 4670 1509 4717 roiam.

82 4742 156 4811 Quid
172 4745 297 4801 faciem?
315 4749 370 4803 i'os
385 4748 437 4803 boc
458 4765 520 4805 mea
536 4751 632 4819 dicile,
655 4754 735 4808 [urba
756 4755 791 4808 do
855 4752 926 4819 Quid
945 4768 1008 4808 mea
1020 4755 1142 4809 mordaci
1155 4756 1265 4812 laceras
1278 4774 1353 4829 vaga
1366 4760 1543 4818 intremere

703 4853 803 4924 lorum,
874 4855 962 4922 Quem
974 4856 1032 4908 iore
1044 4856 1105 4923 plus
1114 4855 1229 4923 misero,
1243 4857 1367 4930 plusque
1378 4842 1544 4917 doleorelrii!

100 4940 174 4999 Nam
191 4958 240 5001 roa
256 4948 402 5009 auxilium.
418 4950 624 5023 consiliumque
638 4968 741 5011 meum.
857 4954 958 5010 Nonne
973 4970 1036 5011 meo
1051 4954 1147 5010 mundi
1162 4956 1342 5015 clauduniur
1356 4976 1445 5030 recor
1458 4941 1542 5030 pri*¹

85 5036 221 5100 oberei
237 5059 357 5116 oqurre
371 5046 464 5107 eubilo
480 5050 591 5109 lorioua
608 5056 714 5110 roiaio-
735 5078 739 5087 ·
874 5052 972 5113 Nonne
979 5041 1542 5130 meumregnumclimaiacouciriffl
