3368 5362
150 203 210 263 aba
786 193 1002 257 tatutis

130 307 356 369 distributum.
377 306 518 364 Continet
543 303 633 363 libros
655 306 811 381 sexaginta
835 310 866 364 et
961 301 1024 362 Non
1042 301 1199 361 omittendi
1220 301 1308 363 Libri
1324 298 1473 364 chorales
1490 301 1576 380 officii
1591 303 1632 360 lli·

151 418 267 473 unum,
296 402 324 457 in
354 398 462 475 quibus
488 397 643 456 nationum
668 399 803 457 omnium
832 412 866 456 ac
920 393 1092 472 vinijuoelu
1120 395 1213 454 ritum
1242 394 1367 455 Ordinis
1396 392 1633 455 Praedicatorum

150 502 320 572 temporum
339 491 477 549 historiae
503 488 726 550 describuntur.
753 491 798 551 Ex
819 488 866 548 his
921 486 1150 566 elepoutrssimi,
1168 489 1284 564 quosin
1305 502 1397 548 usum
1409 489 1563 549 Ecclesiae
1572 504 1633 548 suae

146 603 219 647 suas
242 585 325 644 multi
350 584 514 660 scriptores
539 580 679 643 historias
707 584 867 661 locupleta·
923 582 1087 641 Lucerinae
1105 581 1193 640 scribi
1206 580 1362 660 iusserat,
1386 582 1542 664 cuiusuis
1562 581 1633 640 cleri·

152 687 242 753 runt,
267 677 394 753 huicque
409 678 522 736 auctori
553 677 682 736 multum
705 692 737 735 se
759 676 868 735 debera
923 674 968 734 cis
991 681 1026 734 ut
1048 674 1140 734 ritum
1173 675 1402 753 Dominicanor.
1425 679 1635 751 sequerentur,

149 774 283 848 agnoseit
300 768 434 828 Leander
458 767 620 843 hibertus,
642 769 868 847 plurimumque
923 769 1150 844 persuasisset:
1169 767 1223 827 hos
1240 782 1312 826 vero
1328 785 1402 829 eum
1422 765 1514 844 juxta
1533 765 1634 825 concilii

149 864 272 924 luminis
291 864 319 920 in
331 861 535 938 descriptione
553 863 707 937 regionum
726 862 869 922 ltaliaeet
924 859 1091 921 Tridentini
1113 860 1235 938 decreta
1248 861 1341 920 ritum
1354 861 1636 920 Romanumassum

154 956 321 1015 vicinarum
340 954 514 1030 accepisse,
531 971 622 1030 quem
644 953 735 1014 adeas
758 956 787 1014 in
812 957 870 1014 Pu·
924 953 964 1010 sit
982 952 1030 1011 illa
1045 953 1199 1029 Ecclesia,
1221 955 1237 1013 a
1254 953 1388 1031 capitulo
1408 953 1556 1012 lucerino
1570 968 1637 1011 eme

146 1046 210 1126 plia
222 1048 317 1125 piano
333 1044 387 1124 fro
404 1051 488 1106 terro
504 1045 635 1125 ilpuplio
653 1047 774 1107 Duuoiu
790 1045 870 1107 nella
924 1052 996 1105 runt
1007 1047 1191 1106 Dominicaui
1205 1046 1362 1119 Venusini,
1376 1046 1492 1123 quibus
1507 1047 1638 1106 atellam·

150 1142 341 1219 Capitonem.
363 1142 406 1200 De
434 1140 482 1199 his
512 1139 680 1200 Annalibus
701 1143 744 1200 sic
765 1147 870 1200 censet
925 1156 997 1199 num
1020 1145 1150 1199 utuntur
1170 1146 1249 1199 teste
1271 1138 1433 1199 Altamura
1444 1137 1483 1198 ad
1496 1137 1652 1199 bosut

149 1235 280 1294 Thomas
298 1234 435 1294 Fazellus
448 1235 476 1292 in
495 1234 625 1293 Historia
636 1233 718 1294 Sicil.
734 1233 869 1294 Decadis.
926 1233 976 1293 ubi
993 1232 1031 1291 dc
1051 1234 1203 1292 bauzano.
1219 1234 1262 1291 Da
1282 1249 1319 1291 eo
1337 1239 1463 1310 praeter
1472 1233 1578 1316 citatos
1589 1232 1638 1308 agit

151 1332 178 1387 1.
195 1328 244 1387 lib.
261 1328 337 1387 Vlll.
354 1328 433 1386 circa
449 1326 538 1385 finem
551 1345 557 1383 :
571 1323 701 1402 Scripsit
709 1328 872 1386 Romaanus
927 1327 1016 1385 etiam
1036 1325 1167 1403 Toppius
1185 1327 1214 1382 in
1232 1325 1307 1384 Bibl.
1322 1324 1449 1403 Neapol.
1466 1322 1638 1384 contendens

153 1417 284 1479 Anuoles
314 1416 445 1478 omnium
481 1422 666 1495 temporum,
690 1416 770 1496 quod
799 1434 873 1498 opus
926 1419 983 1476 etsi
1010 1418 1154 1477 Panormo
1188 1414 1372 1490 oriundum,
1408 1425 1518 1478 natum
1551 1422 1637 1476 tamen

149 1519 243 1572 morte
256 1516 441 1592 praeuentus
457 1529 515 1570 oon
541 1509 716 1590 complevit,
731 1509 811 1590 quod
826 1511 872 1573 bis
927 1510 1066 1589 Neapoli:
1083 1516 1115 1570 at
1130 1509 1299 1569 reluctatur
1314 1525 1374 1568 non
1388 1509 1491 1570 solum
1505 1508 1640 1570 Leaandar

149 1609 215 1686 mus
232 1604 335 1666 verbis
351 1606 382 1664 iu
400 1602 477 1664 libro
495 1606 551 1664 XL.
567 1608 701 1681 coristot,
724 1624 738 1660 o
762 1604 873 1666 Gerbo·
927 1602 1070 1664 hibertus
1091 1619 1222 1681 suppar,
1243 1600 1359 1662 diserte
1370 1618 1535 1663 assserens
1548 1605 1639 1662 Panor-

152 1723 166 1757 ι(
187 1717 273 1775 rum,
296 1700 416 1775 inquit,
440 1699 569 1759 insulam
589 1715 665 1776 pons
685 1699 807 1777 quidam
830 1701 873 1761 la·
927 1699 966 1756 mi
985 1696 1220 1774 primamlucem
1233 1694 1490 1771 vidissesedet
1504 1695 1637 1756 Antonius

136 1813 165 1875 ¹o
186 1792 254 1870 pide
282 1800 437 1867 structus,
469 1792 604 1853 turribus
636 1792 706 1852 altis
737 1795 872 1855 munitus
925 1790 1088 1868 blongitore
1110 1791 1139 1849 in
1162 1789 1277 1849 Bibliot.
1300 1789 1384 1849 Sicil.
1408 1789 1513 1850 lassus
1535 1796 1638 1849 tautum

152 1885 872 1962 ocontinentemconjungebat.Fuisseveroeum
926 1882 1148 1943 adolescentem
1179 1881 1334 1960 Neapolim
1366 1885 1520 1955 missum,
1548 1881 1593 1941 ubi
1617 1883 1639 1938 in

153 1997 167 2034 o
188 1985 309 2057 pontem
332 1985 483 2038 structum
502 1979 519 2036 a
535 1977 646 2037 Siculis
660 1984 798 2052 constat,
814 1996 874 2055 quo
923 1983 987 2036 arte
1009 1976 1157 2036 rhetorica
1179 1976 1325 2035 'rhomam
1350 1977 1527 2036 Pontanum
1545 2019 1552 2049 ,
1569 1975 1641 2051 blagi

114 2146 119 2154 ¹
154 2077 443 2148 «temporeeorum
463 2069 503 2127 illi
529 2068 621 2127 incliti
651 2073 772 2148 regesa
800 2070 873 2129 Nor·
927 2077 1025 2130 strum
1043 2069 1229 2145 audivit,ut
1248 2071 1314 2147 ipse
1328 2070 1497 2130 banzanus
1526 2074 1642 2128 testatur

154 2163 367 2222 «mandorum
386 2163 534 2240 sanguine
555 2161 659 2235 ducti,
677 2164 873 2223 Tunisienses
927 2164 1087 2224 Annalium
1110 2169 1182 2223 tom.
1205 2161 1281 2223 Vlll.
1297 2163 1350 2222 lib.
1365 2163 1433 2224 xci
1461 2162 1511 2223 ubi
1539 2164 1582 2223 sic
1600 2160 1641 2220 ha·
1671 2160 1674 2164 ’

154 2274 168 2311 o
189 2272 276 2333 reges
298 2257 389 2314 variis
405 2254 541 2315 cladibus
560 2256 749 2329 alliciebant,
767 2256 874 2335 Aphri-
927 2257 999 2317 bet:
1021 2257 1145 2317 Thomas
1159 2254 1314 2316 ronanus
1328 2273 1387 2336 per
1401 2254 1483 2316 idem
1500 2252 1641 2336 temporeis

154 2368 168 2402 ι(
189 2364 303 2424 eaeque
325 2354 440 2426 partem
460 2346 699 2425 possidebant.»
729 2349 769 2408 Bt
779 2347 872 2428 poulo
927 2349 1028 2410 eadem
1049 2347 1126 2410 urbe
1147 2347 1265 2429 publico
1286 2348 1455 2410 coreduclus
1477 2346 1591 2409 solario
1618 2347 1641 2405 in

147 2446 234 2519 post:
259 2460 273 2496 (ι
294 2443 327 2500 ln
348 2443 515 2519 dragonis,
534 2443 652 2519 inquit,
674 2450 705 2503 ot
722 2445 750 2503 in
773 2444 872 2505 Sicilia
926 2460 1035 2521 rnopuu
1055 2441 1226 2522 frequentin
1246 2454 1430 2521 mopnopere
1452 2443 1581 2525 omnium
1603 2439 1622 2519 f
1633 2473 1641 2481 ·

154 2552 169 2588 o
188 2541 279 2610 utque
304 2536 333 2592 in
362 2537 490 2594 caeteris
514 2537 634 2613 regnis,
652 2552 780 2612 quorum
802 2552 871 2596 sum
926 2552 998 2596 vore
1020 2534 1203 2596 rhetoricum
1223 2533 1331 2612 docuit,
1352 2535 1447 2616 dpuo
1461 2534 1577 2596 bhnuio
1592 2533 1642 2615 ipra

126 2674 129 2684 .
154 2646 168 2682 n
190 2630 374 2688 mentionem
390 2629 536 2689 facturus.
557 2649 571 2686 n
590 2619 747 2703 Haeo'illa,
764 2633 872 2700 etcum
928 2629 1080 2689 institutus
1102 2645 1178 2690 sam.
1201 2631 1355 2710 Hactenus
1372 2628 1508 2691 lacobus
1525 2628 1626 2701 Quat-ii.

154 2719 184 2778 io
204 2719 303 2779 decem
329 2720 417 2794 aliu,
439 2738 514 2801 quor
531 2727 636 2800 posteo
662 2726 777 2781 tuntum
798 2721 874 2782 scri·
961 2717 984 2757 *
1006 2723 1092 2782 liber
1111 2725 1275 2800 inscriptus
1291 2722 1532 2782 commentarius
1552 2720 1586 2782 de
1600 2738 1643 2780 or

149 2813 230 2890 psit,
252 2810 355 2887 libris,
378 2830 470 2892 aeque
491 2815 694 2892 Hispanorum
714 2831 808 2894 umus
827 2815 875 2877 Si·
929 2815 1067 2894 lipuitote
1080 2815 1259 2894 primordiis
1277 2820 1307 2875 et
1316 2827 1489 2896 propressu
1498 2813 1585 2877 urbt‘a
1596 2814 1644 2874 Pe

63 2921 66 2929 ·
155 2902 290 2964 culorum
312 2920 436 2983 rapum,
459 2923 512 2967 uec
529 2923 635 2966 eorum
646 2906 876 2986 provinciarum
929 2908 1030 2968 uormi
1039 2953 1046 2982 ‚
1068 2924 1147 2968 anno
1162 2906 1283 2969 demum
1303 2915 1337 2970 ut
1354 2926 1393 2968 ex
1408 2908 1507 2969 literis
1525 2910 1555 2968 iu
1572 2925 1644 2968 exos

155 2997 340 3072 meminerit,
366 3016 440 3079 opus
461 3016 527 3059 eum
549 3017 607 3059 noa
629 2998 791 3079 perfecisse
811 3017 878 3060 coa-
930 3001 978 3060 dio
1001 2994 1070 3061 libri
1085 3003 1240 3079 impressis
1258 3001 1346 3062 ⁴73⁴.
1364 2999 1497 3080 prodiit,
1514 3007 1644 3080 ecquae

136 3140 138 3144 Α
156 3090 374 3152 sterilissimum
395 3096 450 3164 est,
470 3091 600 3170 Scripsit
628 3091 716 3151 etiam
737 3091 773 3152 da
796 3092 878 3153 oedi—
931 3102 996 3154 tum
1018 3096 1190 3156 coniectura
1213 3110 1381 3172 assequor,
1403 3096 1546 3155 Panormi
1576 3097 1602 3154 in
1622 3094 1643 3152 l.

151 3185 291 3262 pactione
307 3187 453 3246 Panormi
470 3185 647 3265 opusculum
668 3186 749 3266 quod
766 3192 877 3251 eoeslot
931 3203 1019 3265 opera
1038 3187 1158 3247 Antonii
1176 3189 1349 3266 biongitoris
1363 3231 1371 3263 ,
1386 3205 1574 3267 quamquam
1591 3189 1644 3248 eius

66 3352 69 3359 Ι
157 3281 309 3340 Hactenus
329 3281 483 3357 Fazellus,
505 3283 556 3358 qui
579 3283 608 3340 in
629 3298 719 3360 opere
747 3283 878 3343 Ranzani
933 3297 1040 3339 nomen
1078 3296 1135 3349 nup
1167 3283 1356 3358 exprimitur.
1396 3281 1455 3342 Est
1488 3299 1563 3342 vero
1586 3298 1646 3359 opu

157 3376 374 3452 quinquaginta
396 3383 514 3436 tantum
536 3375 627 3435 libros
648 3376 807 3453 agnovisse
835 3375 880 3433 vi·
933 3373 1050 3434 sculum
1084 3373 1164 3433 istud
1196 3375 1293 3452 portio
1328 3375 1452 3434 maioris
1483 3373 1540 3454 Op.
1561 3374 1596 3436 ab
1617 3388 1645 3431 eo

156 3466 254 3527 detur.
277 3468 387 3528 Verum
411 3468 485 3529 haec
505 3472 523 3528 a
545 3468 662 3527 Fazello
684 3469 773 3526 nimis
795 3484 895 3545 prae..
932 3466 1088 3544 compositi
1101 3484 1109 3541 3
1133 3466 1296 3526 Annalium
1319 3466 1438 3527 scilicet
1460 3483 1588 3545 quorum
1606 3463 1644 3524 hic

155 3563 235 3638 cipiti
254 3559 366 3637 iudicio
377 3563 490 3638 prolata
507 3562 662 3622 contendit
677 3562 879 3636 blongitorins,
932 3558 1085 3620 Fabricius
1118 3561 1274 3632 meminit,
1305 3568 1464 3636 quamque
1493 3561 1643 3638 portionem

155 3657 206 3730 qui
229 3663 295 3714 octo
325 3655 482 3734 grandiora
513 3656 643 3715 Ranzani
674 3653 826 3712 volumina
849 3654 878 3712 iu
934 3655 997 3731 ipsc
1019 3669 1071 3730 per
1092 3669 1125 3711 se
1142 3654 1299 3712 banzauus
1314 3642 1352 3711 erl
1368 3668 1462 3731 opere
1476 3657 1642 3715 extraxerat.

157 3748 337 3808 bibliotheca
358 3748 492 3809 coenobii
510 3750 540 3809 S.
559 3748 724 3823 Dominici,
742 3747 878 3806 Panormi
913 3774 917 3779 ·
975 3745 1120 3805 PETRUS
1142 3743 1294 3805 demensio
1307 3741 1414 3805 ordin:
1432 3744 1540 3807 Praed.
1552 3743 1644 3805 iudai

158 3848 278 3899 servata
300 3841 413 3917 pluries
434 3841 510 3900 vidit
531 3847 562 3900 et
583 3841 719 3912 evolvit,
739 3846 770 3898 et
792 3840 821 3897 in
844 3839 880 3895 iis
932 3837 970 3897 lia
986 3837 1024 3895 ab
1041 3836 1096 3896 An.
1118 3838 1204 3898 tait.
1224 3837 1420 3897 Prouincialis
1435 3846 1530 3916 atque
1548 3833 1641 3897 indel.

159 3947 217 3988 non
240 3934 457 4011 quinquaginta
479 3934 570 3993 libros
592 3942 731 4007 tantum,
754 3931 807 3992 sed
833 3947 880 3990 se·
934 3930 1021 3990 itta.
1039 3932 1206 4008 Episcopus
1220 3929 1397 4007 aginensis
1418 3931 1479 3991 sub
1504 3927 1642 4007 metmpoli

160 4023 280 4097 xaginta
301 4031 332 4082 et
353 4043 446 4085 unum
464 4031 609 4088 contineri
628 4029 765 4102 asserit,
780 4032 882 4086 aucto·
935 4021 1160 4102 burdegalensi.
1191 4021 1262 4082 Vide
1291 4021 1449 4083 laudatum
1464 4023 1639 4103 Quatiltou.

160 4129 285 4189 remque
317 4114 469 4177 historiam
502 4137 607 4181 revera
637 4120 673 4181 ad
706 4120 880 4180 umbilicum
936 4118 1023 4175 itit.
1046 4133 1108 4193 seq.
1129 4118 1255 4194 Scripsit
1270 4114 1389 4194 plumos
1410 4130 1505 4195 smper
1531 4112 1639 4177 situm

161 4204 360 4282 perduxisse:
382 4226 471 4285 quam
494 4213 607 4273 scilicet
629 4216 658 4272 in
682 4214 776 4291 primo
798 4213 882 4272 volu·
935 4213 1025 4267 totum
1045 4209 1291 4287 compendiosum
1314 4225 1413 4288 opus,
1442 4218 1474 4271 et
1501 4211 1638 4272 Sermones

162 4299 241 4357 mine
272 4299 310 4358 ab
331 4303 442 4377 origine
479 4305 580 4365 mundi
603 4308 776 4378 exorditur,
798 4312 829 4365 et
851 4306 880 4365 in
935 4301 973 4360 de
1004 4303 1165 4362 Dominicis
1194 4308 1224 4361 et
1253 4303 1473 4365 festivitatibus
1511 4305 1571 4365 lere
1598 4313 1637 4380 pet

160 4391 357 4464 sequentibus
378 4393 414 4453 ad
429 4402 577 4456 octavum
593 4415 689 4476 usque
706 4401 880 4458 continuata
934 4399 1031 4454 totum
1053 4412 1178 4455 annum.

160 4503 307 4547 annorum
330 4489 407 4547 serie
427 4487 463 4547 ad
487 4505 600 4549 annum
621 4492 879 4553 MGCCGXLVlll.
975 4489 1120 4549 PETRUS
1137 4489 1172 4548 de
1186 4489 1365 4567 Ripu,cum
1377 4492 1533 4568 superiore
1543 4498 1633 4549 etcum

160 4576 302 4639 deducit:
325 4582 353 4639 in
376 4597 435 4658 quo
457 4597 534 4658 opus
553 4584 724 4660 complevit.
746 4585 793 4645 Ex
815 4585 881 4661 qui·
935 4581 1208 4642 PetroComestorc
1221 4584 1400 4660 neutiquam
1413 4579 1632 4645 confundendus,

161 4671 218 4732 bus
236 4676 370 4736 Cassum
390 4678 419 4734 in
435 4676 542 4735 Histoe.
563 4675 650 4735 litter.
669 4683 700 4736 et
717 4695 787 4739 eum
801 4678 881 4737 esci·
935 4676 1046 4735 Cantor
1063 4682 1093 4734 et
1109 4674 1280 4736 Canonious
1298 4677 1457 4736 bernensis
1475 4677 1512 4737 ab
1524 4672 1632 4736 acirci-

161 4768 292 4840 piantem
324 4769 474 4830 Olearium
497 4771 526 4827 in
554 4769 627 4828 Bibl.
648 4770 755 4847 Script.
787 4772 880 4830 Litter
935 4767 1084 4828 terlllh.
1102 4768 1265 4839 defunctus
1281 4766 1475 4830 Annollhb.
1501 4768 1570 4830 Vide
1596 4763 1631 4825 bl·

162 4857 276 4917 Eccles.
309 4864 501 4937 emendabis,
524 4865 574 4940 qui
607 4877 661 4922 sex
689 4863 771 4923 libris
804 4878 880 4940 opus
934 4859 1024 4920 herici
1043 4861 1209 4922 chronicon
1232 4879 1297 4941 pag.
1321 4861 1388 4921 450.
1400 4869 1431 4922 et
1448 4863 1585 4924 Eulaeum
1597 4858 1629 4916 hi·

164 4950 294 5010 banzani
316 4960 459 5019 coarctari
481 4962 634 5035 putarunt.
