3368 5362
143 204 182 263 78
608 209 615 230 ·
822 194 973 259 Mino

146 309 218 387 Regi
233 316 301 387 post
315 311 428 371 Milonis
445 310 556 371 obitum
570 309 677 370 obtulit
698 304 863 368 MUCEAL·
957 302 1086 360 loannes
1098 297 1428 382 MILVERNAEUSsup.
1441 310 1464 364 t
1476 306 1523 367 1v.
1535 311 1634 387 pati.

957 395 1088 454 loannes
1110 393 1417 456 MiLVEiiODUNUS.
1436 398 1534 480 Supra
1551 409 1572 462 1.
1589 404 1630 464 tv.

919 488 1113 641 pabobbb'ae
1133 576 1239 640 uino.
1258 580 1356 658 snpra
1376 583 1499 646 unrno
1519 590 1551 651 s.
1576 589 1639 651 cer-

920 675 1005 734 mani
1025 682 1099 734 tom.
1122 674 1149 732 3.
1173 690 1238 751 pag.
1263 675 1330 734 424.

964 765 1131 828 Guilelmus
1152 766 1319 836 MlNAliDl.
1343 769 1418 847 Sup.
1434 778 1455 831 4.
1476 775 1504 834 3.
1527 790 1557 852 p.
1578 778 1640 837 446.

144 401 218 462 DUS
241 406 425 482 propinquus
440 406 505 464 eius
522 421 556 463 ac
578 403 764 481 discipuluS‚
794 417 862 459 ver-

146 496 230 557 sibus
245 515 321 574 quos
338 499 430 558 edidit
447 497 628 559 Edmuodus
640 500 773 557 Martcne
791 502 862 554 tom.
881 494 883 498 ’

148 591 177 650 1.
195 590 366 651 anecdotor.
384 610 448 669 pag.
465 594 512 652 16.

160 694 218 744 Milo
234 703 306 758 poeta
323 703 399 756 tuus,
414 705 500 746 noster
515 694 658 746 didascalus
677 694 743 744 idem

151 761 153 765 ’
190 773 322 832 ingenium
342 775 416 821 cuius
433 773 481 822 hoc
498 773 562 820 benc
580 771 664 833 prodit
676 782 748 831 opus.

155 845 272 895 Carmine
289 850 332 907 qui
351 846 484 909 quondam
500 848 584 894 uitam
601 847 733 907 descripsit
745 843 868 902 amandi,

96 910 101 923 '
186 920 309 969 rroesuhs
327 924 433 981 eximii,
450 920 541 970 detulit
558 928 634 981 atque
651 921 708 968 tihi.

156 999 345 1058 huncquoque
371 1000 546 1059 conscriptum
562 1002 645 1045 vestro
662 995 709 1043 sub
727 995 823 1116 14οὲ41414
840 991 872 1040 li-

814 1081 856 1117 um

189 1151 253 1195 hum
273 1153 377 1208 cuperet
393 1152 481 1197 uotum
498 1146 675 1196 concelebrare
694 1157 787 1201 suum,

161 1224 261 1272 Occidit
273 1222 398 1273 humanae
412 1223 557 1286 persolvens
572 1223 657 1271 dehita
675 1223 740 1269 vitae
757 1226 806 1270 etc.

105 1330 110 1339 ¹
186 1313 228 1370 De
245 1317 312 1370 arte
329 1312 455 1372 metrica
477 1313 585 1373 librum
607 1318 756 1371 memorat
783 1310 869 1370 Vale-

146 1408 210 1467 rius
227 1405 363 1466 Andreas
380 1407 455 1466 44441.
476 1407 547 1483 Belg
571 1423 637 1484 pag.
653 1405 720 1464 676.

184 1497 335 1578 Epistulas
361 1499 397 1561 ad
420 1499 557 1559 diversos
589 1499 771 1559 Trithemius
802 1514 866 1576 cap.

145 1594 193 1653 83.
210 1592 247 1652 de
264 1595 296 1653 S.
316 1595 354 1656 E..
377 1601 408 1653 et
440 1593 477 1654 de
499 1593 669 1654 illustribus
700 1591 868 1652 benedicti-

145 1688 193 1746 nis
221 1689 257 1746 ll.
285 1689 331 1748 50.
360 1687 557 1766 Epitaphium
581 1687 699 1748 Milonis
732 1687 761 1744 in
784 1685 867 1745 Actis

147 1780 283 1840 Sanctor.
299 1789 370 1842 tom.
390 1783 416 1841 3.
435 1782 503 1842 lun.
517 1783 562 1842 46.
582 1798 649 1858 pag.
669 1779 717 1840 46.
735 1779 773 1838 ab
792 1781 868 1839 iinc-

151 1874 240 1933 444444
255 1883 289 1935 41
308 1878 446 1952 suspicor
464 1877 490 1935 ei
507 1877 657 1952 positum·

140 1979 198 2029 Milo
219 1983 294 2028 Poeta
307 1980 416 2042 sophus,
428 1981 504 2031 cubat
515 1980 564 2028 hoe
576 1980 623 2032 suh
636 1989 760 2027 marmore
773 1977 872 2026 clausui

138 2053 256 2101 Carmina
272 2054 452 2115 dulciloquus,
468 2059 512 2115 uui
535 2055 632 2104 librum
650 2053 798 2102 Sobrietatis

138 2125 243 2185 Edidit,
264 2134 288 2176 et
304 2131 424 2177 Sanctum
441 2129 547 2190 pulchre
564 2129 678 2190 depinxit
697 2126 858 2186 Amandum,

139 2202 256 2253 Floribus
274 2215 416 2264 exornans,
434 2209 515 2252 metro
533 2215 658 2265 prosaque
669 2208 830 2260 venustans,

142 2281 217 2328 Tanti
235 2281 366 2329 Pantiiicis
381 2278 489 2340 palmam
503 2311 511 2337 ,
527 2284 607 2340 caput
622 2279 648 2336 a)
659 2283 736 2339 atque
751 2277 875 2326 Coronam

185 2368 371 2429 AliuleLO
383 2368 634 2447 Archiepiscopus
646 2367 872 2428 Beneventanus

144 2477 193 2522 an.
215 2463 293 2522 4074
314 2461 429 2540 dequo
447 2461 628 2523 Edmundns
646 2465 780 2523 Martcno
798 2469 870 2521 tom.

149 2555 196 2614 Vi.
215 2563 438 2616 monumentor.
458 2573 523 2634 pag.
543 2557 631 2617 4053.
650 2563 742 2634 atque
763 2554 872 2632 Ughei·

145 2649 196 2708 lus
213 2654 284 2708 tom.
303 2651 379 2710 Vill.
398 2668 464 2729 pag.
482 2651 531 2709 88.
551 2651 599 2709 ubi
622 2648 772 2726 Synodica
807 2650 873 2708 eius

149 2743 178 2800 in
199 2741 320 2817 Synodo
338 2746 553 2802 beneventana
571 2742 616 2801 An
650 2741 735 2802 4075.

192 2837 284 2895 41140
302 2835 403 2895 Abbas
418 2834 618 2896 luxoviensis
637 2836 716 2894 circa
735 2835 768 2894 A.
785 2835 875 2895 40011.

148 2927 219 2987 vide
233 2928 392 2988 Mabilionii
412 2929 554 2989 Analecta
575 2947 601 3005 p.
614 2928 684 2987 248.
700 2927 746 2987 ed.
766 2946 875 2989 novae.

191 3020 282 3080 44140
296 3022 426 3081 nuncius
437 3022 555 3080 Georici
569 3019 724 3081 ilemensis
737 3019 877 3100 Archiep.

151 3113 189 3174 ad
212 3113 417 3173 Alexandrum
441 3111 491 3173 lii.
513 3113 602 3190 cujus
625 3117 736 3173 mentio
760 3115 789 3173 in
808 3114 878 3175 Alo-

147 3205 255 3267 xandri
277 3206 421 3284 Epistolis
443 3206 522 3284 apud
544 3205 633 3266 Edm.
651 3208 785 3268 Martene
804 3216 878 3268 tom.

151 3301 180 3360 2.
204 3316 302 3361 44444
323 3300 508 3360 collectionis
530 3318 595 3380 pag.
617 3300 685 3361 742.
714 3300 783 3362 846.
806 3302 879 3361 842.

147 3393 216 3454 966.
234 3393 320 3454 Alius
338 3401 439 3453 tamen
456 3400 489 3455 41
505 3394 630 3456 videtur
646 3396 737 3456 MILO
758 3394 794 3455 44
808 3395 879 3456 The-

148 3483 197 3546 bio
218 3486 258 3546 id.
280 3503 349 3567 pag.
372 3486 444 3548 754.

185 3583 277 3641 MlLO
299 3582 469 3660 Episcopus
491 3584 676 3643 Morinorum
705 3583 879 3641 7444444444-

145 3675 190 3736 sis
209 3674 247 3734 de
267 3692 327 3751 qno
343 3674 502 3737 Albericus
524 3674 559 3735 44
573 3675 629 3735 An.
645 3677 732 3759 4155.
751 3677 786 3733 ln
804 3675 880 3735 Nor-

151 3765 234 3826 berto
253 3767 348 3844 fides,
372 3767 403 3825 in
424 3767 583 3828 1444444444
606 3766 760 3843 charitas,
778 3768 808 3827 in
824 3769 879 3828 Mi-

150 3856 215 3917 lone
227 3857 364 3935 44414νυί1
374 3858 541 3921 humilitas.
561 3862 710 3923 liobertus
725 3859 762 3921 de
776 3861 878 3922 liionte

148 3951 185 4010 ad
209 3952 265 4009 An.
291 3953 378 4012 4439.
402 3952 546 4013 Florebat
567 3954 619 4014 loc
652 3962 781 4034 tempore
809 3955 879 4015 Gal·

151 4041 250 4103 licuua
274 4043 408 4105 Ecclesia
426 4065 589 4126 pererras
611 4047 756 4128 reiigione
777 4065 814 4108 ac
830 4065 880 4109 sa-

146 4135 261 4217 pientia
275 4134 425 4212 illustres,
440 4137 583 4199 Milonem
594 4143 791 4201 Morrnenscm
810 4141 879 4220 Epi-

149 4246 291 4307 scopum,
314 4228 491 4291 buntiiilutis
522 4229 633 4291 4444414
662 4234 875 4314 praecipuum.

150 4321 229 4399 Ejus
250 4322 379 4401 diploma
401 4340 449 4383 an.
475 4325 562 4385 4142.
583 4326 662 4404 apud
683 4331 826 4388 Minaeum
846 4329 875 4386 in

152 4417 261 4479 Codice
283 4417 478 4478 donationum
496 4426 567 4479 tom.
586 4423 612 4480 i.
631 4439 698 4501 pag.
717 4423 785 4483 389.
804 4419 876 4481 edit.

152 4528 259 4571 novae.

102 4640 106 4645 -
195 4602 362 4665 Guilelmus
375 4602 410 4664 de
427 4605 608 4682 MlLTONA,
625 4624 714 4687 supra
736 4616 806 4669 tom.
826 4609 876 4669 lll.

154 4716 221 4778 pag.
243 4698 311 4760 445.

199 4910 226 4971 4)
245 4913 297 4962 vsi.
320 4901 434 4966 Andreas
452 4921 478 4963 et
496 4914 612 4964 oudinus
630 4915 715 4977 capis.

963 860 1171 923 MlNDEh'SlS
1183 861 1336 922 Ecclesiae
1345 862 1641 931 ChronicunAuctore

920 954 1085 1030 Anonpmo
1106 954 1143 1014 ab
1159 952 1206 1013 An
1236 953 1305 1014 780.
1324 955 1360 1014 44
1378 956 1467 1016 4474.
1487 959 1640 1022 editumah

923 1049 1050 1108 henrico
1072 1047 1227 1106 Meihomio
1250 1053 1322 1106 tom.
1349 1051 1374 1108 i.
1398 1052 1582 1127 scriptorum
1603 1071 1641 1113 re

924 1138 992 1201 rum
1011 1141 1219 1202 Germaniam.
1242 1156 1307 1218 pag.
1332 1141 1401 1200 550.
1420 1143 1492 1203 573.
1510 1148 1641 1222 praemit·

923 1240 1030 1294 tuntur
1062 1233 1195 1312 rhythmi
1213 1232 1256 1302 ¹de
1287 1232 1464 1295 lundatione
1488 1238 1568 1299 illius
1589 1239 1636 1298 Ec-

922 1328 1032 1388 clesiae
1046 1347 1052 1385 :

1027 1423 1106 1467 Annis
1118 1419 1224 1479 ¹Christi
1240 1421 1394 1480 octingentis

1058 1492 1106 1542 sed
1126 1493 1165 1541 his
1182 1495 1268 1542 ‹Mesm
1285 1504 1315 1542 cx
1330 1493 1371 1541 his
1387 1491 1483 1544 demtis

1056 1567 1188 1628 Templum
1204 1568 1316 1628 primum
1333 1568 1456 1620 conditur

1055 1643 1123 1690 i’elri
1144 1640 1243 1702 Cephac
1258 1640 1290 1710 ad
1308 1641 1433 1691 honorem
1453 1649 1504 1693 etc.

922 1715 1092 1777 chronicon
1109 1717 1200 1776 breve
1216 1718 1433 1795 Episcoporarn
1447 1719 1643 1781 Mindcnsium

923 1809 960 1869 ab
984 1809 1039 1868 An.
1060 1809 1128 1867 780.
1152 1825 1205 1887 per
1225 1824 1321 1868 annos
1343 1811 1538 1888 octingentos
1554 1812 1644 1872 edida

924 1909 970 1962 rat
992 1901 1036 1960 lo.
1065 1904 1209 1961 Pistorius
1238 1900 1274 1961 ad
1297 1902 1411 1962 calcem
1434 1909 1538 1985 magni
1561 1906 1645 1967 Chro-

926 1997 982 2054 nici
1005 1995 1113 2071 Belgici
1137 1994 1269 2053 Francol.
1293 1994 1382 2055 4707.
1401 1998 1492 2058 4654.
1515 1999 1564 2059 iol.
1587 2015 1645 2077 pag.

924 2088 994 2148 723.
1018 2104 1077 2147 444
1099 2103 1168 2148 cum
1192 2087 1313 2164 triginta
1335 2087 1402 2164 ejus
1423 2091 1581 2152 Ecclesiae
1595 2094 1648 2170 pri-

926 2181 1044 2259 vilegiis
1067 2198 1131 2260 pag.
1155 2180 1225 2241 734.
1248 2181 1431 2259 illorumque
1453 2185 1472 2244 a
1494 2185 1598 2246 Carola
1617 2187 1647 2244 V.

929 2275 1003 2351 imp.
1025 2275 1252 2335 confirmatione
1271 2292 1339 2353 pag.
1364 2275 1433 2335 754.

967 2369 1096 2429 loannes
1116 2369 1255 2429 MlNlllS.
1273 2371 1370 2448 Supra
1388 2378 1409 2429 t.
1429 2371 1478 2430 lV.
1505 2389 1534 2450 p.
1552 2373 1617 2432 389.

954 2459 1113 2522 'Antonius
1143 2460 1349 2523 MINUCCIUS
1363 2515 1365 2518 .
1380 2465 1388 2540 (
1403 2464 1492 2523 Erico
1519 2466 1648 2526 Mauritia

927 2553 1171 2630 MElilCUTlUS)
1192 2554 1230 2614 de
1251 2556 1339 2632 Pmto
1360 2559 1480 2630 veteri,
1501 2558 1649 2619 iuriscon-

928 2646 1029 2706 sultus
1051 2647 1264 2722 Bononiensis,
1285 2646 1374 2726 cujus
1408 2646 1503 2710 libros
1530 2667 1589 2711 scm
1616 2649 1647 2709 dc

869 2739 870 2742 ’
928 2736 1028 2818 feudis
1050 2741 1115 2799 sive
1142 2738 1179 2799 de
1211 2741 1315 2800 usibus
1349 2740 1530 2818 feudorum,
1558 2743 1648 2803 Eride

931 2834 983 2892 rici
1006 2833 1056 2891 lll.
1078 2833 1151 2911 imp.
1171 2831 1261 2909 jussu
1282 2838 1467 2912 compositos
1481 2845 1512 2896 et
1527 2838 1563 2897 A.
1577 2838 1647 2898 4428

933 2926 1106 3001 absolutos,
1129 2928 1348 3005 inscriptosque
1366 2928 1562 3005 sigismundo
1578 2932 1646 3008 imp.

931 3019 1047 3095 primus
1068 3036 1104 3078 ex
1128 3018 1201 3079 Eihl.
1223 3021 1312 3096 Megia
1335 3022 1495 3080 Parisiensi
1520 3024 1647 3101 vulgavit

931 3112 977 3170 vir
998 3112 1212 3173 celeberrimus
1244 3114 1376 3172 loannes
1408 3114 1596 3189 schilterus,
1615 3114 1644 3175 ad

932 3204 1044 3264 calcem
1067 3204 1184 3266 Codicis
1198 3206 1278 3265 luris
1295 3204 1484 3266 Alamannici
1507 3208 1644 3279 Eeudalis,

934 3298 963 3355 in
986 3299 1121 3358 Comitiis
1142 3300 1257 3359 Noricis
1279 3298 1335 3358 An.
1354 3298 1441 3359 1280.
1466 3303 1644 3379 promulgati,

933 3389 1066 3466 editique
1088 3391 1277 3469 Argentorat.
1299 3392 1388 3452 4696.
1414 3395 1440 3452 4.
1459 3400 1492 3454 'et
1512 3393 1644 3455 4728441.

933 3482 1007 3544 Vide
1028 3485 1106 3543 lirici
1128 3486 1255 3544 Mauritii
1283 3484 1516 3545 dissertationes
1538 3507 1567 3567 p.
1589 3486 1644 3550 147.

933 3593 996 3653 seq.
1019 3582 1050 3635 et
1070 3576 1145 3637 Acta
1168 3576 1260 3638 Erud.
1284 3577 1360 3638 4607
1382 3594 1449 3656 pag.
1474 3580 1542 3642 461.

976 3671 1063 3730 'Est
1084 3673 1174 3731 etiam
1204 3672 1339 3732 eiusdem
1370 3672 1494 3732 Antonii
1520 3676 1646 3755 Reperio·

932 3765 1013 3825 rium
1026 3782 1118 3844 super
1125 3762 1266 3846 operibus
1277 3763 1398 3826 Bartoli
1406 3764 1442 3825 de
1454 3766 1646 3848 Suaeosemata

932 3876 1001 3919 cum
1014 3856 1217 3920 additionibus
1228 3865 1257 3919 41
1267 3856 1504 3939 suppletionibus
1515 3863 1581 3921 siae
1593 3863 1645 3921 ioco

932 3960 963 4013 et
974 3971 1053 4014 anno
1066 3953 1180 4015 editum
1196 3957 1224 4012 in
1242 3954 1289 4013 loi.
1303 3953 1469 4014 Consilium
1483 3958 1551 4015 eius
1564 3953 1647 4033 quod·

931 4047 1000 4107 dam
1017 4051 1113 4126 reperi
1133 4064 1279 4109 excusum
1301 4050 1328 4107 in
1352 4048 1537 4108 Bibliotheca
1566 4047 1647 4108 441441

932 4144 961 4199 14
988 4140 1093 4204 eodem
1123 4149 1314 4220 compactum
1339 4142 1495 4202 volumine
1523 4149 1607 4220 parte
1626 4144 1647 4201 l.

931 4235 1132 4296 Consiliorum
1149 4236 1307 4296 Barbaciae
1325 4235 1483 4297 Mediolani
1502 4253 1551 4297 44.
1570 4235 1647 4297 tiso.

932 4331 997 4389 sive
1012 4346 1082 4388 cunr
1094 4331 1199 4391 eodem
1214 4348 1304 4409 opere
1319 4348 1481 4406 excusum,
1498 4334 1563 4391 sive
1579 4347 1648 4391 seor-

932 4441 1000 4483 sum
1020 4423 1083 4483 loco
1102 4431 1132 4483 et
1149 4443 1227 4485 anno
1246 4427 1349 4502 ignoti.
1374 4426 1511 4504 Denique
1527 4426 1557 4483 in
1584 4422 1646 4485 Cori.

934 4517 1000 4578 ta7.
1031 4519 1089 4577 MS.
1113 4526 1197 4579 extat
1223 4519 1487 4579 membranaceum
1515 4520 1647 4579 volumen

932 4612 1086 4690 eleganter
1103 4616 1248 4691 scriptum
1266 4630 1339 4674 auro
1361 4620 1392 4671 et
1420 4615 1546 4691 picturis
1571 4627 1647 4671 orna-

935 4713 1011 4782 tum,
1030 4708 1059 4764 in
1078 4724 1138 4785 quo
1152 4709 1324 4767 continetur
1342 4709 1467 4767 materia
1487 4705 1647 4767 leudorum
