3630 5422
528 209 554 271 J.
592 201 1121 282 ANTIQEPlSTOLAE

1526 209 1585 274 638

88 322 272 402 elegantiam
295 317 438 386 aemulari
455 318 546 380 latine
562 335 725 398 cuperem3
748 335 806 379 non
865 337 965 383 rarum
1000 318 1036 380 ad
1067 318 1140 379 alios
1162 318 1300 395 pertinet.
1331 318 1398 394 lpse
1425 332 1480 377 sua
1502 334 1584 378 nunc

89 425 192 478 tamen
207 417 329 476 omnino
343 416 420 476 bene
433 416 594 475 successit:
610 431 678 476 nam
694 420 807 491 quanto
866 415 975 476 fruitur
1008 414 1198 481 aeternitate,
1222 428 1312 490 quam
1335 410 1464 489 alioquin
1493 412 1584 470 etiam

90 513 176 590 lapsu
203 510 240 570 ab
273 526 307 570 ea
339 509 477 570 decidere
507 525 646 586 agnosco.
678 506 809 569 Ariditas
867 509 975 568 vivens
994 507 1173 585 usurpabat:
1192 513 1256 567 tum
1271 514 1451 566 novercante
1468 505 1586 565 fortuna

89 607 171 666 enim
188 621 253 664 mea
269 603 448 665 uberrimam
468 603 547 665 illam
564 604 672 682 ingruit
686 604 728 663 tui
743 601 812 660 bea·

91 697 273 774 titudinem,
305 697 499 758 festivissima
533 713 658 774 graecae
692 696 810 772 linguae

92 800 255 852 venustate
273 790 403 870 alioquin
427 789 561 869 adjutam
582 791 702 867 assequi
730 789 811 849 nullo

92 884 182 947 modo
193 887 297 964 potnit.
311 885 342 944 ld
356 884 406 945 tibi
422 885 449 944 in
466 885 617 963 praesenti
636 882 811 960 legendum,

92 977 303 1058 qualequnque
322 980 375 1052 sit,
394 981 489 1039 mitto.
507 982 550 1040 Tu
570 995 640 1039 vero
658 978 724 1038 boni
743 994 814 1036 con-

94 1075 197 1149 soles,
219 1089 253 1133 ac
288 1089 340 1151 pro
371 1073 536 1151 sapientia,
568 1090 627 1150 qua
660 1069 813 1150 praeditus

93 1185 147 1243 es3
170 1167 309 1227 infantiae
332 1183 415 1226 meae
437 1165 521 1226 dabis
544 1168 673 1227 veniam.

43 1260 50 1274 '
94 1260 144 1327 tat
158 1255 210 1338 ξᾶρ
225 1255 397 1333 ἀπόγραφος
414 1258 450 1338 ἐξ
464 1254 617 1336 degerim
634 1251 800 1334 bdrepdl'e.

289 1352 462 1414 Yrmtslclt'e
485 1353 626 1435 ejusdent.

97 1448 824 1528 PomponiiclarumLaetiveneraresepulcbrum

119 1545 257 1623 Hospes,
279 1550 310 1604 et
333 1545 441 1624 insigni
463 1559 549 1604 sacra
570 1543 649 1604 ieras
669 1542 768 1621 capiti.

98 1635 199 1698 Gloria
216 1643 327 1716 quanta
341 1634 544 1715 perituomaet
554 1637 711 1714 gymnasia
722 1642 837 1715 patrem

118 1733 258 1792 Flevere:
273 1738 303 1792 et
313 1729 659 1810 charitesPieridumqne
670 1729 801 1791 chorus:

98 1829 192 1888 Docte
210 1841 317 1899 senex,
330 1821 479 1903 juvenum
498 1832 583 1904 pater
600 1826 732 1904 optime,
751 1830 818 1903 post

182 1927 231 1980 tua
255 1919 314 1978 iata

120 2011 279 2074 Communi
292 2012 406 2092 gemitu
419 2008 574 2072 tundimus
586 2010 646 2072 heu
658 2009 838 2090 lachrymas.

233 2143 512 2207 anschitilli
553 2143 692 2206 Lthl

201 2264 282 2328 aliud
304 2263 511 2345 ophitaphium
534 2267 562 2325 in
589 2264 719 2326 eundem

100 2387 265 2466 Pomponi,
287 2383 459 2447 venerande
480 2400 593 2460 senex,
611 2381 820 2463 juvenumque

183 2479 343 2557 magister,

143 2577 253 2636 Lacte:
275 2572 332 2634 sub
354 2572 409 2634 hoc
432 2572 511 2633 situs
531 2577 562 2632 et
585 2587 746 2633 marmore:
779 2571 820 2629 vi-

182 2669 230 2728 vis
251 2665 359 2728 adhoc.

99 2763 319 2840 Viviszerisque
335 2760 385 2822 diu
401 2761 500 2821 Latiae
512 2773 588 2820 nova
600 2760 691 2838 gloria
704 2759 832 2838 linguae;

142 2857 205 2917 Non
220 2857 338 2934 perimit
348 2855 445 2916 claros
458 2871 538 2915 mors
557 2855 674 2914 inimica
690 2855 780 2914 viros.

102 2950 214 3012 Desine
236 2950 328 3011 Roma
355 2965 474 3010 sacrum
508 2947 670 3026 lachrymis
700 2949 820 3009 turbare

206 3052 252 3103 oei
309 3087 315 3103 .

141 3045 204 3194 tlt?
215 3061 304 3192 cinaig.¹
318 3131 374 3193 hst
386 3136 447 3192 toto
465 3137 606 3211 personat
623 3131 693 3192 orbe
716 3130 819 3193 decus.

141 3261 264 3380 Ferno
285 3336 351 3379 meo
371 3319 510 3380 salutem.
534 3316 616 3378 Vixit
641 3320 822 3398 Pomponius

99 3415 177 3476 satis
199 3413 271 3473 sibi:
303 3412 440 3474 Publicae
463 3429 535 3474 vero
557 3413 674 3475 utilitati
698 3430 756 3474 non
780 3416 823 3474 vi-

98 3509 232 3569 aitsatis
253 3507 313 3582 diu,
327 3508 558 3568 Sanctissimum
572 3524 604 3567 se
627 3510 774 3585 praestitit
792 3510 820 3568 iu

99 3602 183 3662 omni
219 3603 327 3662 aetatis
370 3617 471 3662 cursu.
504 3600 562 3661 Sed
595 3617 665 3662 cum
696 3610 823 3665 mortem

99 3695 129 3755 in
154 3696 319 3773 propinquo
341 3693 447 3756 adesse
477 3702 614 3755 cerneret
638 3699 757 3775 expiato
784 3697 821 3759 ad

98 3788 302 3852 christianum
341 3791 431 3850 ritum
464 3791 583 3862 animo,
622 3791 753 3870 perbelle
788 3810 822 3854 sa

99 3885 203 3964 ipsum
226 3890 409 3945 consecutus
431 3892 488 3944 est.
510 3886 613 3946 Totam
636 3886 746 3964 gloriae
771 3903 821 3949 su·

99 3976 282 4057 pellectilem
305 3995 341 4036 ex
364 3985 542 4055 paupertate
571 3980 730 4056 quaesivit.
762 3980 822 4042 Nec

100 4076 311 4151 praeterquam
328 4088 424 4130 annes
441 4072 635 4149 septuaginta
650 4089 740 4133 suum
756 4075 822 4150 qui·

100 4181 210 4243 equam
235 4166 361 4244 putavit.
384 4165 416 4225 ln
440 4166 550 4244 quibus
572 4167 687 4244 ingenia
710 4170 822 4230 excita·

101 4262 167 4332 vit,
188 4268 219 4319 et
237 4260 328 4331 iuvit,
347 4257 531 4337 dignumque
551 4259 605 4319 tuit
621 4268 653 4321 ut
668 4263 696 4320 iu
718 4261 822 4323 hume·

102 4353 144 4413 ris
160 4351 390 4432 lachrymisque·
402 4353 485 4414 urbis
499 4354 598 4414 elatus
617 4356 645 4412 in
663 4355 821 4433 Capitolio,

103 4454 137 4508 ut
153 4447 280 4524 scribis,
308 4456 339 4508 et
366 4447 543 4524 sepeliatur
564 4447 600 4507 ad
619 4449 709 4510 Aram
732 4452 822 4512 Coeli.

103 4542 318 4602 Destinaverat
340 4540 386 4600 ille
405 4549 505 4601 tameo
532 4543 586 4602 sibi
611 4543 770 4621 aliquando
791 4548 820 4605 in

102 4635 151 4696 via
164 4632 258 4714 appla
274 4635 403 4696 alienum
419 4636 627 4714 sepulchrum,
643 4639 710 4714 sed,
725 4640 820 4703 donec

102 4731 162 4792 lata
178 4731 404 4811 permisissent,
420 4739 550 4792 testatus
567 4734 743 4796 vixissem
760 4738 821 4816 plc-

103 4831 150 4886 tas
186 4823 401 4904 discipulorum
432 4825 584 4887 meliorem
615 4830 817 4893 nunciorum

868 602 965 680 palam
978 602 1100 662 calcata.
1120 602 1178 661 Nec
1191 600 1267 661 ullae
1284 615 1417 676 unquam
1436 600 1587 660 Romanae

869 695 1025 756 illecebrae
1048 696 1145 755 virum
1168 695 1234 753 sine
1266 693 1498 771 reciprocatione
1532 690 1587 751 sibi

868 797 1056 850 constantem
1077 789 1213 866 attigisse
1236 788 1319 848 visae
1342 792 1424 848 sunt.
1441 786 1474 845 lu
1504 784 1589 844 lami·

871 882 932 942 llari
954 883 1073 943 lacerna
1096 883 1236 960 quotiens
1257 880 1386 942 amiculo
1414 885 1505 957 caput
1532 877 1589 937 cir·

870 976 1073 1038 cumdedisset
1087 1021 1094 1049 ,
1109 977 1270 1037 beatiorem
1287 993 1320 1035 se
1339 976 1495 1034 Persarum
1511 973 1589 1050 Rege

870 1072 957 1150 longe
978 1072 1112 1149 putabat.
1127 1072 1331 1148 Propagarunt
1349 1066 1477 1146 majores
1496 1066 1589 1126 nostri

872 1166 926 1226 viri
948 1165 1070 1244 quidem
1091 1163 1250 1225 clarissimi
1272 1163 1431 1242 imperium
1454 1160 1492 1222 de
1519 1177 1591 1240 gen-

872 1259 963 1320 tibus.
983 1260 1163 1337 Pomponius
1179 1259 1297 1338 imperii
1316 1261 1493 1318 ornamenta
1511 1256 1591 1315 exci-

873 1357 950 1416 tavit
971 1355 1007 1415 de
1030 1355 1208 1434 sepulchris.
1229 1353 1466 1433 Triumpharunt
1493 1352 1534 1412 illi
1556 1369 1588 1412 re

873 1450 949 1512 bene
970 1457 1065 1528 gesta.
1087 1449 1147 1511 lsta
1169 1466 1264 1530 aeque
1286 1449 1362 1510 bene
1380 1450 1519 1510 restituta
1534 1446 1591 1509 Ca-

874 1551 1007 1629 pitolium
1030 1558 1122 1612 tenet.
1144 1549 1200 1622 Qui
1223 1567 1292 1612 eum
1314 1565 1386 1627 ergo
1407 1546 1508 1626 luget,
1541 1545 1592 1604 ho·

875 1647 986 1706 minem
1010 1646 1192 1707 fortunatum
1215 1645 1316 1723 luget,
1338 1643 1375 1703 de
1395 1640 1484 1720 cujus
1515 1640 1593 1702 cele-

875 1739 997 1800 brandis
1024 1739 1163 1801 laudibus
1196 1741 1253 1800 nisi
1286 1755 1357 1799 cura
1390 1737 1593 1814 suscipiatur,

876 1836 1010 1894 omnium
1033 1834 1083 1913 qui
1110 1833 1212 1893 literas
1248 1833 1348 1894 sciunt
1382 1830 1506 1891 livorem
1541 1837 1594 1891 aut

877 1927 1119 2006 ingratitudinem
1138 1929 1298 2004 posteritas
1319 1925 1491 1998 accusabit,
1512 1925 1594 1986 Vale.

876 2021 1041 2085 Mediolano
1061 2019 1169 2083 xvttt.
1189 2021 1258 2082 lulii
1282 2019 1371 2080 tiss.

884 2113 885 2116 ’
1105 2115 1209 2176 Frater
1230 2121 1302 2176 tuus
1322 2114 1366 2174 la.
1388 2113 1594 2192 antiquarius.

916 2233 1038 2350 Ferno
1056 2306 1122 2350 meo
1139 2290 1280 2352 salutem.
1303 2290 1367 2351 Una
1382 2289 1597 2367 disceptatiun-

876 2383 945 2445 cula
964 2383 1042 2461 apud
1062 2384 1227 2461 Principem
1246 2389 1337 2462 atque
1350 2385 1518 2454 Senatum,
1536 2401 1595 2444 nou

877 2477 972 2538 solum
989 2476 1105 2537 ostendi
1124 2477 1287 2538 adversarii
1309 2477 1523 2548 stoliditatem,
1542 2475 1596 2537 sed

877 2572 967 2630 etiarn
986 2587 1071 2649 spem
1089 2588 1208 2631 omnem
1236 2586 1345 2632 vanam
1373 2571 1437 2632 leci.
1467 2571 1597 2633 Putabat

878 2681 926 2724 me
948 2667 1063 2724 nescire
1078 2663 1157 2742 quud
1173 2665 1313 2724 sciebam.
1333 2662 1416 2735 Quae
1432 2672 1533 2725 autem
1553 2672 1597 2724 te-

878 2775 934 2818 neo
952 2805 959 2834 ,
978 2757 1111 2818 latebant
1127 2759 1220 2820 illum.
1239 2758 1314 2820 Nihil
1335 2758 1404 2817 mihi
1424 2765 1594 2834 temporum

877 2853 1008 2912 varietas
1029 2853 1164 2913 excussit
1180 2861 1234 2914 aut
1251 2853 1430 2913 obliteravit.
1441 2851 1595 2912 ‘Corrobo-

877 2946 1026 3008 ratissima
1049 2954 1121 3006 sunt
1147 2933 1225 3024 quae
1252 2945 1288 3006 ad
1312 2953 1341 3006 te
1361 2948 1539 3025 perscripsi,
1561 2953 1593 3006 et

878 3040 999 3099 meliore
1016 3038 1149 3117 quotidie
1164 3040 1318 3101 nitescunt
1335 3040 1519 3100 recensione.
1537 3042 1594 3100 llo·

878 3133 974 3194 lebam
1006 3133 1146 3211 equidem
1183 3136 1238 3195 ista
1266 3133 1431 3212 petulantia
1461 3134 1594 3213 sugillant

875 3241 987 3286 ,nomen
1003 3242 1114 3286 meum.
1130 3225 1168 3285 Et
1182 3226 1233 3302 qui
1248 3232 1359 3302 optima
1380 3219 1486 3285 'altenis
1504 3225 1595 3286 rebus
1621 3221 1624 3230 '
1704 3217 1708 3224 ’

877 3319 1009 3399 pondera
1028 3335 1148 3397 semper
1161 3318 1302 3394 adhibui,
1323 3318 1421 3380 deme
1439 3321 1503 3399 ipso
1518 3319 1596 3380 male

880 3415 1021 3474 meritum
1041 3430 1174 3491 unquam
1191 3413 1285 3474 videri
1298 3430 1386 3491 posse
1399 3421 1482 3475 totus
1497 3414 1596 3475 aniano

878 3507 1064 3569 aestuabam.
1075 3506 1132 3568 Sed
1153 3509 1265 3568 veritas
1282 3508 1361 3569 sicut
1377 3509 1476 3569 oleum
1490 3526 1595 3588 super·

879 3606 973 3661 natat.
989 3601 1091 3680 Neque
1108 3601 1186 3663 alius
1202 3609 1376 3680 compertus
1392 3619 1481 3678 sum,
1504 3621 1596 3681 quom

879 3695 929 3773 qui
943 3711 1063 3773 semper
1076 3694 1189 3756 ineram
1202 3741 1209 3766 ,
1224 3695 1334 3773 probus
1346 3703 1376 3756 et
1383 3694 1495 3774 justus.
1508 3697 1599 3776 Quip-

880 3804 917 3866 pe
932 3787 1106 3849 divitiarum
1127 3788 1301 3868 magnitudo
1319 3793 1435 3866 omnis,
1457 3798 1488 3849 et
1507 3790 1599 3850 honn-

880 3898 946 3943 rum
962 3882 1105 3943 cumulus
1124 3884 1152 3943 iu
1171 3890 1334 3962 conspectu
1351 3901 1417 3944 meo
1436 3883 1598 3964 pronihilo

879 3974 1022 4048 luerunt,
1038 3975 1132 4036 bonae
1150 3979 1240 4052 etiam
1261 3976 1356 4038 lamae
1375 3996 1427 4058 per
1443 3978 1537 4039 bonas
1552 3996 1600 4040 ar,-

880 4073 927 4127 tes
948 4075 1050 4147 partae
1074 4076 1135 4130 tarn
1165 4070 1206 4130 lui
1233 4071 1362 4150 cupidus
1387 4089 1477 4151 quam
1509 4075 1598 4136 vitae.

879 4159 954 4224 Nam
987 4172 1137 4225 mortuum
1174 4183 1221 4224 me
1250 4183 1318 4226 esse
1345 4168 1485 4242 mallem,
1507 4187 1597 4247 quam

881 4258 958 4319 ntalc
979 4259 1163 4320 audientem.
1185 4258 1260 4321 Puto
1279 4262 1368 4339 igitur
1385 4263 1510 4322 Ricavos
1532 4264 1599 4324 her·

879 4353 948 4412 bam
967 4352 1051 4411 nobis
1070 4353 1166 4432 palam
1190 4352 1327 4426 dedisse,
1361 4373 1437 4434 quas
1462 4359 1491 4416 in
1516 4361 1597 4418 omni

881 4445 942 4504 loro
977 4447 1106 4506 umbone
1140 4448 1277 4524 repulsos
1309 4451 1471 4510 movissem
1502 4453 1597 4531 gradu

881 4540 1128 4618 stravissemque.
1151 4542 1183 4600 ln
1201 4559 1260 4619 qua
1278 4559 1309 4601 re
1327 4542 1364 4602 de
1390 4543 1447 4604 fide
1475 4561 1509 4607 ac
1533 4546 1599 4607 dili-

880 4635 980 4712 gentia
993 4641 1043 4694 tua
1054 4641 1172 4695 tantum
1183 4635 1253 4694 mihi
1266 4637 1491 4714 promittebam,
1505 4658 1601 4719 quan-

880 4733 944 4788 tum
963 4724 1000 4788 de
1013 4728 1142 4789 bominis
1153 4730 1600 4800 amicissimiacoifiiciosissinti

878 4838 980 4900 opera,
992 4828 1024 4884 et
1036 4821 1135 4883 studio
1147 4838 1268 4901 sperare
1284 4822 1439 4886 debebam.
1454 4825 1601 4892 valellte·

102 4916 223 4999 delegit.
237 4919 356 4980 Amissa
374 4927 446 4982 sunt
463 4922 491 4981 in
509 4938 544 4983 eo
559 4922 739 4987 incredibilia
754 4926 820 4988 lite·
876 4921 997 4986 diciano
1012 4920 1137 4984 XXllll.
1148 4922 1217 4982 Julii
1229 4921 1579 4993 dcccclxxxxvttt.

104 5030 206 5076 rarum
229 5013 445 5076 emolumenta.
461 5016 539 5076 llaec
558 5017 705 5079 acerbitas
724 5019 826 5100 jactu·

1172 5018 1217 5079 Pr.
1239 5024 1311 5080 tuus
1330 5017 1376 5080 Ja.
1397 5020 1602 5105 Antiquarius.

1320 5140 1373 5202 fldl
