3542 5424
199 298 329 371 ditionis,
338 295 589 358 stassiduitateln
601 296 752 378 sopiendis
766 297 923 359 discordiis
1024 296 1216 374 Antiquiores
1238 303 1309 384 eunt
1330 313 1421 376 quam
1439 305 1473 360 ut
1494 300 1522 360 in
1552 317 1660 383 praesen

200 394 279 452 inter
288 389 447 452 Monachos
456 389 709 470 ortisdiligentiae
719 409 754 454 ac
767 393 921 472 integrita-
978 396 1039 450 tem
1060 405 1188 450 censum
1210 390 1378 452 retenentur
1403 391 1508 464 blAGO
1534 393 1670 472 49444444-

201 486 244 544 tis
261 485 428 562 opinionem
454 498 489 546 ac
515 485 629 546 lamam·
639 486 798 546 meruisse.
821 485 923 556 lielert
977 499 1039 558 ror,
1061 501 1099 544 ex
1122 482 1211 559 cujus
1232 482 1315 544 libris
1336 484 1499 562 lragmenta
1523 487 1599 546 inter
1613 491 1670 548 scri·

201 577 280 638 idem
290 594 324 638 se
335 578 649 656 praetertdagnihujus
661 585 693 641 et
704 578 923 640 cardinalislo-
979 585 1080 658 ptores
1096 579 1139 636 rei
1149 577 1282 655 agrariae
1294 593 1360 656 pag.
1375 578 1443 638 255.
1454 594 1516 656 seq.
1530 579 1600 640 edit.
1612 580 1672 642 Goe-

200 670 336 732 annisde
350 673 577 734 Turrecremeta
593 670 743 751 Epistolas
755 672 864 732 missas
879 672 923 734 ul·
978 672 1101 731 sienae:
1122 675 1154 729 et
1173 667 1282 730 MAGO
1302 669 1574 748 Carthaginiensis,
1595 689 1670 752 quea

198 770 245 824 tro
264 763 398 841 citroque
411 808 418 834 ,
429 763 581 824 evolvisse
594 766 686 825 etiarn
698 763 836 842 ejusdem
855 772 918 827 tra·
974 759 1179 825 mmoettom'r
1191 767 1350 842 parantem
1367 765 1495 824 maxime
1513 780 1545 824 se
1562 781 1671 827 venera·

113 891 118 900 ·
199 862 315 917 etatum
337 855 372 916 de
393 855 497 918 devoto
520 856 604 918 modo
625 856 748 920 vehendi
767 857 797 918 in
824 859 921 918 consi·
977 857 1003 917 ri
1025 859 1067 917 eit
1088 856 1275 930 Columella,
1297 861 1427 918 testatus
1458 856 1523 935 ejus
1554 861 1674 920 xxvttt.

201 946 354 1010 deretrhne
375 948 583 1026 beneficiorum
601 951 680 1026 otti,
703 951 817 1012 scilicet
836 969 921 1012 erec-
976 949 1130 1010 volumina
1152 965 1189 1010 ex
1202 950 1334 1010 Senatus
1354 950 1490 1010 consulto
1505 951 1533 1009 in
1546 953 1671 1013 Latinum

200 1041 287 1104 tionrs
302 1090 309 1116 ,
325 1043 514 1106 redemtionis
536 1049 565 1105 et
594 1043 850 1118 conservationis,
879 1051 909 1104 et
974 1058 1146 1102 sermonem
1163 1059 1202 1102 ex
1224 1041 1335 1104 Punico
1353 1059 1497 1104 conversa
1515 1045 1625 1122 qluhse.
1640 1047 1674 1105 lle

136 1201 138 1207 y
201 1137 233 1198 in
255 1135 471 1198 discessionem
487 1137 695 1200 eonscientiae
728 1153 787 1218 per
815 1155 920 1200 cerem
975 1135 1032 1195 hoc
1048 1137 1080 1195 in
1101 1135 1174 1196 ltibl.
1197 1137 1302 1198 Latina
1324 1136 1373 1197 lib.
1395 1140 1423 1198 4.
1443 1153 1507 1216 cap.
1527 1138 1556 1198 2.

199 1229 404 1291 contritionem
425 1235 453 1290 et
466 1231 588 1312 firmum
602 1233 791 1312 propositum
822 1250 919 1292 eratan-¹
1015 1226 1185 1290 llichordea
1205 1227 1241 1289 de
1262 1229 1501 1304 ldAlDESTON,
1523 1228 1676 1306 (blodston,
1718 1247 1723 1258 ·

200 1319 294 1381 dandi
313 1327 343 1382 et
361 1322 518 1401 confitendi
535 1322 571 1385 dr
588 1325 744 1405 peccatis,
767 1325 810 1386 ed
835 1327 922 1388 Chri·
975 1321 1145 1384 Moidstone
1158 1324 1172 1398 ),
1184 1322 1320 1400 Anglus,
1342 1323 1430 1400 cujus
1451 1340 1553 1402 poema
1569 1323 1604 1384 de
1620 1339 1677 1384 con-

201 1415 347 1477 stolorum
360 1416 540 1495 llEIprctio
551 1417 685 1492 Desine,
699 1417 831 1493 sueciae,
844 1419 921 1479 Nor·
976 1415 1081 1476 cordio
1106 1417 1188 1492 ¹inter
1210 1419 1317 1496 Regem
1337 1415 1519 1478 llicherdem
1538 1421 1566 1477 et
1601 1418 1678 1479 Cice

202 1506 318 1584 sepios,
344 1511 539 1576 schomrim.
563 1507 783 1591 Gothorumque
804 1514 920 1590 Regem
975 1509 1175 1572 tondmemes
1202 1510 1259 1572 An.
1284 1510 1361 1571 4393
1386 1517 1524 1570 servatur
1542 1512 1677 1570 blanuscr.

241 1603 258 1638 ⁴*
280 1604 438 1666 Diversum
465 1621 481 1664 a
517 1606 591 1666 libro
618 1609 761 1685 inscripto
791 1605 830 1666 de
860 1611 921 1666 ino
978 1605 1007 1664 in
1025 1604 1218 1664 bibliothecis
1233 1603 1367 1682 Angliae,
1384 1604 1462 1678 sicut
1479 1605 1563 1663 etiem
1579 1601 1679 1662 Lectio-

203 1696 241 1756 do
263 1697 384 1758 vivendi
406 1697 491 1760 hice
519 1700 650 1762 Fabricio
675 1699 803 1760 indicato
836 1683 921 1761 illurn
973 1713 1027 1758 nec
1047 1696 1114 1775 ejas
1128 1706 1160 1757 et
1173 1697 1367 1777 Quaestmnes
1380 1714 1448 1757 cum
1467 1696 1678 1758 determinatio·

203 1807 272 1851 esse
292 1791 418 1862 arbitror
449 1791 581 1854 libellum
612 1793 650 1854 de
684 1792 771 1854 modo
800 1793 920 1854 videndi
977 1788 1075 1850 noes.
1098 1789 1158 1853 Nec
1180 1804 1238 1851 non
1262 1791 1355 1851 liber:
1379 1788 1585 1852 Pr0tectorinm
1608 1805 1678 1870 pou·

203 1883 364 1960 abeodem
386 1883 502 1946 editum
523 1886 668 1960 authore,
696 1902 788 1963 quern
811 1886 922 1947 indicat
973 1883 1079 1964 perir,
1095 1885 1128 1945 in
1150 1884 1259 1945 Codice
1276 1883 1434 1944 Bodleiano
1451 1884 1527 1944 3622
1544 1884 1620 1943 varie
1634 1899 1680 1942 va-

203 1979 335 2042 lliarium
348 1979 756 2055 wasmnensepdnnttot.
775 1981 921 2042 Estenim
978 1979 1090 2038 riorum
1124 1977 1479 2058 scriptorumOpuscula
1499 1978 1683 2049 continente,

203 2073 276 2133 liber
297 2072 352 2134 ille
368 2070 490 2132 vivendi
522 2073 625 2151 regula
656 2090 673 2134 a
709 2074 871 2144 iratribus,
891 2081 922 2136 et
977 2072 1026 2131 cui
1048 2071 1177 2133 titulus:
1200 2071 1373 2134 Fasciculus
1395 2068 1574 2130 zizaniorum
1602 2070 1686 2146 blagi-

204 2165 383 2226 monialibus
401 2167 430 2227 S.
458 2167 600 2245 Birgittae
630 2169 813 2246 praescripta
834 2169 923 2228 Com·
977 2167 1033 2225 stri
1054 2167 1099 2225 to.
1121 2165 1240 2226 Wicleii
1261 2170 1331 2228 cum
1355 2166 1460 2224 tritico.
1486 2161 1591 2223 Nescio
1611 2161 1686 2222 unde

66 2320 73 2332 ,
203 2261 287 2320 nruoi
304 2259 428 2320 fratrum
449 2259 566 2320 illorum
580 2266 611 2319 et
628 2277 765 2322 sororum
777 2262 923 2340 approba·
976 2261 1147 2320 constiterit
1168 2259 1286 2321 Oudioo
1304 2265 1325 2318 t.
1344 2259 1371 2317 3.
1394 2276 1421 2337 ρ.
1437 2255 1524 2318 4470.
1533 2255 1624 2336 hujus
1649 2256 1687 2316 la-

203 2354 282 2412 tione
299 2359 330 2412 et
347 2353 606 2431 sigillotnnquam
626 2351 748 2414 vivendi
766 2355 868 2435 regula
885 2356 922 2417 ab
977 2353 1081 2414 soiculi
1101 2353 1293 2414 collectorem
1314 2353 1410 2412 inisse
1437 2350 1580 2412 Thomam
1612 2348 1689 2409 Wal-

201 2445 341 2506 omnibus
372 2445 522 2508 servanda
551 2446 706 2508 firmatus·
732 2449 808 2510 llaec
840 2451 920 2510 enim
977 2445 1103 2508 densem
1123 2463 1177 2507 seu
1197 2448 1367 2508 Netterum.
1383 2445 1575 2522 Nequeenim
1591 2442 1644 2503 hoc
1659 2441 1688 2500 in

203 2539 267 2617 lego
285 2539 315 2598 in
333 2538 425 2604 diario
443 2539 511 2600 illo:
531 2537 693 2620 Confessor
709 2557 838 2621 mepnns
867 2542 922 2604 isto
977 2541 1120 2620 catalogo
1136 2543 1407 2620 blanuscriptorum
1433 2538 1558 2616 Angliee
1581 2553 1606 2617 p.
1623 2533 1686 2596 474.

170 2663 174 2672 ·
203 2637 332 2711 tempore
348 2631 517 2714 compitmit
533 2631 653 2694 modnm
666 2634 787 2706 vivendi
808 2642 836 2696 et
860 2642 921 2698 ste·
977 2633 1182 2712 significatur,
1205 2635 1235 2694 in
1252 2650 1311 2713 quo
1333 2649 1398 2711 pag.
1420 2631 1459 2693 82
1476 2631 1566 2690 etiam
1584 2641 1689 2688 memo-

203 2732 265 2787 tnm
281 2743 368 2806 quem
385 2731 518 2788 maerent
531 2725 702 2808 familiares
720 2730 751 2789 in
764 2731 864 2805 curie,
881 2730 922 2792 si·
977 2734 1064 2788 ratur
1081 2726 1249 2788 hlaidstcnii
1273 2733 1422 2789 tractatus
1443 2722 1478 2786 ele
1494 2719 1591 2784 conlo

203 2837 239 2882 ot
254 2819 370 2902 fratres
391 2827 420 2882 ct
438 2838 571 2897 sororem
592 2821 645 2884 secl
658 2827 760 2902 posteo
779 2841 837 2903 per
852 2841 922 2884 eun·
1017 2819 1166 2883 Otiosriur
1204 2821 1396 2896 antinno,
1431 2817 1550 2879 Ordinis
1591 2815 1691 2875 Minor.

204 2913 270 2976 dem
288 2918 333 2975 est
348 2914 377 2973 in
388 2911 540 2993 aliquibus
553 2916 674 2994 punctis
691 2916 875 2994 immutatus,
897 2923 926 2980 et
979 2916 1118 2977 llicarius
1140 2915 1314 2989 Generalis,
1333 2913 1490 2974 deiunctus
1507 2925 1554 2969 an.
1566 2908 1645 2969 4502
1656 2906 1693 2967 de

204 3007 239 3070 dd
277 3025 350 3072 noco
370 3006 477 3087 sigillis
509 3015 702 3070 momentorum
733 3008 926 3091 approbatus.
982 3007 1254 3088 qno'Waddingus
1271 3024 1336 3086 pag.
1352 3007 1420 3068 270.
1438 3003 1549 3066 Auctor
1565 3001 1613 3062 ille
1631 3000 1696 3080 plu-

203 3101 310 3164 Obitus
324 3103 390 3165 eius
404 3101 470 3164 dies
482 3110 623 3164 etannus
635 3102 778 3184 definitur
792 3104 830 3164 ibi
847 3102 925 3165 4474
983 3103 1061 3163 rium
1083 3117 1278 3175 sermonum,
1299 3102 1404 3179 quales
1424 3100 1450 3176 a)
1469 3095 1618 3159 Michaelis
1638 3097 1697 3156 lle-

204 3197 356 3256 bominica
378 3197 454 3257 inira
468 3203 606 3258 octavam
622 3199 654 3258 B.
675 3199 825 3258 Laurentii
844 3197 927 3258 addi·
983 3197 1066 3271 noti,
1088 3195 1234 3256 Gabrielis
1266 3195 1397 3255 barlette
1417 3198 1448 3254 et
1473 3190 1634 3250 similium:
1656 3203 1694 3246 ex

205 3294 269 3349 tur:
287 3287 343 3348 Hic
358 3286 419 3369 seit
434 3287 634 3353 decoctorem
654 3291 684 3352 S.
711 3289 881 3370 Theolopiee
901 3295 930 3352 et
983 3291 1097 3350 minore
1117 3290 1286 3364 Britannia,
1308 3289 1475 3366 Theologus
1501 3283 1695 3356 Parisiensis,

204 3379 442 3444 eltrollllonnos
453 3388 520 3444 erat
533 3381 684 3465 coiissecor
693 3382 843 3463 poneretis
855 3387 928 3446 Von-
982 3383 1133 3460 inquibus
1146 3390 1179 3444 ut
1191 3381 1343 3445 abundare
1358 3379 1536 3462 quandoque
1546 3393 1579 3438 se
1592 3381 1694 3438 osten-

204 3475 361 3560 stenensis.
378 3473 494 3538 Habuit
504 3477 594 3538 etiem
609 3476 718 3539 multos
737 3475 856 3539 labores
867 3492 947 3564 pro·
981 3474 1058 3537 dunt
1086 3478 1223 3557 iugenio,
1246 3479 1325 3538 itad
1354 3477 1501 3556 gravitate
1527 3469 1696 3551 Apostolica

204 3569 427 3632 commotiore
441 3570 556 3635 ordinis
574 3577 635 3632 tem
658 3572 690 3632 in
713 3572 803 3632 curris
820 3575 927 3643 liemc-
982 3569 1101 3650 longius
1118 3573 1231 3651 passim
1247 3570 1410 3644 ¹recedunt,
1425 3568 1507 3630 etde
1522 3569 1630 3625 misero
1644 3575 1700 3640 gu-

204 3681 260 3739 no,
271 3680 363 3744 quom
374 3664 605 3734 mmonnsteriis
617 3665 716 3728 nostri
730 3664 853 3727 ordinis.
860 3667 926 3748 lpse
983 3670 1066 3726 statu
1088 3666 1232 3744 statuque
1249 3679 1373 3726 suorum
1391 3671 1559 3741 temporum
1574 3655 1699 3734 insigni-

203 3757 294 3818 eticm
306 3759 486 3837 procuravit
502 3757 586 3822 nobis
600 3758 813 3840 defensoriam.
830 3776 923 3840 seper
981 3764 1046 3819 tum
1066 3757 1224 3835 perhibent
1237 3757 1452 3831 testimonium,
1471 3761 1505 3816 ut
1522 3757 1588 3832 post
1607 3751 1699 3810 ilenr.
1766 3763 1767 3768 ¹

204 3848 547 3912 revehrtoneseoehrres
558 3853 666 3914 metris
678 3856 799 3913 nostroe
813 3853 843 3914 S.
859 3852 926 3914 Bir-
982 3849 1170 3928 Stephanum
1192 3851 1223 3909 in
1240 3849 1376 3928 pluribus
1394 3845 1631 3926 loeishpologiae
1642 3855 1698 3920 pm

203 3942 297 4020 pittoe
312 3949 418 4002 contre
433 3941 629 4008 adversarios
656 3951 685 4006 ct
702 3945 925 4025 impugnatores
979 3941 1147 4022 Herodoto,
1169 3950 1312 4006 notavere
1334 3959 1429 4022 nuper
1456 3939 1621 4016 Theologus
1641 3935 1700 3994 Ba·

207 4034 345 4113 ipserum
365 4035 590 4099 reveletionnm.
612 4037 693 4100 Obiit
705 4044 805 4100 entem
832 4055 881 4100 en.
905 4057 927 4099 o
980 4036 1119 4098 sileensis
1150 4036 1278 4097 celebris
1310 4037 1416 4100 Petrus
1446 4036 1567 4113 linques
1586 4031 1616 4092 in
1643 4029 1702 4088 Pa·

202 4125 389 4208 messoriane
404 4144 462 4190 suc
478 4129 614 4209 reputari
631 4132 678 4196 35.
700 4133 717 4168 *
979 4133 1060 4190 etore
1079 4129 1262 4210 Evangelicc
1283 4127 1397 4189 Gallice
1414 4127 1494 4189 edito
1511 4124 1598 4188 Basil.
1617 4117 1700 4184 4723

245 4220 350 4282 lthO
370 4224 533 4286 Monachus
554 4234 586 4285 et
607 4227 788 4304 Presbyter,
811 4243 850 4288 ex
872 4241 924 4288 cu·
978 4221 1010 4281 4.
1028 4237 1095 4300 pag.
1117 4223 1175 4286 433
1194 4239 1258 4300 seq.
1275 4227 1308 4282 et
1327 4221 1362 4281 u.
1380 4221 1415 4281 44.
1434 4219 1584 4280 terdenus
1599 4215 1630 4274 in
1652 4211 1699 4272 hi·

204 4314 257 4394 jus
271 4320 341 4376 ente
356 4318 595 4394 quinquennium
608 4326 673 4381 tum
687 4318 820 4384 defuncti
834 4319 921 4380 sche-
977 4316 1068 4375 storia
1090 4317 1206 4376 itineris
1222 4316 1268 4376 sui
1286 4315 1440 4387 litterarii,
1459 4312 1563 4373 itidem
1578 4304 1697 4387 vulgati

207 4407 254 4468 dis
277 4407 500 4472 RUDOLPHUS
534 4411 701 4474 monachus
736 4412 919 4480 Fuldensis,
977 4407 1111 4483 Gallice,
1133 4411 1231 4489 llagae
1247 4410 1331 4470 corn.
1351 4407 1429 4470 4735
1446 4409 1474 4466 s.
1496 4423 1524 4485 p.
1548 4403 1605 4464 462
1625 4415 1696 4477 seq.

203 4500 293 4582 jussu
313 4501 425 4564 habant
446 4506 559 4581 Mauri,
581 4505 705 4568 Abbatis
727 4507 774 4567 sui
803 4505 924 4583 scripsit
1017 4500 1225 4562 Scrmcncs'de
1241 4497 1396 4578 Adventu,
1415 4501 1507 4562 habiti
1534 4515 1583 4558 au.
1605 4493 1700 4557 4494.

209 4593 303 4656 Vitem
319 4595 349 4655 S.
373 4592 480 4657 Liodoe
502 4599 630 4677 Virginis
651 4607 682 4660 et
714 4600 918 4673 hbhatissae,
976 4596 1007 4655 in
1026 4596 1136 4674 templo
1154 4597 1183 4657 S.
1205 4598 1329 4656 ioannis
1351 4596 1389 4655 de
1408 4595 1537 4664 Gravia,
1559 4587 1700 4669 prodiere

208 4688 318 4752 editam
339 4705 357 4749 a
380 4688 467 4750 Surio
489 4691 536 4752 28.
560 4693 642 4770 Sept.
977 4689 1068 4750 Paris.
1083 4688 1169 4753 4507
1190 4697 1220 4752 et
1248 4691 1325 4751 4545
1346 4688 1375 4747 8.
1401 4702 1470 4747 curn
1500 4681 1698 4746 sermonibus

250 4895 274 4952 a)
292 4897 389 4943 menete
406 4891 925 4958 bulliardumetaariettumjungnrran·
972 4891 1055 4941 circus
1072 4889 1277 4954 cruetnsnmsp
1299 4887 1356 4940 427.
1367 4880 1536 4937 mutinensem
1548 4882 1673 4934 Gallicae.
