3622 5406
622 291 966 354 t’s'l‘tthttclth
1493 297 1552 360 uta

86 407 102 462 it
126 401 173 461 etsi
201 399 315 477 saepius
336 412 503 474 excusum,
526 404 561 458 ut
583 413 672 458 nemo
696 399 767 458 mihi
824 406 905 460 toma
929 398 1000 460 illud
1024 399 1203 460 Petramhae
1225 400 1295 478 plus
1322 402 1388 460 vice
1422 403 1552 480 simplici

84 496 158 556 dicam
182 492 339 564 struxerit,
355 493 381 550 si
406 491 548 553 fusiorem
564 492 602 553 de
617 493 668 552 illo
689 508 771 553 com-
828 493 986 571 vulgatum
1003 491 1216 571 compendium
1237 499 1286 552 est
1308 495 1431 554 maioris
1452 497 1552 574 operis

84 591 266 648 mutationem
283 585 477 646 instituerim.
492 585 549 645 list
565 586 637 646 mihi
652 585 689 647 ad
709 603 773 646 ma·
826 603 844 645 a
866 584 1026 646 Petrarcha
1047 586 1175 646 conlecti
1196 591 1228 644 et
1249 587 1278 644 io
1312 584 1420 646 Codice
1448 594 1552 648 nostro

85 677 223 739 ousCoder
239 676 417 737 chartaceus
429 680 711 758 vetustatequidem
721 682 776 740 mi·
829 675 1148 756 repraesentati‘l'libi
1160 676 1306 754 judicium
1319 678 1464 755 relinquo.
1482 667 1550 740 ldihi

86 788 129 832 uus
144 768 322 848 spectabilis,
340 767 394 829 sed
411 769 450 829 ab
466 768 555 830 editis
573 769 648 832 adeo
662 771 775 832 discre-
829 773 904 832 satis
925 771 982 833 luit
1012 787 1132 832 summa
1164 769 1318 848 diligentia
1341 787 1405 830 rem
1427 770 1479 830 tihi
1501 789 1552 833 ve-

84 871 156 944 pins,
176 868 206 922 ut
225 867 357 922 mentem
378 855 415 922 ad
432 877 465 922 se
485 863 629 926 lectorum
651 881 777 924 conver·
831 864 884 925 luti
909 863 967 931 sub
988 864 1085 924 oculis
1107 862 1285 924 vindicasse.

82 963 120 1016 ut
138 956 222 1015 Primo
243 957 333 1032 igitur
353 959 486 1016 occurrit
522 958 551 1016 in
584 957 635 1017 illo
668 959 793 1019 titulus
869 956 948 1017 illud
969 959 1059 1017 etiam
1081 956 1227 1018 adiecisse
1242 955 1331 1033 juvat
1348 956 1550 1036 supplementi

81 1065 132 1108 oum
151 1049 315 1124 prooemio,
332 1065 460 1125 quorum
484 1049 532 1109 illo
549 1049 775 1126 aliquantolum
830 1050 990 1134 authorem
1019 1049 1178 1128 adoptasse
1214 1055 1386 1112 comeotorn
1419 1050 1491 1111 illud
1512 1051 1551 1112 da

79 1142 105 1202 ab
120 1140 188 1200 edito
216 1138 334 1211 differt,
357 1140 414 1200 boc
438 1157 508 1201 vero
530 1143 590 1202 illic
621 1142 768 1219 quidem,
816 1145 949 1205 ¹Troiani
969 1145 1070 1206 auimo
1088 1160 1126 1203 ex
1145 1143 1260 1204 interno
1277 1159 1396 1204 carcere
1414 1145 1552 1222 precibus

81 1248 204 1292 nouvero
227 1233 256 1290 in
280 1230 360 1292 edito
381 1233 777 1310 legitur.‘lrtulusistael-
832 1238 862 1298 S.
885 1235 1018 1314 Gregorii
1052 1243 1147 1297 eruta.
1182 1236 1215 1297 ln
1242 1239 1331 1298 cuius
1353 1239 1395 1298 rei
1417 1240 1552 1300 testimo·

79 1325 157 1386 lectur.
173 1323 331 1386 Froneieci
347 1324 535 1388 Petrorclroe
552 1326 689 1389 laureati
704 1345 777 1407 poo-
832 1331 914 1390 nium
934 1335 1023 1390 vocat
1040 1345 1074 1390 ac
1092 1331 1200 1390 recitat
1212 1328 1360 1407 quaedam
1375 1348 1413 1390 er
1428 1333 1552 1410 liugane

78 1419 181 1478 modom
199 1418 368 1480 illustrium
386 1421 525 1481 virorum
547 1430 576 1482 et
590 1421 712 1482 clorise.
730 1421 778 1482 lte-
832 1422 996 1484 Etheriano
1018 1423 1106 1484 cuius
1126 1423 1200 1483 haec
1221 1428 1294 1482 suot
1314 1423 1425 1484 verba:

78 1525 144 1570 rmm
172 1510 210 1571 od
239 1507 506 1592 generosissimum
534 1513 658 1574 Potooii
688 1512 778 1575 Dom.
873 1513 974 1577 Nolite
994 1533 1106 1595 quaeso
1132 1515 1229 1578 dicere
1248 1515 1281 1575 io
1294 1514 1434 1576 cordibus
1449 1515 1554 1578 metris

81 1600 207 1664 Frmciee.
236 1604 272 1663 de
307 1601 464 1667 Carraria
495 1605 638 1686 Epitomo
670 1609 778 1669 Prooe·
832 1607 886 1668 hoc
903 1607 1016 1688 fuirum
1036 1626 1113 1681 esse,
1134 1617 1190 1669 out
1206 1609 1311 1688 &tum
1323 1647 1334 1681 ,
1356 1607 1437 1687 quod
1455 1612 1553 1671 omnib

76 1697 146 1755 nium
159 1695 310 1756 :illustres
333 1697 480 1778 quosdam
494 1699 585 1760 ciros.
602 1701 679 1761 Tum
707 1699 778 1760 suh-
833 1709 965 1762 testatur
985 1700 1131 1762 Ecclesia.
1154 1699 1554 1784 [neffabilemvmimmoetri

74 1787 136 1849 ditur
153 1791 207 1850 vita
234 1791 363 1867 Romuli,
384 1793 501 1854 Numae
529 1793 617 1855 Tullii
638 1792 775 1869 Hostilii,
831 1791 1035 1873 Redemptorie
1045 1791 1553 1854 mirericordiomcertiesimumno-

73 1881 130 1941 Auci
155 1884 270 1958 llsrcii,
294 1885 375 1945 lunii
408 1887 511 1961 Bruti,
535 1887 648 1948 Horatii
680 1886 777 1947 Cocli·
830 1887 1262 1964 etroeealutisorpumerrtmn
1279 1885 1449 1947 mitissimis
1464 1901 1553 1966 prae·

74 1975 221 2046 timonium
249 1977 426 2038 Cincinnati
457 1979 574 2040 Camilli
585 2025 595 2056 ,
618 1980 651 2040 T.
677 1978 775 2040 llaulii
829 1983 912 2044 cidus
933 1983 992 2044 SS.
1009 1978 1163 2062 Pontificio
1184 1999 1266 2060 opem
1283 1980 1426 2042 damnato
1442 1981 1553 2063 offerre

73 2069 197 2146 Torquati,
216 2071 255 2131 li.
277 2071 387 2131 Valerii
409 2073 550 2148 Corvini,
564 2073 594 2132 P.
614 2074 712 2146 Decii,
736 2073 767 2132 t.
830 2086 859 2136 et
887 2076 1014 2137 colubro
1045 2085 1073 2136 et
1097 2075 1230 2155 potuisse
1249 2075 1319 2153 pair
1339 2073 1484 2136 dubitati
1514 2074 1555 2136 lit

72 2161 154 2238 Papirii
173 2163 322 2236 Cursoris,
346 2165 383 2224 ll.
407 2161 488 2224 Curii
520 2165 641 2224 Dentati
664 2166 694 2224 L.
721 2166 774 2223 Fa·
824 2170 984 2249 praecipue
1016 2167 1262 2229 innocentissimo
1282 2167 1348 2228 ciro
1379 2166 1465 2228 caius
1497 2169 1554 2228 cle·

73 2252 146 2313 bricii.
168 2257 330 2335 llocusque
353 2256 543 2336 progreditur
563 2273 640 2336 opus
665 2259 694 2316 in
712 2255 774 2316 edi·
827 2262 1015 2322 mantissimas
1052 2261 1261 2323 maximorum
1281 2275 1404 2340 operum
1444 2261 1553 2322 merila

73 2346 116 2420 tis,
132 2345 193 2409 deio
228 2349 369 2430 succedit
400 2365 417 2410 a
449 2343 574 2410 Siridhio
602 2351 771 2411 coniectum
825 2353 1161 2435 prudentio,juetitio,
1181 2371 1266 2432 poe,
1281 2351 1447 2430 pudicitia,
1461 2353 1552 2433 forti·

70 2439 289 2517 supplementum
326 2444 359 2502 ln
382 2443 442 2503 ldS.
460 2447 537 2520 vero
558 2443 647 2522 plene
669 2444 771 2518 alitem
827 2447 919 2521 tudo,
948 2443 1052 2526 pietoe'
1077 2445 1278 2524 temperantia
1310 2445 1459 2506 nimirum
1489 2445 1552 2506 loco

71 2533 133 2593 nulla
150 2538 226 2596 enirn
251 2537 411 2596 interiecta
444 2535 646 2614 supplementi
669 2535 771 2600 admo·
826 2539 967 2620 baptismi
987 2539 1122 2619 supplere
1141 2545 1319 2618 potuerunt.

69 2627 174 2704 uitione,
195 2631 301 2689 statim
332 2628 422 2692 datur
445 2631 506 2688 vita
526 2627 687 2689 Alexandri
710 2628 774 2689 lla·
869 2632 1124 2694 Praetereundum
1138 2631 1422 2710 nequaquamduco
1432 2629 1459 2690 id
1472 2631 1553 2709 quod

69 2717 186 2795 redonis,
216 2722 288 2783 dein
329 2722 455 2800 Pyrrhi,
486 2721 661 2797 Annibalis,
692 2722 772 2782 Fabii
829 2741 846 2785 a
869 2726 990 2785 nemine
1013 2725 1171 2802 hucusque
1194 2722 1358 2784 indicatum
1381 2725 1553 2797 succurrit,

69 2811 183 2888 larini,
204 2817 249 2878 (ll.
273 2816 428 2892 Marcelli,
448 2815 493 2876 Cl.
515 2815 642 2876 Neronis
674 2823 705 2875 et
726 2815 765 2874 ll.
831 2821 971 2880 nimirum
994 2836 1115 2880 carmen
1139 2817 1211 2879 illud
1242 2818 1407 2878 Etruscum
1437 2818 1580 2878 Petrar-.

69 2904 125 2964 livii
143 2909 250 2985 simul,
270 2911 302 2970 P.
318 2910 398 2968 Corn
430 2910 599 2988 Scipionis,
614 2907 768 2986 posthaec
831 2912 905 2974 chae
926 2911 964 2973 da
986 2914 1017 2971 ll.
1040 2912 1159 2988 Virgine
1183 2911 1338 2987 incipiens.

67 3001 182 3076 sequitur
196 3005 265 3063 siue
284 3003 382 3075 titulo,
399 3019 584 3080 quamquam
604 3001 708 3062 relicta
724 3009 773 3061 est
906 3002 1020 3065 ΜΨ
1036 3000 1111 3050 betto
1128 3001 1174 3051 ⁶i0
1191 3002 1221 3051 δ”
1238 3001 1280 3050 ⁸⁰¹
1296 3001 1395 3050 ”um“

68 3089 151 3154 charta
169 3113 245 3175 pura
271 3096 348 3157 iorte
370 3095 406 3156 ad
432 3089 553 3156 titulum
577 3095 660 3155 illum
685 3091 792 3155 minio
904 3077 1089 3212 ggwstdf
1105 3075 1233 3204 :aliattes
1249 3088 1351 3164 nomme
1368 3074 1429 3128 ⁸⁰⁸⁶

67 3183 229 3264 pingendum
261 3187 341 3250 Tum
370 3187 777 3270 daturpraeiatioincipiens
831 3223 944 3285 Latinis
964 3226 1105 3285 versibus
1135 3225 1285 3286 redditum
1308 3241 1376 3285 esse
1398 3240 1415 3284 a
1436 3225 1554 3286 Msga,

25 3337 26 3360 ³
68 3273 167 3388 Em.
184 3281 272 3390 md.
286 3281 422 3388 mm
445 3281 585 3353 'mm'
603 3297 680 3358 ‘¹⁰³³
702 3297 775 3340 ⁵³⁰⁰
831 3319 895 3379 rulo
918 3319 946 3377 iu
974 3316 1234 3393 Evangelistsrio,
1256 3317 1425 3394 legiturque
1446 3318 1475 3376 in
1505 3334 1555 3377 eo·
1632 3355 1634 3361 ι

67 3373 186 3444 praelatio
209 3375 340 3436 Sirrchu
366 3381 423 3448 est,
446 3381 534 3435 ulex
553 3381 777 3434 totocontextu
830 3410 898 3469 dem
920 3427 968 3487 op·
991 3408 1265 3486 impressovgm·
1289 3409 1309 3467 Α
1342 3409 1553 3483 mmmmm,

66 3459 142 3538 uquet
160 3467 196 3528 ad
230 3469 418 3530 patavinum
453 3465 608 3527 ‘hminum
642 3465 776 3535 difecffl·
843 3499 1200 3565 opruestsuslaclcvlrgo‚
1217 3511 1295 3562 quem
1312 3499 1381 3548 clera
1398 3505 1524 3550 coronant

65 3561 136 3633 atque
156 3560 231 3623 haec
258 3563 291 3621 in
317 3559 407 3621 edilis
431 3577 490 3622 uon
511 3565 646 3638 apparel·
663 3559 776 3619 Secun—
872 3575 966 3637 sedern
982 3586 1049 3637 quse
1062 3573 1143 3624 redite
1158 3573 1226 3624 Polis
1245 3573 1340 3622 curtem
1353 3574 1420 3622 nltee
1435 3577 1486 3622 etc.
1498 3569 1514 3600 ⁹
1596 3601 1598 3607 -

65 3645 120 3708 dum
140 3653 212 3714 haec
234 3655 349 3733 legitur
363 3655 427 3714 vita
442 3655 475 3714 T.
494 3652 608 3724 Quintil
627 3651 773 3726 Flaminii,
869 3653 913 3712 De
934 3651 1178 3712 BENEVENUTl
1201 3649 1239 3710 de
1260 3646 1433 3708 llambaldis
1457 3643 1554 3707 libello

25 3765 26 3770 ¹
65 3743 121 3802 tunc
140 3747 169 3805 t.
191 3745 328 3808 Cornelii
351 3745 502 3823 Scipionis
535 3745 679 3826 Asiatici,
704 3742 780 3802 dein.
828 3740 1007 3823 Augustali,
1028 3744 1080 3820 qui
1114 3741 1291 3803 petrarchae
1324 3741 1445 3818 scriptis
1475 3740 1553 3800 solet

65 3831 192 3912 Scipionis
225 3839 377 3913 Nasicae,
396 3837 479 3898 Pauli
511 3835 776 3910 Aemilii,Q.·Ce-
830 3836 956 3914 subjici,
977 3835 1092 3897 dictum
1114 3852 1206 3913 supra
1228 3837 1283 3896 tl
1311 3850 1339 3913 p.
1364 3834 1432 3894 tat.

64 3925 109 3986 ciiii
135 3933 270 4008 lletelli,
305 3931 384 4010 Scip.
417 3928 597 4002 Aemiliani,
619 3929 652 3988 C.
674 3929 775 4003 llarii,
871 3930 1004 3991 loeditae
1024 3928 1176 4007 Epistulae
1203 3935 1235 3988 et
1269 3926 1415 4006 opuscula
1437 3927 1552 3986 Petrar-

25 4055 26 4114 ἒ
65 4015 107 4080 Cn.
125 4025 281 4105 Pompeii,
303 4023 388 4085 Caes.
411 4021 561 4100 Augusti,
583 4005 775 4099 Vespasiani,
830 4023 925 4100 chae,
945 4039 1077 4100 quorum
1110 4023 1139 4080 io
1173 4021 1273 4081 lucem
1307 4015 1555 4098 proterendorum

25 4123 27 4192 g
65 4109 109 4172 liti
128 4118 273 4191 Traiani,
298 4133 355 4178 uec
377 4115 457 4177 ultra
479 4113 659 4178 excurritur.
830 4117 1018 4178 celeberrimi
1039 4115 1096 4175 viri
1120 4112 1294 4175 barnardus
1314 4111 1551 4172 hlontlaucouus

25 4193 26 4256 l
94 4207 170 4278 Quod
186 4219 297 4274 autem
310 4205 775 4283 animadversioocdigoumest‚
830 4213 857 4284 a)
879 4216 910 4270 et
930 4207 1094 4269 Anselmus
1114 4205 1286 4270 Bandurius
1306 4206 1443 4284 bl‘spem
1466 4204 1551 4264 fecis

66 4301 129 4364 vioe
148 4321 281 4380 omnes,
305 4311 370 4366 torn
395 4303 462 4364 illae
483 4317 562 4382 quae
584 4293 641 4360 sub
663 4301 778 4360 Petrar-
831 4320 864 4378 se
887 4303 943 4362 visi
965 4308 1058 4377 sunt,
1080 4318 1136 4363 nec
1168 4299 1241 4362 dum
1274 4299 1402 4378 volgata
1431 4303 1554 4358 exstant

66 4391 125 4454 ohne
143 4400 282 4478 auspicio
306 4397 459 4471 militant,
479 4402 545 4456 tom
567 4408 645 4470 quae
662 4394 691 4452 io
706 4395 787 4470 sup-'
831 4395 910 4474 quod
932 4397 1035 4456 sciam.
1136 4470 1141 4478 ,

66 4485 200 4560 plemento
235 4491 353 4554 dantur
374 4487 470 4551 multo
492 4488 589 4548 fusius
609 4484 777 4564 descriptae
874 4493 971 4570 Longe
992 4491 1154 4550 maximam
1172 4488 1281 4568 ingenii
1300 4483 1420 4546 laudem
1443 4482 1552 4541 iletru-

25 4649 26 4668 ,
68 4587 142 4657 itti,
163 4583 245 4662 quod
270 4581 354 4646 edita
371 4581 544 4644 exhibeant.
562 4576 716 4640 interdum
734 4585 778 4638 ta-
832 4583 893 4644 scis
913 4583 978 4644 suis
998 4581 1186 4662 poematibus
1218 4587 1310 4658 atque
1338 4573 1553 4637 lucubrationi-

25 4725 27 4768 ,
68 4687 124 4734 meu
153 4677 206 4738 sed
243 4694 316 4738 raro
347 4675 442 4738 semel
476 4679 593 4736 tautum
614 4678 646 4734 st
668 4675 776 4732 iterum
831 4676 889 4737 bus
909 4676 1010 4738 italice
1030 4674 1120 4736 editis
1142 4671 1302 4735 Petrarcha
1334 4667 1423 4740 tulit,
1452 4664 1550 4724 itaut

25 4769 27 4854 l
68 4777 123 4827 rom
141 4769 231 4834 editis
254 4771 320 4832 iere
342 4787 396 4848 per
416 4769 515 4828 omnia
537 4772 716 4844 congruunt.
832 4771 910 4828 inter
926 4769 1070 4828 classicos
1083 4773 1223 4828 auctores
1238 4762 1320 4822 illius
1333 4759 1451 4835 linguae
1470 4755 1553 4831 priu-

98 4861 166 4932 Quid
188 4865 226 4926 ad
250 4865 330 4925 haec
351 4864 463 4925 dixeris
483 4857 603 4921 lector?
624 4874 695 4920 num
718 4863 779 4936 epi·
831 4863 927 4938 cipern
950 4859 1048 4918 locum
1068 4857 1129 4934 jam
1149 4853 1264 4933 pridem
1283 4857 1393 4909 teneat.
1410 4848 1552 4908 Carmina

25 4883 27 5016 μ
100 4989 122 5040 Ι)
138 4987 209 5036 lem.
226 4943 281 5034 nu.
300 4983 331 5035 de
347 4988 462 5035 tremus
479 4986 525 5030 An.
544 4977 613 5028 1703.
630 4989 659 5027 o.
671 4977 731 5028 ast.
877 4979 904 5043 b)
925 4977 953 5026 td
973 4976 1033 5026 17⁰³
1059 4967 1312 5038 septemanas&
