3658 5412
697 204 1012 268 srucnnnus
1168 169 1171 178 ’
1541 213 1602 276 aee

101 313 266 378 illustribus
286 292 545 389 Pamjuliensibas
566 331 595 392 p.
610 310 743 374 mareu
758 311 824 372 uui·
880 311 952 381 tali,
974 313 1201 389 sesquimiilieri
1223 313 1441 389 stenvordia,
1463 317 1536 377 obiit
1566 337 1592 380 a.

99 408 127 468 la
148 406 243 468 addit.
880 404 967 464 0938.
988 403 1026 464 de
1047 419 1108 482 quo
1129 404 1198 464 vide
1221 404 1386 466 chronicon
1409 406 1475 488 ejus
1498 427 1600 472 mona·

13 567 34 584 ..
139 499 192 558 Fr.
216 501 345 560 loannes
379 499 654 574 adiuuandae,
688 496 823 574 anglus,
878 498 962 554 sterii
985 497 1084 574 paullo
1106 505 1171 575 post
1186 496 1351 557 citandum.
1364 497 1490 578 Scripsit
1505 501 1599 562 Vitam
1718 519 1722 532 ¹

102 590 268 654 emonem
288 592 410 668 scripsit
431 590 638 652 Britanniam
669 587 710 650 ab
740 587 821 650 initio
877 589 909 648 S.
930 587 1058 663 Siardi,
1080 589 1250 650 decessoris
1282 590 1328 649 sui
1358 593 1412 668 qai
1450 609 1476 652 a.
1510 595 1599 656 ttae.

101 681 325 742 Dordmriorum
346 680 387 742 ad
412 682 579 742 ilenriaum
616 683 663 742 Vl.
693 678 822 759 Amplior
876 680 970 754 obiit,
992 699 1046 742 nec
1080 699 1138 743 nan
1164 682 1259 744 Vitam
1279 683 1309 744 S.
1341 683 1494 746 Friderici
1525 687 1600 748 Hal·

98 777 223 852 liam,
246 773 326 851 qnod
348 774 406 834 lis.
432 780 536 834 exstat
569 776 598 834 in
629 773 821 834 bibliothecis
875 773 963 844 ami,
984 776 1037 851 qui
1060 775 1142 834 Horti
1165 776 1273 836 hieriae
1305 775 1447 838 fundator
1478 779 1534 839 luit
1567 787 1598 840 et

100 867 224 944 Angliae
244 865 453 928 etlliberuiae.
476 866 550 928 Vide
571 866 724 930 Oudioum
740 873 821 929 tomo
875 867 992 942 primns
1011 865 1120 927 abbas.
1141 868 1229 928 Edita
1251 875 1299 928 eat
1321 870 1350 927 in
1371 868 1455 929 dctis
1475 870 1600 932 Sancto-

101 959 151 1020 lll.
172 976 201 1037 p.
223 959 315 1020 9909.
700 973 702 978 ’
769 1013 770 1020 ,
833 1027 838 1041 .
874 975 943 1018 rum
965 965 1037 1018 tom.
1059 961 1080 1018 l.
1103 961 1197 1020 Martii
1222 979 1248 1037 p.
1272 961 1341 1020 989.
1365 961 1417 1021 Val
1459 962 1600 1026 Andreae

138 1050 342 1125 SlBEllTUS,
364 1052 446 1110 Prior
467 1052 496 1112 S.
520 1052 697 1112 monasterii
715 1052 821 1110 Panta-
874 1051 948 1112 llibl.
971 1052 1086 1128 Belgica
1109 1071 1136 1129 p.
1159 1053 1226 1112 808.
1250 1053 1371 1116 Swertii
1388 1054 1525 1116 Athenae
1536 1059 1601 1120 Bel-

102 1145 198 1206 leonis
219 1144 248 1201 io
271 1141 399 1202 dioecesi
421 1143 610 1214 Coloniensi,
631 1142 822 1204 00099.οε-
875 1145 957 1220 gicae
979 1160 1008 1221 p.
1030 1144 1087 1204 tit
1120 1144 1269 1206 Suffridos
1291 1148 1369 1206 Petri
1401 1147 1439 1208 de
1470 1149 1601 1227 Scripto-

101 1233 331 1317 ditlipirtolam
348 1234 560 1298 adliodulinm
574 1236 819 1301 Abbetemsuum
876 1237 959 1296 ribos
979 1238 1091 1296 Prisiue
1113 1239 1182 1298 Deo.
1205 1238 1268 1296 vii.
1289 1239 1318 1296 9.

99 1335 131 1391 et
149 1330 181 1390 S
203 1327 376 1400 trudonis,
398 1329 504 1405 inqua
522 1331 696 1404 quaeritur,
718 1345 760 1388 un
793 1332 823 1388 et
915 1329 1128 1390 SlBilANDUS
1153 1331 1232 1403 Leo,
1257 1332 1509 1406 Leorardieosis,
1542 1336 1600 1412 pri·

98 1437 160 1499 poa
179 1420 298 1482 rotimus
319 1419 409 1480 liceat
428 1417 821 1499 olr'parilemigereprore-
876 1437 959 1482 mum
982 1422 1150 1484 monachos
1183 1411 1211 1481 in
1243 1420 1427 1482 Lidlumensi
1459 1424 1601 1486 coenobio

98 1513 228 1592 ceptione
243 1529 414 1592 puerorum
437 1513 469 1573 ia
488 1512 688 1588 rnoearteriir.
712 1515 820 1578 Exstat
874 1511 953 1589 apud
975 1513 1194 1588 Franelreram,
1216 1520 1340 1592 postea,
1369 1531 1463 1592 quum
1499 1533 1601 1576 mona-

99 1622 157 1668 000
179 1622 250 1668 com
272 1607 469 1684 responsione
492 1605 707 1684 lloduliiapud
718 1605 823 1668 illabil·
875 1606 1001 1664 sterium
1022 1605 1233 1679 desereretur,
1252 1605 1354 1666 Pastor
1372 1607 1599 1684 ioiienaldum,

99 1700 212 1760 lanium
233 1697 371 1760 doaleat.
391 1698 466 1760 edit.
486 1700 593 1776 prioris
614 1705 636 1759 t.
655 1700 690 1760 ii.
706 1717 734 1777 p.
753 1700 821 1762 aas.
877 1698 943 1756 rico
965 1699 1098 1770 Frisiae,
1120 1698 1242 1758 tandem
1265 1699 1335 1758 exul
1359 1700 1388 1759 in
1422 1701 1597 1762 Cusemaria

136 1790 327 1854 staturus
347 1789 383 1851 do
403 1787 508 1866 Bata,
529 1790 738 1863 Gelder,0rd.
751 1792 821 1852 Gar·
876 1789 922 1849 sui
944 1789 1058 1849 ordinis
1080 1792 1293 1874 Praepositum
1310 1798 1449 1852 mortuus
1465 1809 1491 1851 a.
1511 1794 1597 1853 0588.

97 1883 232 1946 utelitaoi
256 1883 340 1944 Prior
358 1885 573 1960 provincialis,
597 1886 672 1944 vixit
692 1900 718 1944 a.
730 1884 820 1944 0320.
875 1884 1051 1961 Composuit
1066 1879 1207 1944 Tabulam
1220 1882 1456 1962 Geopraphr‘aam
1470 1884 1598 1962 Frrhiae,

98 1984 125 2034 et
138 1977 260 2054 scripsit
275 1976 304 2036 iu
318 1972 413 2036 libror
426 1976 474 2036 il'.
488 1975 820 2051 Sententiarumsum-
875 1991 965 2050 quam
988 1978 1052 2052 ipso
1075 1977 1200 2034 vivente
1221 1975 1344 2036 excudit
1364 1979 1494 2054 primum
1515 1977 1599 2040 loco—

98 2083 179 2128 mam
200 2083 404 2130 camararum
424 2069 495 2128 naui
508 2067 594 2146 juris
606 2115 615 2143 ,
628 2070 660 2128 ia
672 2065 819 2146 Regulam
874 2066 931 2126 bus
952 2067 1236 2150 berannensium
1255 2067 1364 2128 deinde
1385 2069 1597 2146 locupletatam

98 2158 216 2220 ordinib
237 2159 295 2233 sui,
316 2164 367 2238 qui
391 2167 564 2239 postremus
585 2163 726 2221 eustatio
745 2160 817 2222 Phil.
875 2158 991 2218 recudit
1012 2175 1038 2218 a.
1064 2160 1149 2219 itia.
1171 2157 1403 2236 Huenbergius,
1425 2167 1503 2222 teste
1525 2161 1597 2224 Sui·

97 2254 197 2314 lliboti
220 2254 303 2314 libris
323 2255 360 2314 Χ.
378 2255 416 2314 de
434 2256 622 2314 institutione
642 2261 675 2312 et
690 2255 818 2330 peculia·
873 2250 951 2312 frida
972 2252 1060 2311 Petri.
1082 2253 1209 2330 Scripsit
1231 2269 1317 2330 porro
1341 2253 1534 2317 Vitometror
1547 2273 1599 2335 go-

99 2347 181 2408 ribus
197 2347 654 2424 gestisCormelitarom,Veuet.
668 2346 756 2408 0507.
765 2365 818 2408 er·
872 2349 936 2406 rias
949 2341 1098 2406 Abbatum
1119 2344 1151 2403 ia
1172 2342 1309 2425 Lidlum,
1330 2363 1407 2423 quas
1428 2347 1522 2408 edidit
1536 2351 1599 2410 An-

98 2442 191 2502 ausis.
209 2435 397 2500 Fareiealam
418 2437 542 2498 Florum
563 2437 756 2500 diversarum
773 2438 817 2499 hi·
873 2442 936 2496 too.
957 2437 1125 2506 Matthaeus
1146 2437 1281 2498 analect.
1305 2445 1376 2500 tom.
1399 2441 1447 2499 vi.
1468 2441 1515 2500 ed.
1549 2442 1598 2500 ed.

99 2531 290 2593 storiarum:
313 2528 456 2591 ordinale
477 2543 598 2607 quaque
620 2530 822 2592 Dominicise·
876 2530 965 2605 prior.
990 2536 1070 2588 tomo
1092 2531 1144 2590 iii.
1163 2528 1234 2589 edit.
1257 2536 1336 2606 post.
1358 2547 1385 2607 p.
1408 2531 1474 2591 537.
1501 2533 1597 2590 Vitam

96 2623 200 2703 pulcri
217 2627 356 2684 correxit.
379 2622 451 2684 Vide
473 2623 673 2684 trithemium
690 2623 729 2686 de
748 2625 823 2686 sori.-
881 2626 911 2680 et
929 2635 980 2680 rer
997 2625 1099 2699 pertas
1120 2617 1269 2682 attotam
1291 2621 1382 2682 Horti
1406 2623 1440 2683 Β.
1469 2621 1599 2700 Virpimb

100 2725 141 2795 pt.
161 2717 280 2779 Eccles.
303 2733 328 2775 c.
352 2715 420 2777 557.
443 2723 475 2777 et
495 2716 533 2776 de
560 2717 663 2794 script.
696 2717 822 2778 Carme·
878 2715 908 2774 S.
931 2711 1148 2792 Marieagard,
1169 2714 1331 2776 abeodem
1360 2715 1457 2778 editas
1478 2723 1500 2776 t.
1522 2717 1599 2776 Vlli.

98 2809 140 2870 lit.
161 2829 192 2888 p.
213 2808 261 2869 76.
285 2808 347 2868 Val.
371 2808 508 2870 Andreae
528 2808 603 2870 Bibl.
619 2808 769 2886 Belgicam
795 2825 823 2884 p.
878 2803 949 2864 odit.
970 2808 1059 2882 prior.
1081 2812 1162 2866 toruo
1183 2807 1216 2866 V.
1241 2824 1269 2884 p.
1293 2809 1361 2872 uti.
1378 2809 1427 2870 ed.
1447 2815 1524 2887 post.
1552 2809 1600 2870 i'i·
1671 2879 1679 2894 .

98 2919 127 2978 p.
141 2903 213 2963 808.
224 2902 291 2962 dub
305 2903 405 2962 ldiraei
419 2900 595 2962 Auctarium
607 2917 633 2962 c.
644 2901 711 2962 080.
720 2901 824 2964 Swer·
878 2903 940 2958 tam
969 2893 1109 2960 Eellrmis
1140 2896 1306 2962 Lioalrama
1326 2898 1403 2962 ibt.
1425 2899 1533 2964 ibidem
1555 2910 1600 2962 to-

100 2995 131 3052 tii
148 2994 287 3054 Athenas
309 2996 439 3054 Batavos
452 3012 479 3072 p.
493 2992 561 3056 tia.
880 3007 929 3052 mo
951 2991 1000 3052 lli.
1024 3006 1052 3066 p.
1074 2989 1144 3050 396.

136 3086 273 3159 SlitlTO,
284 3087 444 3146 vienensis
457 3085 724 3161 iustumneom.
739 3087 824 3147 Prae·
919 3081 1157 3155 stauilitum,
1180 3085 1228 3145 vel
1249 3085 1440 3164 Siphardar,
1469 3087 1611 3148 casella-v

98 3177 288 3250 dicatorum,
310 3193 371 3236 seo.
393 3178 474 3238 xiii.
496 3179 620 3254 scripsit
642 3177 724 3256 Opus
739 3191 823 3253 epre-
878 3174 967 3235 lanus
988 3191 1043 3235 sen
1064 3176 1256 3247 (lesatensis,
1277 3179 1447 3257 Episcopus
1478 3182 1600 3242 Cremo·

98 3271 181 3347 piam
205 3270 237 3329 in
258 3269 428 3330 Orationem
450 3268 645 3329 Dominiaam.
664 3269 823 3339 lac.·Que-
881 3268 988 3326 nensis
1008 3282 1087 3328 anna
1109 3269 1199 3330 0080·
1221 3276 1253 3327 et
1284 3270 1440 3330 biennium
1473 3275 1604 3349 Legatos

98 3363 192 3424 tilde
215 3362 417 3440 scriptoribus
434 3362 556 3424 Ordinis
568 3361 731 3424 Praedieot.
749 3369 811 3420 tom
879 3358 1072 3436 apostolicus
1094 3376 1147 3437 per
1167 3360 1347 3421 insubrium.
1370 3364 1497 3440 Scripsit
1526 3363 1601 3424 Aeto

100 3457 122 3516 i.
142 3474 173 3533 p.
195 3455 265 3517 375.
281 3455 437 3515 Altamura
455 3472 483 3532 p.
507 3453 573 3516 080.
880 3453 910 3514 S.
935 3449 1100 3512 Hamoboni
1126 3452 1352 3524 Cremonensis,
1383 3453 1552 3515 Chronieoa
1584 3475 1603 3516 o

136 3548 154 3584 ¹*
175 3548 256 3608 Cum
282 3548 415 3606 Viennae
445 3561 565 3624 agerem
599 3547 730 3611 occurrit
751 3546 826 3608 mihi
878 3543 1035 3608 nativitate
1059 3544 1176 3609 Christi
1195 3561 1289 3623 arque
1309 3546 1350 3606 mi
1368 3563 1396 3606 a.
1421 3549 1506 3609 itta.
1523 3551 1602 3628 quod

100 3643 128 3699 in
150 3641 261 3717 insigni
283 3639 466 3700 Bibliotheca
494 3633 699 3716 Vindaghia'na
728 3639 822 3700 codex
879 3637 996 3698 editum
1017 3643 1090 3700 turn.
1118 3639 1183 3699 vii.
1212 3637 1398 3715 Scriptorum
1431 3641 1602 3703 italicorum

12 3721 13 3724 '
99 3735 158 3794 its.
180 3749 241 3791 sec.
264 3732 328 3792 XV.
358 3732 406 3790 vel
429 3731 499 3791 Xill
521 3730 623 3792 terens
648 3731 822 3792 Tractatum
878 3733 1032 3796 Muratorii
1055 3749 1083 3809 p.
1106 3732 1175 3793 520.
1201 3732 1374 3792 Tractatum
1393 3731 1430 3793 de
1452 3731 1604 3794 humilita-

12 3887 13 3892 ,
100 3842 156 3903 sup
183 3823 334 3886 Miserere
355 3823 462 3902 imr'pn.
485 3824 567 3883 Dect.
586 3821 710 3886 lbitonir
731 3841 821 3902 quem
878 3829 924 3898 le,
941 3824 1110 3900 Hortarium
1123 3826 1325 3886 Romanorum
1342 3824 1532 3903 Pontificum,
1549 3827 1604 3888 ldi-
1634 3897 1637 3903 Ι

12 3927 13 3990 3
100 3935 158 3977 non
182 3915 430 3978 dobitoeundom
447 3933 515 3979 esse
531 3919 695 3978 Libitonem
712 3917 823 3994 dequo
878 3915 956 3976 trale
978 3915 1029 3976 uel
1046 3918 1201 3978 Summam
1222 3915 1259 3976 de
1284 3915 1394 3979 meina
1416 3917 1539 4000 officiis,
1564 3937 1602 3983 ex

12 4081 13 4092 χ
101 4011 350 4071 bibliothecarius
367 4016 469 4069 noster
484 4009 580 4074 hia·
882 4024 944 4085 quo
966 4008 1142 4073 horandum
1166 4009 1260 4071 multa
1278 4011 1603 4088 exscripsissedicunt.

138 4099 393 4164 Bartholomaeus
404 4102 823 4179 SlBYLLA,ldonopolitanos
877 4102 964 4162 Arisii
988 4102 1134 4164 Cremona
1156 4100 1273 4162 literata
1293 4108 1368 4162 tom.
1390 4104 1401 4163 l
1424 4121 1452 4181 p.
1471 4103 1520 4163 87.
1537 4121 1602 4183 seq.

12 4267 13 4272 ἵ
101 4195 279 4257 Ordiratr.
295 4194 534 4258 Praedicatorum
556 4194 732 4272 theologiae
753 4197 822 4254 Pro-
878 4193 1018 4258 ultimum
1040 4209 1137 4270 opus,
1158 4194 1340 4270 quodetiam
1358 4193 1395 4255 de
1412 4193 1601 4259 sectaberi-

103 4288 220 4364 iassor,
241 4289 321 4348 circa
341 4303 369 4347 a.
391 4287 479 4348 list.
502 4287 628 4363 Scripsit
659 4284 821 4366 Spemrlam
877 4302 921 4347 aas
940 4285 1045 4369 afficiat
1068 4288 1261 4361 inscribitur,
1281 4295 1329 4348 est
1347 4289 1376 4347 in
1394 4290 1469 4350 Bibl.
1487 4291 1602 4350 Vatica-

12 4375 13 4380 ’
98 4395 334 4460 peregrinarum
353 4378 585 4455 Quaestionum,
603 4377 682 4454 quod
716 4380 823 4457 prodiit
879 4397 925 4452 aa,
947 4382 1035 4441 Bam.
1057 4379 1095 4442 de
1116 4379 1305 4442 iiootiaucon
1327 4380 1401 4440 iiibl.
1424 4380 1498 4439 Bibi.
1515 4379 1600 4440 MSS.

12 4471 13 4524 ἶ
103 4475 214 4535 Romae
238 4474 328 4533 itta.
350 4471 551 4532 Pariszllili.
574 4469 698 4549 Argent.
731 4473 820 4533 0099.
879 4488 907 4548 p.
929 4473 997 4534 itt.
1019 4473 1076 4533 sub
1098 4470 1601 4534 titulaSummaeinBibl.S.Vi-

12 4597 13 4644 3
103 4566 131 4623 l.
153 4565 246 4644 Lugd.
270 4566 359 4625 toti.
380 4565 485 4624 Venet.
509 4561 595 4626 itit.
621 4563 707 4624 ttae.
734 4563 825 4626 Oudi-
878 4565 969 4626 cteris
989 4565 1188 4638 Parisiensis,
1211 4564 1281 4624 ibid.
1302 4581 1330 4639 p.
1353 4564 1442 4644 tait.
1476 4563 1509 4620 ln
1545 4562 1601 4623 alio

12 4663 14 4692 f
103 4673 161 4718 nos
184 4665 265 4717 tomo
283 4658 334 4717 lll.
353 4673 381 4734 p.
396 4657 487 4718 2369.
880 4654 988 4718 Codice
1009 4659 1084 4719 Bibl.
1104 4661 1211 4736 hegiae
1239 4656 1388 4716 Parisinoe
1414 4654 1494 4732 apud
1527 4671 1602 4715 eun-

142 4749 385 4826 sialitanus,
406 4748 508 4810 Abbas
542 4749 625 4810 ilorti
655 4749 687 4808 S.
718 4749 826 4810 hieriae
880 4747 948 4810 dem
971 4767 998 4828 p.
1020 4752 1088 4812 999.
1115 4751 1224 4812 dicitur
1255 4745 1386 4808 rb'troiir
1415 4746 1600 4821 Siehardar,

103 4840 173 4902 Ord.
198 4843 555 4904 Praemonstreteosisio
578 4843 670 4904 Prista
692 4839 828 4904 occiden-
884 4839 963 4918 q'oad
984 4859 1167 4920 praenomen
1189 4859 1224 4900 er
1248 4857 1336 4917 opere
1368 4858 1458 4920 snpra
1490 4855 1602 4900 memo-
