3368 5362
96 227 158 291 094
705 219 982 286 zEttostus

95 335 273 417 Martyrium
287 332 418 395 subiisse
433 329 525 409 vulgo
543 330 668 393 traduat
685 336 819 410 ternpore
879 347 969 391 nonae
992 329 1078 392 4739.
1095 329 1173 407 lolio,
1190 348 1265 393 cura
1283 332 1364 393 Petri
1383 339 1413 392 et
1428 334 1562 413 Hieronymi

96 432 245 505 Gallieni,
276 431 395 492 Caveus
426 426 527 505 paullo
563 434 633 486 anto
670 426 817 487 Ambrosii
878 426 1094 488 Balleriooram
1120 426 1259 494 fratrum,
1283 428 1337 505 qai
1361 429 1449 488 vitam
1470 430 1562 492 zenonis

96 519 818 606 temporavinissecredit.Vitamejussermoae
877 526 1029 596 enarrant,
1050 526 1081 580 44
1102 522 1214 601 scripta
1249 521 1333 583 illius
1364 524 1460 584 critice
1485 523 1560 602 dijudi·

96 622 198 683 italico
219 618 302 681 dedit
332 619 466 695 Baptista
498 618 659 688 Perottus,
688 633 766 693 44444
789 616 817 675 44
877 612 1012 692 cantia).

97 721 224 793 utreque
245 710 375 772 editione
399 709 563 770 Veronensi
586 709 722 769 4444444.
739 710 817 769 Ean·
916 709 995 787 43404
1014 709 1168 787 Augustae
1192 707 1419 772 vindelicorum
1446 712 1512 774 4454
1531 715 1562 774 44.

96 808 165 870 dam
184 807 268 886 justo
288 804 529 878 Commentario,
563 803 685 863 insertis
710 800 815 877 Actis,
875 804 1002 864 Zenonis
1023 805 1201 866 Sermonum
1224 803 1328 866 Editio
1350 802 1517 868 Veronensis
1534 826 1564 869 re

96 902 227 980 explicat
247 896 435 959 Godoiredus
457 896 664 958 lienscbonius
680 899 708 957 in
732 898 816 959 Actis
874 913 957 969 cusa,
976 905 1005 957 ot
1022 897 1068 957 lo.
1084 897 1184 958 lacobi
1205 900 1282 959 Can.
1301 899 1413 960 ilionisi
1435 899 1463 960 ia
1483 903 1565 962 444444

97 997 275 1058 Sanctorum
295 999 375 1052 tomo
394 992 426 1052 ll.
442 990 552 1068 Aprilis
567 1008 595 1070 p.
609 992 658 1051 09.
676 994 722 1053 444
740 992 816 1053 adde
875 989 963 1051 1784.
982 990 1010 1052 lo.
1039 992 1139 1052 italica
1165 994 1270 1054 versio
1292 996 1510 1056 acconensem
1521 1013 1565 1075 pro·

98 1090 212 1151 ltaliam
231 1104 347 1148 sacram
367 1094 448 1145 tomo
468 1086 501 1146 V.
518 1103 547 1163 p.
564 1085 633 1145 6¹19.
650 1086 667 1147 4.
687 1092 718 1146 44
739 1087 818 1146 Coit·
875 1083 938 1144 diit.

98 1184 204 1245 lernam
221 1190 292 1241 tom.
311 1180 387 1241 vttt.
403 1182 444 1241 04
461 1186 560 1240 444444
573 1179 729 1259 disputant
743 1197 816 1259 quo·
914 1181 1019 1240 Sermo
1039 1177 1121 1242 des.
1138 1178 1276 1242 Arcadio
1293 1188 1396 1243 exstat
1417 1183 1489 1262 apud
1509 1185 1566 1247 Sari

25 1316 30 1325 ·
98 1295 157 1358 que
173 1277 338 1337 Vossiuset
355 1273 495 1335 Sandius·
874 1290 925 1333 um
948 1271 977 1333 d.
1000 1275 1038 1336 42
1058 1275 1124 1335 444.
1147 1281 1178 1336 44
1199 1292 1273 1337 4444
1296 1278 1344 1337 44.
1378 1277 1502 1338 4441144444
1518 1295 1565 1339 444

138 1372 271 1433 Exstant
292 1367 359 1446 ejus
374 1371 530 1431 Sermones
545 1368 622 1431 ultra
640 1370 769 1432 Centum
787 1379 818 1433 et
874 1365 955 1427 MSS.
976 1368 1102 1430 collatus
1124 1370 1153 1428 in
1169 1367 1257 1431 Actis
1275 1371 1457 1435 Sanctorum
1476 1379 1539 1433 lamo
1552 1374 1567 1433 l.

99 1467 231 1544 triginta,
250 1464 385 1542 plenique
406 1479 464 1523 non
488 1480 613 1542 magnae
629 1465 724 1543 motis,
742 1484 819 1545 quos
874 1461 1007 1523 ianuarii
1031 1480 1058 1540 p.
1081 1463 1150 1524 723.

99 1561 153 1621 viri
189 1558 266 1619 docti
300 1576 359 1618 non
391 1574 497 1618 omnes
530 1560 677 1636 genuinos
712 1561 818 1621 voluat
919 1554 997 1631 (stt)
1021 1556 1208 1620 aesopius
1236 1557 1409 1621 Acciataali
1434 1570 1495 1641 post
1518 1561 1569 1623 Pbil.

97 1669 269 1731 agnoscere.
292 1653 380 1713 Certe
398 1659 462 1712 orta
485 1653 545 1731 iam
569 1652 685 1712 haeresi
708 1653 817 1716 Ariana
876 1649 1052 1710 Beroaldum
1071 1668 1150 1712 anno
1169 1651 1258 1714 4548.
1279 1654 1417 1714 4444444444.
1447 1656 1571 1716 44044444

98 1749 227 1826 scriptos
247 1763 315 1807 osse
337 1747 433 1824 palam
457 1753 523 1819 ost,
546 1763 692 1826 quorsum
728 1750 820 1826 perti·
876 1744 1057 1811 Praefectus,
1072 1754 1102 1804 et
1117 1748 1167 1823 qui
1184 1755 1244 1807 aet.
1256 1766 1364 1808 aanor.
1379 1749 1419 1809 58
1436 1748 1500 1808 obiit
1512 1749 1570 1808 dii

98 1850 173 1903 neat
193 1849 256 1903 tres
279 1842 318 1902 illi
342 1839 378 1901 444
398 1845 521 1902 aeterna
540 1840 610 1901 Filii
624 1841 681 1901 Dei
692 1856 818 1920 praera-
874 1838 943 1897 iulii
965 1838 1052 1899 t5t9.
1070 1837 1181 1899 Graeca
1199 1842 1349 1919 opuscula
1379 1840 1498 1902 Eusebii
1517 1843 1571 1904 Coe·

99 1936 192 1997 tioac:
211 1943 242 1996 et
264 1936 400 1997 Labbeus
421 1934 562 1997 observat
577 1944 648 1996 tom.
659 1937 694 1997 ll.
706 1954 734 2014 p.
749 1935 819 1997 509.
875 1930 1031 2006 camerario,
1046 1930 1249 2014 olympiodori
1264 1942 1294 1996 et
1314 1936 1484 1998 theodoreti
1495 1941 1571 2000 latine

98 2038 228 2110 quatuor
249 2047 285 2090 ex
309 2030 367 2090 illis
389 2030 468 2089 inter
495 2029 630 2090 homilias
661 2030 691 2091 S.
720 2031 818 2091 basilii
876 2026 975 2100 vertit,
993 2026 1149 2089 Orationes
1168 2028 1204 2088 de
1223 2029 1366 2091 laudibus
1380 2032 1447 2092 Crb.
1462 2027 1572 2110 A'eopol't

99 2126 230 2202 reperiri,
252 2124 325 2184 alios
351 2141 388 2183 444
411 2125 633 2184 Commentario
656 2125 755 2185 llilarii
788 2128 817 2184 in
874 2127 906 2179 4-4
924 2122 1033 2180 domae
1050 2128 1080 2180 44
1098 2123 1154 2182 alia
1172 2125 1322 2202 vulgavit,
1337 2133 1371 2186 ut
1389 2128 1418 2185 in
1433 2144 1478 2205 op.
1492 2127 1574 2186 latoria

99 2219 243 2289 0444444,
274 2218 348 2278 44444
380 2216 500 2278 aliunde
536 2217 708 2296 depromtos
740 2236 817 2280 esse.
875 2209 954 2291 dcpli
970 2214 1114 2275 scrittori
1126 2217 1296 2278 Floreatiai
1305 2221 1574 2298 pag.t8.rotulimos‚

97 2311 171 2372 l'ide
193 2311 418 2373 Tillemantium
441 2319 522 2372 tomo
543 2311 594 2373 ΙΙΙ.
627 2315 700 2374 44444.
723 2316 820 2393 444444-
875 2314 907 2367 44
924 2307 961 2366 illi
979 2310 1046 2369 clus
1063 2311 1196 2385 Epistola
1211 2313 1255 2373 Dc
1268 2314 1403 2374 Eusebio
1413 2315 1448 2375 ad
1461 2317 1575 2376 444444·

99 2414 242 2483 fanornm,
260 2413 362 2466 annon,
377 2408 405 2466 6,
423 2406 458 2467 ad
477 2410 714 2484 persecutionem
734 2411 819 2471 vate.
875 2405 988 2463 ciscum
1008 2407 1107 2465 Picum
1128 2404 1264 2481 legenda.
1276 2406 1354 2468 Vide
1366 2409 1553 2471 ACClAlOll.

98 2504 184 2578 riani,
206 2508 237 2561 ot
260 2503 398 2561 ltivotum
419 2506 499 2560 tomo
523 2502 572 2563 ΙΙΙ.
591 2502 666 2580 Opp.
692 2520 720 2580 p.
748 2502 817 2565 044.
915 2497 1099 2559 ZliliOBlUS
1120 2501 1234 2575 Strata,
1254 2502 1459 2577 Florentiam,
1472 2504 1571 2565 loannis

97 2598 163 2659 Noa
177 2601 248 2657 saal
268 2598 424 2658 Sermones
445 2593 492 2655 illi
506 2596 595 2674 paris
613 2594 684 2671 stili,
696 2595 817 2677 judicii,
874 2589 1065 2652 Grammatici
1087 2592 1178 2662 silius,
1199 2595 1341 2657 liberales
1363 2608 1446 2659 artes
1480 2600 1574 2660 Floron-

95 2688 196 2767 4444444,
225 2707 319 2770 aeque
350 2688 424 2750 atico
444 2689 535 2750 arrian
566 2689 748 2769 4444444444,
783 2696 818 2751 at
874 2685 932 2743 liae
953 2686 1063 2760 duruit,
1090 2694 1120 2746 et
1151 2690 1226 2748 Pisis
1259 2706 1276 2749 a
1310 2692 1418 2753 Carolo
1441 2695 1486 2754 il'.
1506 2697 1570 2754 Poeta

94 2782 170 2845 4444·
184 2784 329 2845 docemur.
365 2785 565 2845 trasoaldus
591 2784 626 2845 od
651 2787 737 2846 stam
760 2787 817 2847 sit·
873 2787 1035 2838 coronatos
1052 2788 1108 2840 444.
1131 2783 1211 2842 Vixit
1226 2800 1305 2844 cuca
1329 2801 1355 2845 a.
1377 2785 1465 2848 t355.
1477 2796 1504 2847 44
1521 2788 1570 2846 444-

96 2896 150 2938 vas
168 2880 200 2940 V.
217 2879 242 2938 t.
258 2878 386 2939 sesto
408 2897 478 2939 voro
496 2879 563 2939 alibi
579 2878 649 2939 illud
670 2879 815 2955 docuerit,
871 2889 923 2934 4444
945 2875 975 2934 ia
997 2874 1174 2955 sphaeram,
1206 2894 1261 2938 nec
1285 2896 1345 2938 oon
1371 2881 1569 2943 Orationemde

95 2975 242 3034 incertum
278 2980 344 3048 444,
376 2976 445 3051 quia
479 2976 713 3034 commentarios
749 2976 814 3037 illos
869 2966 955 3050 sama
976 2969 1011 3029 ad
1035 2971 1172 3031 Catulum
1207 2973 1256 3032 lV·
1289 2974 1367 3052 lurp.
1390 2979 1512 3056 reliquit.
1535 2974 1567 3036 ,ld

95 3067 255 3130 admodum
272 3084 364 3128 senor
379 3070 569 3146 conscripsit.
589 3068 698 3128 Contra
712 3072 816 3149 genui·
872 3064 969 3141 ipsum
992 3071 1113 3124 exstant
1135 3066 1287 3142 Epistolae
1311 3069 1460 3130 Francisci
1482 3074 1569 3132 Petror·

96 3179 151 3223 nos
171 3179 239 3221 esse
262 3162 418 3221 contendit
444 3168 475 3221 et
507 3161 593 3222 valde
623 3162 725 3223 laudat
758 3167 816 3225 ltu-
872 3158 946 3218 olnae
969 3158 1107 3218 versibus
1128 3163 1328 3238 conscriptae.
1360 3163 1492 3225 44444444
1518 3164 1571 3223 Gne·

94 3256 225 3316 cbnerus
246 3258 370 3317 Dissert.
388 3256 564 3317 Academica
585 3255 654 3316 389.
684 3275 712 3335 p.
745 3259 813 3319 237.
872 3254 943 3331 gorii
958 3253 1052 3328 llagni
1071 3255 1100 3312 in
1116 3270 1288 3315 sermonem
1307 3257 1447 3319 Italicum
1465 3266 1572 3319 transta-

96 3350 816 3412 StilumiaillosciatillantemcommendatBar·
872 3346 916 3419 lib
939 3348 1084 3425 4400445944
1118 3348 1284 3410 4444994ῑὸ4
1323 3352 1403 3414 4486
1449 3355 1492 3415 441.
1522 3356 1572 3414 Pet·

97 3443 178 3504 nhtns
196 3451 226 3504 et
246 3443 405 3522 Aputnjum
426 3445 630 3505 christianum
655 3445 726 3505 dicit
757 3446 816 3506 nd.
872 3440 1572 3528 4444444(14444844444444.4444444444444444440.

98 3555 178 3599 vers.
192 3538 295 3600 Xblll.
312 3539 359 3600 40.
380 3537 415 3598 ad
442 3538 639 3599 Claudianum
672 3558 698 3618 p.
726 3540 815 3602 1434.
873 3535 1112 3611 Juliusb'igorde
1125 3538 1268 3616 Scriptor.
1280 3542 1464 3604 Florentinis
1480 3562 1506 3621 p.
1520 3540 1571 3602 tlt.

97 3640 128 3694 44
142 3632 177 3693 ad
195 3632 322 3693 Statium
341 3633 508 3694 Thebaidos
525 3636 558 3694 ll.
577 3635 646 3694 213.
916 3630 996 3708 [3l8l
1011 3625 1142 3701 Zenobia}
1154 3633 1204 3708 qui
1217 3630 1348 3695 docente
1360 3637 1413 3696 l'b.
1427 3638 1521 3697 l'illoai
1531 3640 1572 3695 aet

136 3726 216 3789 Editi
234 3734 307 3788 sunt
324 3729 362 3788 illi
382 3728 542 3789 Sermones
557 3732 687 3808 primum
705 3746 721 3790 a
738 3730 817 3792 Gua·
873 3725 1113 3784 albitiobillau·
1128 3726 1205 3785 4364
1219 3726 1569 3807 Epirrotaecct.onsnn

97 3826 161 3884 4444
179 3825 341 3886 veronensi
360 3825 493 3884 Veneriis
516 3824 601 3885 4508.
630 3824 737 3887 deinde
764 3846 816 3889 ao·
875 3821 1195 3882 inllnrsaurillartrne
1213 3831 1244 3882 4-4
1263 3825 1387 3885 0444444
1403 3828 1437 3886 Τ.
1447 3827 1480 3886 44.
1491 3820 1570 3904 pili·

98 3920 199 3997 spiclis
216 3917 374 3995 Augustini
393 3919 510 3994 Valerii,
530 3921 666 3999 lipiscopi
683 3922 815 3983 Veronae
874 3915 961 3979 4074.
983 3915 1224 3977 Aloraliaautem
1242 3918 1359 3996 pluries
1371 3922 1512 4000 4444444444
1522 3914 1569 3976 scil.

97 4018 128 4071 et
149 4011 324 4081 cardinalis,
345 4028 416 4071 cura
444 4012 604 4092 4444444444
637 4017 763 4094 Bagatae
785 4025 822 4093 et
872 4011 902 4071 ia
917 4014 1009 4072 lloma
1025 4011 1112 4073 4444.
1128 4012 1176 4072 at.
1198 4012 1247 4074 25.
1263 4012 1313 4073 30.
1338 4015 1368 4074 44
1388 4013 1408 4075 b
1425 4032 1487 4076 cur.
1500 4008 1567 4074 Cori.

98 4107 249 4184 Baptistae
260 4108 368 4167 Peretti
386 4105 563 4184 prodierunt
579 4109 712 4169 Veronae
726 4111 813 4170 4580.
872 4107 977 4167 44444.
995 4109 1145 4167 Tommasi
1158 4113 1190 4167 44
1201 4107 1294 4167 Juxta
1306 4110 1478 4186 Fontaaini‚
1489 4111 1516 4167 44
1526 4105 1571 4167 A'o·

98 4196 128 4260 4.
145 4200 262 4278 repetiti
286 4200 477 4278 postmodum
503 4202 530 4260 in
554 4202 743 4264 bibliothecis
764 4206 817 4265 Pa·
867 4198 933 4281 poli
949 4202 1035 4262 4446.
1055 4198 1083 4262 lo.
1101 4218 1131 4259 v.
1149 4200 1178 4261 4.
1196 4208 1228 4260 44
1246 4218 1346 4280 nuper
1363 4202 1520 4265 admodum
1540 4199 1571 4259 di·

97 4301 189 4369 trum,
221 4293 342 4354 tandem
374 4310 494 4354 rursum
522 4296 655 4357 Veronae
677 4300 764 4359 4740.
786 4300 814 4369 d.
871 4294 999 4373 ligenter
1015 4302 1141 4356 curante
1159 4295 1191 4355 V.
1203 4294 1242 4355 cl.
1261 4297 1490 4359 bartholomaeo
1505 4295 1567 4357 sorio

93 4386 183 4469 jussu
201 4389 245 4448 lo.
261 4387 409 4448 Francisci
428 4387 592 4454 Barbadici.
609 4392 746 4469 Episcopi
760 4393 815 4453 lle·
872 4389 904 4450 C.
926 4388 1051 4449 Oratorii
1071 4391 1260 4468 Presbytero,
1281 4389 1312 4450 ia
1333 4394 1449 4453 Verona
1470 4390 1537 4454 4054
1550 4392 1568 4444 in

98 4485 245 4554 romensis,
268 4484 296 4542 in
319 4500 377 4561 quo
400 4482 529 4543 editione
562 4483 634 4544 nibil
667 4489 813 4569 accessit,
873 4483 890 4542 4
924 4482 982 4542 vot.
1014 4482 1041 4541 3.
1064 4483 1237 4543 Versioaem
1271 4493 1352 4563 44444.
1379 4488 1412 4548 C.
1443 4485 1487 4547 48.
1515 4478 1569 4543 tibn'

98 4578 169 4639 44444
192 4576 385 4639 emendatum
415 4585 471 4652 est,
496 4578 576 4639 undo
600 4566 690 4639 manu
713 4583 815 4641 critica
871 4577 943 4640 xlx
962 4593 1028 4636 esse
1046 4579 1078 4638 B.
1096 4578 1139 4637 io.
1158 4578 1274 4638 'revelli
1293 4597 1308 4638 a
1329 4583 1508 4659 tassignano
1522 4578 1571 4635 For·

96 4672 294 4732 vehementer
314 4678 400 4750 eget,
419 4672 455 4732 od
479 4670 606 4733 Codices
632 4673 713 4733 lllSS.
736 4674 817 4734 solli·
873 4672 1169 4750 raniensisEpiscopi‚
1183 4673 1235 4750 qui
1254 4673 1328 4734 obiit
1343 4674 1455 4737 44440
1469 4668 1570 4734 P-dori·

96 4768 156 4826 cite
177 4763 372 4826 recensenda.
394 4766 495 4826 llelior
521 4764 610 4826 editio
633 4766 740 4846 prodiit
761 4768 818 4830 lle·
872 4767 944 4845 rigia
966 4767 1152 4840 auctoritate,
1171 4767 1200 4823 in
1225 4768 1413 4828 Praelatrone
1440 4767 1515 4829 Tomi
1533 4759 1568 4821 444.

872 4859 1104 4921 demonstratur.
1118 4859 1189 4922 Vide
1200 4866 1231 4919 et
1243 4877 1293 4940 op.
1305 4862 1411 4923 Storia
1422 4858 1469 4922 del
1479 4860 1509 4919 B.
1518 4853 1569 4916 dit·

140 4964 176 5029 (4)
188 4965 280 5015 laura.
294 4963 340 5015 der
351 4961 462 5017 8444444
477 4968 548 5017 titt.
562 4965 622 5018 044.
634 4980 660 5031 p.
674 4969 730 5017 444.
872 4954 966 5016 vartrtr'
981 4951 1093 5016 Tabellt'
1101 4953 1142 5016 da
1156 4953 1340 5034 tossipoano
1357 4955 1393 5018 di
1406 4957 1442 5019 F.
1453 4946 1568 5017 coorto
