3658 5412
666 237 1024 302 6666666666
1538 243 1599 306 aaa
1655 277 1662 294 .
1791 193 1796 204 ’

103 349 249 412 eutalium
281 345 464 426 Augurum,
487 343 632 406 lledualdl
654 345 743 423 Regis
773 361 824 422 pa·
884 345 1016 405 nicarum
1042 343 1127 404 1666.
1156 345 1270 403 Ρ1616611
1293 351 1367 407 tom.
1386 346 1409 406 l.
1431 347 1488 407 Fri.
1502 350 1601 412 1566.

101 443 172 521 gani
195 439 283 500 lilius.
303 441 328 500 Α
347 445 431 516 66166
458 435 574 515 ejectus
597 439 627 498 in
649 437 753 498 Galliis
773 439 825 497 bo·
879 445 911 497 et
933 437 1020 498 1683.
1040 453 1095 496 666
1114 451 1171 495 666
1191 437 1321 498 editione
1338 438 1417 500 illius
1433 443 1599 504 novissima

104 550 161 594 aas
177 533 280 593 literas
297 531 409 601 didicit,
432 531 632 592 Christianam
657 529 745 591 fidem
763 530 824 590 ele·
879 546 896 590 a
917 528 949 588 B.
971 528 1006 588 G.
1029 529 1149 589 Stravio
1166 535 1284 589 curata:
1304 533 1465 608 separatim
1484 549 1522 592 ex
1540 533 1602 593 edi·

101 627 159 706 git,
180 632 302 684 etcum
324 623 477 683 Desiderio
498 623 823 700 cadurcensiumlipi-
879 622 959 680 tione
992 617 1117 680 huberti
1141 618 1251 696 lllraei,
1273 621 1366 682 hotv.
1390 623 1477 685 1608.
1500 627 1533 685 16
1555 641 1602 686 or-

103 735 196 796 scopo
217 717 379 778 amicitiam
400 717 558 775 contraxit.
580 715 715 775 Tandem
738 723 824 794 patre
879 712 949 773 dine
984 713 1195 791 chronologico
1227 715 1327 774 omnia
1349 715 1477 776 triennio
1502 719 1601 778 serlus

102 817 135 870 et
154 807 298 870 iratribus
320 807 480 884 defunctis,
500 825 627 888 regnum
644 807 769 882 6611161
786 805 822 866 66
880 821 1001 865 narrare
1023 806 1119 882 solet,
1141 823 1232 884 quam
1264 815 1350 886 gesta
1381 815 1473 882 sunt,
1501 810 1603 870 obser·

103 903 279 979 religionem
302 897 504 960 Christianam
526 916 552 959 6.
575 899 642 961 636.
674 898 823 978 perduxit.
881 905 973 957 vante
995 897 1121 970 Oudino,
1144 918 1238 978 quum
1258 900 1462 979 spanhemius
1480 901 1604 988 16666-

104 991 245 1054 56161666
268 1008 388 1070 666666
409 991 641 1052 Grammatieam
670 989 825 1051 Cantabri·
880 989 1074 1050 scribentium
1098 993 1206 1069 potius,
1228 1010 1319 1071 quam
1343 995 1438 1070 ipsius
1455 993 1602 1071 sigeberti

105 1087 183 1166 6166,
202 1096 237 1146 61
257 1091 352 1163 ajunt,
374 1087 499 1162 aperuit.
523 1085 649 1162 Scripsit
671 1083 829 1161 16966161
881 1083 953 1142 vitio
974 1084 1119 1144 accidisse
1141 1085 1253 1159 credat,
1275 1103 1369 1163 quum
1395 1085 1467 1146 illud
1483 1095 1601 1147 certum

70 1170 75 1178 ’
104 1173 602 1256 1661116166616116.1.1161616166,
627 1173 762 1235 manime
785 1171 828 1233 ad
877 1175 941 1248 sit,
963 1178 1143 1255 exemplaria
1166 1177 1232 1256 ejus
1254 1195 1345 1239 manu
1367 1187 1488 1239 exarata
1512 1181 1604 1258 pluri-

106 1269 298 1336 llesirlerrum
318 1267 547 1333 cadurcensem.
567 1267 717 1329 lelandus
728 1283 754 1326 o.
778 1265 825 1326 57.
883 1285 965 1329 mum
997 1285 1065 1330 esse
1099 1270 1221 1331 diversa
1244 1280 1275 1331 et
1308 1272 1496 1350 interpolata.
1529 1272 1603 1334 Vide

105 1359 740 1448 Β6166666661.1.78.1166666668.
881 1361 980 1437 ipsum
1003 1367 1074 1422 tom.
1097 1363 1133 1424 ll.
1154 1363 1287 1442 Operum
1310 1383 1337 1442 p.
1369 1365 1436 1425 593.
1458 1381 1521 1442 seq.
1552 1365 1604 1424 ln-

147 1456 400 1530 SlGEllllllTUS,
422 1453 589 1515 monachus
621 1448 825 1525 Corbet'eusis,
882 1454 1062 1531 terpolatum'
1092 1453 1154 1532 jam
1185 1457 1255 1516 olim
1289 1457 1382 1517 luisse
1412 1456 1603 1534 sigebertum

107 1551 186 1610 vixit
206 1565 235 1610 6.
257 1549 324 1608 809.
346 1558 378 1609 61
404 1546 499 1609 Volant
512 1547 543 1607 S.
568 1544 732 1625 Voyrnont's,
754 1545 828 1604 61166
882 1544 931 1604 vel
953 1545 1062 1606 exinde
1083 1555 1211 1621 constat,
1233 1550 1302 1626 quia
1326 1553 1354 1608 in
1370 1549 1437 1609 aliis
1452 1549 1606 1628 exempla-

110 1640 253 1718 Unnonr's,
274 1641 496 1719 Arehlepiscopi
524 1641 718 1713 bremensis,
739 1637 828 1714 euJ'us
883 1637 976 1712 ribus,
997 1644 1028 1699 et
1050 1639 1109 1714 illo,
1131 1658 1191 1716 666
1208 1641 1385 1703 Vincentius
1407 1642 1602 1702 Beluacensis

109 1735 280 1814 discipulus
300 1740 332 1794 et
353 1736 453 1793 socius
475 1733 591 1793 itineris
621 1733 727 1806 luerat,
759 1748 829 1791 con·
885 1747 960 1790 usus
974 1737 1031 1806 est,
1053 1733 1131 1809 (vide
1147 1734 1309 1813 speculum
1326 1733 1479 1794 historiale
1494 1733 1603 1795 xxiv.

106 1831 237 1906 scripsit.
260 1823 827 1887 11666166167611116611661661666.
888 1823 963 1898 161.)
994 1825 1080 1902 61666
1112 1834 1255 1901 exstant,
1277 1845 1368 1906 quam
1393 1830 1422 1888 in
1453 1845 1497 1901 ee,
1519 1825 1603 1904 6666

108 1919 318 1998 llirsaugiensi
340 1935 366 1980 a.
389 1918 456 1978 909.
478 1925 508 1977 61
529 1933 567 1977 ex
589 1917 645 1976 hoc
670 1917 830 1994 111666666-
883 1915 977 1974 edidit
997 1919 1135 1979 lliraeus.
1156 1919 1338 1980 Obseruauit
1360 1921 1434 1981 baec
1453 1919 1607 2001 LeunoJ'us

109 2015 193 2074 inias
214 2019 245 2072 61
263 2013 454 2072 Passerinus.
477 2010 550 2070 Vide
572 2026 649 2086 6666
670 2010 829 2069 llenzelius
884 2005 921 2066 de
944 2009 1047 2069 Lazari
1069 2010 1203 2073 adventu
1226 2015 1256 2072 in
1278 2011 1403 2072 Galliam
1425 2031 1451 2073 e.
1474 2015 1502 2074 6.
1524 2021 1546 2073 t.
1569 2015 1606 2076 ll.
1733 2003 1735 2014 '

109 2101 829 2179 adnotaritadVastoviivitemAquiloniampl3.
884 2097 1017 2176 Operum
1040 2111 1115 2179 part.
1139 2106 1166 2165 1.
1189 2123 1216 2184 6.
1239 2105 1309 2166 226.
1332 2107 1411 2167 Sane
1436 2109 1606 2168 auctarium

151 2196 388 2258 SlGEBEllTUs
410 2192 648 2264 Gemblacensr‘s,
671 2195 701 2251 in
723 2209 830 2252 coeno
883 2189 1129 2267 Aquicinetiense
1149 2197 1207 2257 MS.
1231 2187 1322 2276 61666Ι
1344 2198 1488 2271 66611661,
1510 2214 1603 2276 quam
1627 2179 1631 2190 ’

34 2277 42 2290 ’
105 2292 153 2351 116
172 2292 205 2351 s.
223 2289 371 2348 vincentii
389 2289 532 2347 116166616
544 2285 702 2354 educatus,
713 2289 743 2344 61
757 2299 827 2343 cum
881 2297 897 2339 6
919 2283 1026 2345 iliraeo
1047 2288 1128 2348 edita
1149 2297 1230 2349 sunt.
1255 2289 1374 2368 voyage
1396 2289 1433 2349 66
1449 2289 1531 2350 deux
1550 2291 1606 2350 86·

108 2377 826 2450 86166166111161661666666666166,ν661666
883 2373 1075 2439 6661611661.
1097 2382 1117 2440 1.
1143 2400 1172 2460 p.
1193 2381 1226 2442 81
1263 2383 1390 2443 Errores
1424 2369 1607 2461 166166661-

106 2474 309 2537 eruditionem
327 2473 383 2532 sibi
402 2472 571 2549 acquisivit,
590 2468 698 2529 ibidem
714 2466 824 2541 docuit,
883 2462 952 2526 dam
976 2477 1118 2532 notantur
1140 2477 1169 2533 16
1193 2473 1360 2535 Annalibus
1378 2473 1443 2535 Car.
1459 2476 1486 2535 le
1501 2477 1608 2536 Coints

106 2575 138 2629 et
159 2583 230 2628 cum
252 2563 374 2627 ludaeis
394 2581 514 2642 quoque
528 2551 696 2622 secundum
715 2561 823 2619 verita·
881 2563 902 2619 l.
917 2561 969 2622 lll.
986 2579 1052 2641 pag.
1068 2564 1135 2624 888,
1161 2581 1225 2643 666.
1248 2565 1325 2626 Vide
1346 2581 1437 2644 supra
1460 2573 1482 2625 t.
1503 2565 1543 2626 lll
1559 2565 1608 2628 12.

106 2668 169 2721 tem
190 2659 366 2720 Hebraioam
399 2656 554 2736 disputare
585 2655 692 2732 potuit.
718 2655 822 2712 Postea
926 2651 1066 2732 Epistola
1087 2655 1129 2715 ad
1148 2655 1331 2733 beescenses,
1353 2659 1382 2717 iu
1406 2675 1466 2741 666
1489 2657 1607 2718 illorum

106 2756 136 2811 16
156 2751 341 2812 monasterio
359 2749 569 2809 Gemblacensi
582 2748 667 2820 vixit,
685 2752 716 2805 61
730 2745 829 2822 junio·
886 2749 1089 2810 calamitatem
1106 2749 1207 2824 dellet,
1228 2752 1256 2834 16
1273 2769 1402 2830 quorum
1416 2752 1542 2834 exitium
1554 2741 1613 2812 Pa?

106 2861 158 2905 res
180 2841 344 2903 monachos
366 2842 396 2900 in
419 2841 505 2901 bonis
537 2841 645 2900 litteris
676 2837 830 2910 erudivit,
887 2839 997 2900 schalis
1012 2845 1089 2919 Papa
1105 2843 1268 2903 llobertum
1284 2842 1441 2904 Flandriae
1459 2845 1607 2906 Comitem

105 2937 181 2998 obiit
203 2935 291 2996 valde
312 2951 406 2995 senex
428 2951 454 2994 6.
476 2933 564 2995 lits.
587 2931 660 2993 Vide
683 2929 828 2990 Libellum
886 2934 1081 3008 excitaverat,
1103 2937 1218 2996 inserta
1240 2938 1330 2998 simul
1351 2937 1484 3014 Epistola
1511 2939 1608 3014 Papae

105 3029 144 3089 de
166 3031 263 3108 gestis
285 3028 434 3088 hbbatum
463 3025 770 3086 Gemblacensiumt.
795 3023 830 3081 11.
887 3027 975 3086 modo
995 3025 1075 3087 dieti.
1108 3029 1198 3089 Edita
1229 3027 1359 3108 primum
1382 3044 1430 3090 est
1456 3032 1486 3088 in
1523 3028 1609 3090 Colo-

107 3121 247 3182 Dacherii
269 3137 335 3199 pag.
358 3119 426 3178 768.
449 3117 639 3196 sigebertum
672 3118 771 3194 ipsum
793 3114 831 3174 dc
887 3119 982 3178 616661
1005 3119 1208 3182 Consiliorum
1230 3120 1371 3189 editione,
1392 3120 1444 3182 sed
1467 3123 1533 3182 sine
1556 3137 1609 3180 66

105 3215 247 3292 scriptor.
274 3211 390 3272 Ecoles.
419 3227 446 3270 c.
467 3209 534 3271 171.
568 3207 769 3268 Tnthemium
791 3205 829 3265 66
887 3214 967 3271 mine
998 3213 1149 3288 auctoris,
1180 3213 1260 3290 quod
1293 3229 1365 3274 vero
1393 3213 1609 3286 addidit,Gol-

104 3305 351 3384 866161666166.
374 3321 400 3363 o.
423 3298 830 3363 368116116666668111.
884 3302 1001 3379 dastus,
1033 3306 1084 3380 661
1116 3303 1215 3364 66666
1246 3303 1347 3379 edidit,
1370 3305 1399 3363 in
1422 3303 1605 3364 Collectione

104 3399 256 3478 belgicam
291 3391 829 3475 6816666661111666686161·
884 3395 1069 3472 Scriptorum
1090 3402 1195 3456 666166
1210 3396 1385 3474 Gregorium
1405 3396 1466 3455 Vll.
1486 3413 1515 3471 6.
1534 3393 1603 3456 188.

105 3509 158 3554 666
181 3509 210 3570 p.
233 3491 303 3551 678.
327 3489 396 3550 671.
885 3488 958 3550 1666
976 3505 1062 3568 66666
1076 3489 1195 3566 repetiit
1213 3488 1288 3548 Edu.
1308 3489 1419 3548 Brown
1439 3489 1468 3545 ln
1487 3485 1610 3563 Appen·

207 3583 282 3660 Ejus
303 3585 415 3661 scripta
437 3584 511 3642 siant
534 3581 627 3640 haee:
885 3582 950 3642 dice
970 3581 1008 3642 ad
1030 3581 1218 3642 Fasciculum
1241 3597 1343 3640 rerum
1366 3577 1607 3656 expetendarum

150 3678 220 3740 Vita
240 3679 272 3737 S.
290 3668 843 3754 66166611666666661616666616611
886 3681 918 3734 et
939 3672 1157 3752 fugiendarum.
1180 3675 1380 3734 Nesclverunt
1401 3670 1476 3742 hoo,
1497 3675 1531 3728 ut
1552 3669 1610 3729 alia

108 3767 332 3833 eminemus
351 3765 532 3850 fundatoris,
554 3767 633 3826 edita
655 3783 672 3826 a
693 3767 779 3826 surio
800 3765 831 3825 d.
888 3770 992 3843 multa,
1014 3769 1101 3830 Edrn.
1124 3771 1257 3829 Murteae
1278 3772 1309 3825 61
1330 3765 1458 3825 Ursinus
1476 3760 1610 3838 Durand,

111 3863 158 3923 13.
180 3862 259 3941 11611,
281 3861 469 3922 llenschenio
492 3859 521 3918 ln
544 3859 628 3919 Actis
650 3859 831 3919 Sanctorum
888 3862 957 3922 hinc
978 3863 1059 3921 illam
1082 3861 1182 3921 denuo
1212 3855 1372 3918 ediderunt
1393 3872 1431 3914 ex
1453 3853 1512 3914 us.
1545 3853 1612 3914 Sta·
1644 3911 1653 3920 ,

109 3963 183 4016 torn.
205 3955 241 4015 V.
261 3955 327 4034 blaji
349 3973 377 4033 p.
403 3953 473 4015 260.
505 3953 662 4012 lambecio
695 3958 765 4009 lom.
795 3953 831 4010 ll·
887 3956 1005 4015 bulensi
1021 3961 1093 4012 torn.
1112 3953 1135 4013 l.
1154 3951 1347 4012 collectionis
1362 3949 1564 4027 amplissimae
1584 3965 1611 4024 p.

110 4050 184 4110 llibl.
206 4045 448 4108 vindobonensis
470 4045 587 4124 pillis.
610 4049 640 4104 61
664 4043 832 4104 llabillonio
888 4047 956 4108 587.
971 4045 1119 4106 Addimus
1143 4043 1233 4104 verba
1256 4041 1405 4120 quaedam
1428 4048 1609 4102 66666616-

110 4144 176 4204 sse.
197 4143 234 4204 V.
258 4139 368 4202 Bencd.
391 4157 421 4218 p.
441 4139 518 4200 299:
888 4143 969 4199 tione
991 4139 1127 4218 subjecta
1141 4157 1148 4198 ε
1164 4133 1343 4197 llccudt'mus
1358 4132 1521 4212 epistolam,
1540 4138 1612 4207 tum,

151 4237 195 4298 De
216 4231 425 4314 Scriptorzbns
447 4229 665 4292 Ecclesiasticis
679 4227 764 4307 liber,
777 4233 832 4292 Co·
888 4240 924 4292 ut
944 4225 1135 4309 sigebertum
1155 4216 1269 4289 osonio
1300 4226 1469 4288 schismatis
1497 4243 1614 4306 purpu-

113 4330 172 4390 lon.
196 4329 285 4391 1580.
307 4329 334 4387 8.
357 4343 427 4388 cum
449 4323 571 4385 scholiis
592 4323 715 4384 huberti
734 4325 833 4386 lliraei
888 4341 1001 4386 remus.
1022 4325 1101 4385 Nam
1123 4322 1182 4384 etsi
1210 4319 1340 4382 Henrr'co
1361 4319 1535 4380 adhaeserit
1555 4318 1615 4375 lm-

111 4425 143 4482 16
164 4421 350 4483 bibliotheca
371 4421 465 4499 ipsius
485 4419 708 4492 Ecclesiastiea,
740 4421 833 4480 hotv.
886 4416 1034 4497 66661661,
1058 4433 1148 4496 quem
1169 4433 1190 4475 u
1209 4413 1294 4494 Papa
1322 4411 1427 4494 deponi
1446 4427 1504 4469 uon
1526 4425 1614 4488 posse

114 4517 201 4576 1639.
212 4515 308 4575 16161
323 4516 352 4574 16
366 4512 495 4592 66661116
506 4511 636 4572 66111666
651 4512 832 4572 Fabriciana.
889 4507 1105 4588 existimabat,
1145 4505 1324 4570 Pascholem
1361 4511 1460 4564 tamen
1498 4517 1616 4580 semper

155 4606 334 4685 chronicon,
352 4608 389 4668 ab
410 4623 437 4666 a.
458 4607 527 4667 881.
546 4621 606 4683 666
624 4611 759 4682 tempore
774 4607 835 4666 Eu·
889 4602 1010 4680 6666611
1028 4609 1250 4683 veneratusque
1279 4603 1324 4658 est
1344 4595 1505 4674 legitimum
1541 4595 1615 4653 Pon-

116 4700 349 4768 sebiusdasiit‚
372 4697 630 4778 aequandae.
653 4699 741 4759 1816.
773 4698 836 4759 edi·
891 4693 1015 4774 tificem:
1041 4695 1121 4770 Tum,
1144 4701 1178 4755 ut
1196 4691 1403 4772 refutaremus
1435 4685 1614 4748 sententiam

114 4804 179 4857 tum
201 4795 296 4854 Paria.
319 4791 397 4872 apud
416 4795 506 4852 Henr.
524 4791 712 4870 stephanum
729 4809 832 4868 avum,
889 4787 1034 4850 lobannis
1052 4787 1175 4851 liodortr'
1188 4786 1219 4845 in
1232 4785 1345 4844 sancta
1363 4778 1452 4860 Legio
1469 4794 1613 4839 asseren-

119 4887 206 4952 tals.
229 4889 257 4946 t.
279 4888 359 4947 inter
380 4883 548 4965 Scriptores
579 4883 691 4945 lterum
713 4883 835 4946 Germa-
892 4881 938 4960 tis,
961 4881 1036 4944 hone
1058 4877 1211 4963 epistolam
1232 4874 1264 4935 in
1292 4871 1376 4934 nulla
1409 4865 1614 4936 conciliorum
