3368 5362
155 300 233 361 quae
251 281 309 340 non
323 281 463 358 intelligol
481 281 550 342 Ord.
565 281 789 351 cisterciensis
801 285 873 342 scri-

158 380 218 454 psit
244 374 340 435 Vitam
361 377 392 436 S.
416 370 740 434 Francoedbbotisrne
754 371 862 434 Phoco

158 469 237 529 ticos
248 515 256 541 ‚
268 486 310 528 ex
328 467 408 527 Vitae
418 465 496 528 (eltae
514 467 661 529 Comitum
671 464 792 546 [omilin
804 469 872 529 Cor.

157 564 195 622 ‹le
213 562 301 621 Viscb
321 560 393 621 llibl.
410 563 595 639 Scriptorum
609 559 680 621 Ord.
696 561 876 620 cistercien·

158 660 201 716 sis
220 673 246 733 p.
264 656 331 715 293.

196 749 212 783 *
237 746 424 807 Eotblandus
453 744 682 806 mediolanensis
712 747 876 807 Monachus

157 839 322 903 Moribundi
340 846 346 917 ξ
364 842 404 898 lta
422 842 503 898 euim
527 838 687 915 legandum
706 846 737 898 et
756 840 800 899 sic
817 837 878 918 pla-

158 950 196 995 na
214 941 286 993 sunt
302 935 422 1007 omnia)
440 948 549 992 nomen
568 939 616 992 est
632 938 807 1010 corruptum
835 939 880 991 at-

158 1045 217 1107 que
234 1028 434 1087 delormatum
452 1044 490 1085 ex
510 1043 581 1086 vero
598 1026 724 1087 authore
742 1028 823 1086 vitae
847 1028 875 1087 S.

159 1122 290 1181 Francos
306 1136 396 1197 quem
416 1118 599 1197 appellatum
617 1126 738 1180 constat
763 1122 880 1180 Bertra·

159 1231 242 1274 mum
255 1213 422 1286 Eooldum3
445 1213 519 1273 Vide
535 1213 640 1273 Fabric
664 1214 697 1272 V.
712 1213 880 1274 BERTRA·

159 1306 237 1367 ntus
259 1304 398 1367 lieoldus.
423 1306 440 1341 ⁸

199 1398 511 1460 uonhounsnnsa
528 1398 798 1459 Chroniconedidit
809 1399 880 1459 Lab-

159 1492 234 1552 bcus
256 1493 435 1553 Bibliotheca
459 1493 517 1553 MS.
540 1499 621 1552 torno
637 1491 658 1552 Ι.
676 1510 704 1570 p.
727 1492 796 1552 sot.
812 1494 882 1551 Era-

88 1602 94 1611 ·
158 1592 314 1664 gmeotum
338 1602 375 1645 ox
399 1586 549 1646 Chronico
576 1586 809 1664 liotbomagensi
843 1585 882 1644 ab

159 1696 186 1739 a.
209 1679 390 1741 tsaotast.
405 1680 569 1740 Bucherius
591 1686 672 1739 tomo
690 1681 740 1740 itt.
757 1679 882 1757 Spicile—

159 1774 198 1851 gii
217 1791 243 1850 p.
258 1773 328 1834 ota.
346 1773 419 1833 Acta
440 1773 741 1852 Archiepiscoporum
771 1773 882 1833 liotbu-

161 1869 369 1944 mugensiurn,
393 1867 581 1928 hlabillonlus
605 1868 740 1928 Analect.
762 1885 790 1946 p.
812 1867 881 1927 222.

161 1960 255 2020 Vetus
276 1960 401 2021 formula
423 1959 593 2020 celebrandi
612 1961 735 2019 Concilii
763 1961 882 2038 provin·

162 2054 250 2113 cialis
266 2054 398 2112 Ecclesia
418 2053 670 2130 liothomugeusi,
689 2052 797 2111 ibidum
814 2070 880 2132 pag.

163 2146 233 2203 ἥδ.
250 2148 369 2206 Statuta
386 2145 538 2204 Ecclesiae
557 2145 810 2223 liothomagensis
831 2164 879 2207 au.

167 2238 255 2299 litor.
271 2239 403 2298 Martene
419 2245 451 2297 et
465 2237 597 2297 Duraud.
625 2238 760 2315 ampliss.
788 2244 810 2297 t.
833 2240 880 2299 Vl.

163 2346 192 2407 p.
205 2328 275 2391 757.
291 2330 478 2390 breviarium
498 2327 535 2389 ad
555 2344 630 2391 usus
654 2331 806 2391 Ecclesiae
826 2333 882 2392 llo-

163 2423 441 2503 tbomagensistyp.
453 2423 636 2500 lmpressum
652 2430 699 2484 est
711 2441 748 2484 an
765 2426 879 2485 itaut.

190 2516 333 2593 ,Antiqua
355 2517 475 2577 Statuta
493 2515 751 2578 archimonasterii
774 2518 880 2578 ilutho·

163 2613 314 2689 mageosis
329 2611 359 2669 S.
378 2609 514 2670 hadrani
531 2612 559 2667 in
572 2612 704 2670 Martene
715 2618 746 2669 et
758 2612 878 2671 Durand

163 2704 316 2764 Thesauro
338 2720 416 2762 novo
438 2710 519 2762 torno
540 2704 588 2763 tv.
610 2721 637 2783 p.
661 2704 748 2765 tato.

203 2796 221 2832 ⁸
236 2797 366 2857 Concilia
385 2797 532 2873 quaedam
550 2799 705 2858 Ecclesiae
723 2797 883 2858 liothomu·

161 2891 264 2969 gensis
279 2892 398 2968 praeter
424 2907 458 2949 ea
485 2906 563 2968 quae.
580 2889 731 2951 dederuut
749 2890 881 2950 hlartone

162 2991 190 3043 ot
210 2985 326 3044 Duraot
342 2980 436 3042 edidit
466 2984 496 3043 Ρ.
522 2982 694 3044 Guilelmus
722 2985 828 3043 bassin
852 2985 882 3041 in

163 3094 218 3137 sua
230 3076 403 3137 collectione
421 3076 578 3137 concilior.
593 3078 791 3138 Normannlaa
808 3094 886 3156 quae

164 3172 275 3248 paritor
291 3172 318 3228 in
336 3185 390 3230 sua
407 3171 525 3248 singula
545 3171 608 3230 loca
626 3170 787 3231 distributa
810 3178 885 3233 sunt

165 3266 194 3321 in
210 3264 373 3322 novissima
389 3261 519 3322 editione
538 3261 645 3323 Labbei
661 3264 775 3323 Veneta
790 3262 807 3300 ⁸

205 3351 427 3428 hornoctJS,
451 3356 636 3426 Hrotroeus,
670 3356 771 3416 nescio
797 3355 885 3434 quis,

95 3484 103 3498 ·
164 3450 285 3526 scripsit
311 3446 407 3507 Vitam
425 3448 456 3507 S.
476 3444 671 3523 Corbiuiuui,
689 3466 768 3526 qnae
785 3455 886 3509 exstat

164 3546 193 3602 in
211 3538 389 3602 bibliotheca
400 3541 538 3618 Episcopi
559 3543 768 3620 Frisingensis.
784 3542 886 3620 Epita-

162 3636 268 3714 phium
290 3633 357 3711 ejus
376 3651 416 3693 ex
431 3632 539 3694 Codice
568 3641 746 3711 pervetusto
778 3637 887 3713 Teger-

162 3729 284 3788 nseensi
303 3726 414 3804 prolert
432 3729 517 3787 Ecrn.
541 3728 647 3787 Penius
671 3728 798 3787 Dissert.
827 3727 887 3786 lsa-

163 3823 265 3900 gogica
284 3822 312 3877 in
325 3825 439 3878 tomum
460 3820 589 3896 primuni
616 3819 763 3880 Thesauri
792 3818 887 3878 Auec-

165 3912 304 3974 dotorum
324 3912 480 3970 novissimi
500 3930 527 3989 p.
546 3911 595 3971 at.

204 4004 397 4082 Epitaphium
418 4005 582 4065 Hrotrochc
604 4006 775 4085 Sophistae.

177 4181 302 4242 uiolaret
316 4183 419 4239 opertus
436 4180 542 4240 cespitis
561 4179 662 4231 telluris
679 4185 707 4231 tn
723 4178 784 4230 suto

178 4255 289 4317 Corpore
307 4251 420 4314 sepultus
438 4253 548 4314 taetrius
564 4263 619 4305 arte
638 4255 720 4305 lector

175 4327 331 4380 venerabilis
347 4327 481 4387 sculptor,
498 4330 609 4381 ramosus
625 4330 758 4380 literarum
771 4329 889 4392 sophista

162 4403 297 4455 ttrotrobc.

176 4482 222 4529 ttlc
237 4483 278 4541 pte
295 4484 383 4530 rlrerrs
399 4480 507 4530 tettcttar
520 4482 640 4539 mtqrsrtt
655 4476 687 4526 od
704 4477 845 4527 curtatum.

176 4559 230 4605 ttuc
245 4559 376 4605 venientes
392 4556 497 4613 tratres,
515 4565 603 4602 versus
619 4556 769 4615 quicunque

176 4632 296 4690 tegentes
311 4630 376 4689 bos,
393 4632 483 4679 restris
500 4631 582 4690 roqtto
600 4628 719 4689 precibus

178 4706 292 4751 Antmsm
311 4703 430 4773 sdlurste
446 4714 517 4752 suam

207 4856 286 4914 Novo
303 4857 417 4914 ltotroci
448 4874 555 4915 nomin
574 4857 701 4933 cuipiam
727 4852 880 4911 insolitum

761 174 1063 236 llL'BEhNUb'

928 283 1087 359 videatur,
1103 284 1158 343 boc
1176 282 1339 345 addimus.
1357 283 1436 345 duos
1454 284 1546 363 hujus
1565 290 1644 345 nomi·

929 377 976 435 nis
993 376 1087 436 luisse
1101 423 1108 451 ,
1124 392 1255 454 quorum
1273 377 1353 437 alter
1380 384 1488 455 pater,
1516 379 1591 439 alter
1615 380 1643 438 b·

921 469 988 528 -lius
1013 468 1149 528 Gaulridi
1178 470 1374 530 vicecomitis
1401 470 1640 531 castridunensis

928 564 984 624 tuit
1009 564 1119 623 Montio
1135 579 1239 622 eorum
1267 562 1341 622 sitin
1355 561 1531 642 diplomatis
1541 561 1643 625 Cluuia·

930 655 1074 716 censibus
1094 658 1122 714 in
1137 655 1321 716 Bibliotheca
1341 656 1538 717 cluniacensi
1551 673 1578 734 p.
1590 658 1646 716 tlt.

932 766 999 828 seq.
1016 756 1048 809 et
1067 751 1096 807 in
1115 756 1220 809 annot.
1233 748 1375 810 Andreae
1386 748 1430 809 du
1444 746 1564 809 chesne.
1574 766 1598 826 p.
1606 748 1646 808 n.

973 843 1001 901 S.
1021 842 1224 903 lthDhNUS
1240 886 1247 914 ,
1266 841 1445 914 hibernus,
1471 841 1600 920 aequalis
1623 842 1646 900 S

934 934 1085 996 Erondani
1104 935 1249 1005 Abbatis‚
1264 937 1347 1012 quia
1365 934 1397 994 S.
1417 934 1648 1012 TinauoEpisco

935 1045 971 1106 po
988 1028 1187 1088 Clonardensi
1205 1026 1355 1087 educatus
1365 1033 1483 1102 est,et
1509 1026 1646 1105 presbyter

935 1118 1102 1178 ordinatus.
1123 1119 1152 1177 ts
1169 1119 1197 1175 in
1221 1118 1402 1176 uomoniam
1422 1118 1575 1194 proiectus
1596 1119 1647 1176 tot·

935 1212 1007 1271 hrae
1021 1209 1197 1269 coenubium
1213 1212 1387 1269 construxit
1401 1248 1410 1273 ,
1437 1208 1539 1287 ibique
1566 1208 1645 1269 utta

936 1304 1085 1382 praefuit,
1106 1304 1178 1362 obiit
1204 1318 1231 1362 a.
1260 1302 1330 1361 sot.
1363 1303 1534 1379 Scripsisse
1556 1302 1646 1361 dicitur

940 1402 1049 1455 contro
1072 1394 1218 1454 Diormod
1236 1410 1337 1472 repom
1360 1390 1413 1453 lth.
1435 1394 1458 1454 1.
1477 1390 1647 1454 Demirohth'

935 1487 1066 1569 soritium
1092 1489 1122 1547 in
1144 1485 1293 1549 Hibernia
1312 1492 1448 1560 notura,
1470 1494 1501 1548 et
1520 1487 1555 1548 de
1572 1486 1646 1547 niro-

938 1580 1044 1643 culoso
1059 1579 1180 1641 arbore.
1201 1584 1349 1641 tl'oraous
1366 1579 1406 1640 de
1423 1582 1545 1642 Seritur.
1562 1578 1646 1639 llibrr·

939 1679 1005 1736 niae
1028 1677 1138 1754 parti
1171 1692 1199 1753 p.
1224 1674 1270 1736 43.

978 1772 1108 1829 loannes
1131 1770 1243 1831 Crotus
1268 1768 1498 1842 RUEEthJS,
1519 1784 1586 1829 vero
1605 1784 1643 1827 uo

936 1867 1019 1924 mine
1035 1864 1080 1922 Jo.
1102 1865 1216 1941 Joper,
1239 1862 1312 1922 illud
1337 1880 1414 1923 vero
1437 1878 1642 1923 nomeorema

935 1956 1038 2019 culum
1071 1974 1128 2015 ano
1159 1953 1196 2014 ri
1230 1974 1340 2030 nporrrr
1371 1974 1388 2018 a
1417 1953 1584 2035 pulsando,
1603 1956 1644 2011 im·

937 2050 1246 2122 parentationis,
1265 2057 1356 2111 antea
1374 2058 1501 2128 quoque
1518 2046 1644 2109 l'enohn'r

936 2146 1059 2204 nomino
1081 2159 1165 2204 usus.
1189 2143 1286 2204 Natus
1307 2150 1357 2202 est
1376 2143 1409 2201 in
1425 2138 1643 2203 vitiationem

936 2254 1029 2318 prope
1050 2235 1274 2309 hrnstadium,
1296 2235 1381 2297 unde
1405 2251 1520 2296 nomen
1536 2228 1647 2296 Μαί

936 2332 985 2392 vel
1008 2327 1161 2406 liudiont',
1181 2332 1260 2391 circa
1283 2347 1311 2390 a.
1336 2330 1371 2390 C.
1396 2326 1486 2389 tiso.
1509 2326 1645 2389 biterbiu-

934 2425 1039 2487 cubuit
1071 2422 1202 2497 Erlurti,
1234 2421 1286 2482 ubi
1321 2440 1350 2481 a.
1387 2422 1480 2482 onos.
1512 2417 1645 2498 stagnani

935 2518 1112 2596 dignitatern
1134 2516 1265 2576 obtinuit
1288 2514 1349 2574 sub
1371 2514 1556 2573 nominato
1575 2512 1645 2570 Vost-

933 2609 1009 2671 torr's
1022 2628 1059 2671 ex
1083 2607 1242 2668 Doroher‘m
1258 2629 1265 2667 :
1288 2614 1396 2685 postea
1410 2604 1645 2667 erotessorttur

936 2704 1030 2780 logias
1051 2703 1238 2762 constitutus
1258 2707 1328 2778 post
1341 2700 1523 2761 absolutum
1540 2702 1592 2759 iter
1604 2696 1646 2756 tta·

937 2798 1028 2859 licum
1051 2813 1078 2855 a.
1103 2795 1192 2856 ibbo.
1216 2796 1315 2854 iasces
1331 2789 1646 2854 heodemtoetmtrae

938 2891 1041 2966 gessit.
1062 2890 1132 2948 Post
1154 2890 1253 2947 varios
1265 2902 1388 2947 errores
1401 2885 1647 2966 perGermoo‘um

937 2982 1111 3042 Borussiam
1133 2988 1164 3039 et
1177 2980 1328 3040 Potoniam
1343 2979 1472 3041 tandem
1485 2979 1648 3041 flalasoon

941 3082 1076 3137 moratus
1097 3081 1145 3135 ost
1167 3073 1245 3151 apud
1269 3072 1435 3134 albertum
1457 3071 1649 3136 Cardioslen.

940 3169 1040 3246 Episc.
1062 3169 1270 3246 Moguntinum
1303 3174 1335 3226 et
1357 3167 1650 3246 hugoeourgemro.

940 3262 989 3324 cui
1011 3278 1028 3321 a
1049 3260 1184 3321 consiliis
1207 3260 1278 3336 luit,
1299 3266 1332 3318 et
1360 3258 1549 3338 dignitatem
1577 3256 1651 3317 cono

941 3356 998 3416 uici
1023 3352 1177 3415 Bullensis
1210 3359 1339 3413 ornatus
1370 3366 1448 3413 esse
1480 3346 1651 3413 diciturne

942 3453 1038 3510 morte
1052 3449 1119 3525 ejus
1136 3461 1195 3506 non
1212 3451 1344 3506 constat.
1359 3444 1494 3525 Scripsit
1502 3440 1650 3527 Apohrfu

941 3558 1063 3613 eorum,
1085 3556 1163 3620 quoe
1185 3536 1282 3600 Halos
1293 3545 1442 3616 parserat
1456 3544 1651 3601 conburunt*

940 3652 1012 3696 rum
1021 3624 1247 3695 restauratores
1260 3629 1429 3708 altbertus,
1449 3636 1530 3713 tips
1548 3626 1648 3695 latit.

942 3730 1026 3791 liunc
1049 3728 1182 3790 libellum
1199 3744 1259 3787 noo
1276 3727 1354 3802 vidi,
1367 3728 1450 3787 bene.
1463 3734 1566 3787 tamen
1578 3722 1648 3783 oliuu

941 3824 992 3900 qui
1015 3828 1119 3881 contra
1146 3822 1245 3899 ipsum
1267 3822 1407 3896 scriptus
1423 3827 1475 3879 est
1492 3820 1551 3879 hoc
1564 3814 1646 3876 titulo:

942 3912 990 3975 iu
1008 3912 1182 3993 Apoloqr'om
1201 3912 1327 3973 loannis
1346 3912 1438 3974 Croti
1452 3910 1588 3974 liubmi
1599 3910 1647 3968 nrt·

938 4008 1044 4089 pensio
1063 4005 1173 4077 cimici,
1188 4005 1230 4066 orl
1245 4022 1333 4086 quem
1347 4005 1502 4085 prioottrn
1516 4020 1580 4067 mni
1591 3994 1646 4061 πή

938 4100 1009 4181 psit.
1030 4104 1155 4165 Constat
1178 4100 1305 4179 plagulis
1327 4099 1473 4173 duabus,
1496 4103 1562 4159 sine
1589 4102 1644 4155 anot

942 4193 1077 4273 adjecto,
1099 4198 1150 4274 qui
1172 4202 1273 4255 mineo
1297 4194 1355 4253 tuit
1377 4194 1469 4255 ⁴532.
1495 4191 1578 4253 flauo
1594 4188 1642 4247 ns

943 4290 1118 4367 ponsionem
1140 4288 1238 4348 denuo
1259 4285 1355 4346 edidit
1372 4285 1418 4346 lo.
1434 4282 1639 4362 christophori!

943 4383 1099 4454 Olearius,
1121 4380 1263 4443 Arnstad.
1288 4379 1377 4441 ttao.
1402 4380 1430 4439 8.
1453 4385 1485 4439 et
1505 4372 1638 4439 annuatis

943 4492 998 4537 nes
1019 4474 1147 4553 adjecit,
1165 4477 1258 4534 vitam
1282 4473 1377 4533 nostri
1402 4487 1460 4532 non
1480 4464 1634 4529 mediconltt

944 4569 1140 4629 illustrantes.
1163 4567 1295 4627 Luthero
1316 4567 1401 4643 prius
1419 4562 1505 4624 vuldo
1520 4560 1631 4633 accepist

944 4663 1019 4736 luit,
1041 4661 1122 4740 quod
1144 4677 1182 4720 ex
1197 4644 1627 4738 Epistoiisiliiuscoostat,qti¹

943 4762 1062 4835 practer
1083 4756 1236 4831 ingenium
1258 4751 1369 4830 agnitio
1385 4763 1502 4826 quoquc
1518 4736 1624 4800 veritatis

944 4849 1085 4911 (eoelestis
1108 4851 1136 4905 in
1160 4847 1209 4906 illo
1232 4846 1298 4907 luit.
1320 4846 1419 4916 Quum
1440 4854 1506 4899 vcro
1532 4830 1565 4890 ad
1587 4840 1622 4880 tt·
