3368 5362
164 147 224 212 billi

169 272 353 333 suarumque
375 258 503 328 ortium,
520 256 699 319 elleborum
716 257 884 318 mercedem

166 338 195 397 in
219 337 361 415 pecuniae
384 335 576 398 fundamenta
598 341 727 418 quisque
759 338 883 400 locatam

164 433 232 479 esse
255 423 359 495 putet:
381 416 433 478 sed
458 419 497 477 ita
518 420 649 498 corrupti
682 427 754 479 sunt
786 426 883 480 aetate

166 503 269 556 nostra
293 514 405 568 mores,
429 505 462 559 ut
478 502 605 560 maxima
622 501 711 560 etiam
729 499 881 575 diligentia

163 576 308 642 adbibita.
332 580 528 656 maximisque
551 581 665 659 paenis,
693 579 882 640 animadver-

164 657 357 737 sionibusque
378 662 548 738 propositis,
572 661 621 720 vix
644 663 778 738 reprimi,
800 676 882 721 coer·

163 740 283 815 cerique
352 740 447 799 ssint:
479 742 530 818 qni
563 757 704 801 nummos
733 741 880 814 tondent,

162 821 302 881 circumci
327 829 463 898 untque3
481 829 534 881 aut
554 822 677 882 subdola
697 823 795 899 specie
812 837 882 881 con·

163 905 282 978 tegunt,
297 908 349 962 aut
364 901 419 960 alia
434 903 542 978 quavis
559 900 661 963 fraude
673 910 880 979 corrumpunt;

164 989 198 1041 ut
216 983 244 1040 in
268 990 349 1044 tanta
367 982 597 1044 facinorosorum
615 983 767 1043 bominum
786 984 878 1061 copia,

164 1062 248 1123 facile
271 1063 392 1141 intelligi
414 1070 515 1139 queat,
537 1080 598 1133 eos,
620 1066 796 1141 impunitate
813 1080 880 1140 spo·

163 1149 235 1219 rata,
258 1160 352 1204 novas
376 1142 537 1220 quasdam,
568 1153 599 1203 et
632 1147 798 1221 inopinatas
828 1143 879 1202 de·

164 1223 334 1302 pravandae
349 1226 491 1304 pecuniae
504 1225 634 1284 rationes
648 1227 876 1303 excogitaturos.

162 1303 236 1366 Nam
255 1322 324 1366 cum
340 1306 664 1382 circumspectissimus
681 1322 789 1383 parens
803 1314 875 1365 tuus

162 1388 242 1446 omni
268 1385 367 1448 studio
398 1403 529 1463 curaque
551 1385 578 1445 id
601 1403 696 1463 genus
724 1385 877 1467 hominum

163 1482 249 1546 prose
272 1475 379 1528 untur:
404 1482 457 1526 nec
480 1473 578 1526 tamen
601 1465 698 1527 adbuc
720 1484 756 1528 ex
780 1468 879 1544 llegnc

164 1555 214 1608 tuo
230 1486 351 1620 tatere,
367 1564 401 1607 ac
419 1549 539 1626 penitus
556 1546 705 1608 eradicare
727 1549 874 1625 potuerit,

76 1634 78 1638 ’
162 1628 232 1707 quid
257 1630 284 1689 in
308 1628 354 1688 bis
375 1627 446 1688 locis
469 1628 601 1688 futurum
623 1627 811 1698 arbitramur,
830 1626 878 1688 ubi

163 1709 242 1769 nulla
264 1709 412 1769 adversus
429 1726 479 1768 eos
497 1711 642 1769 severitas
659 1703 880 1788 distringatur?

204 1791 305 1867 fieque
321 1789 375 1849 boc
390 1788 426 1848 de
441 1790 549 1851 aureis.
564 1791 772 1867 argenteisque
791 1805 878 1848 uum-

164 1872 350 1932 mistantum
362 1868 514 1930 admoneri
526 1873 684 1948 quisquam
701 1871 876 1949 putet.Nam

164 1960 282 2011 moneta
297 1968 393 2020 aerea,
410 1969 468 2029 quo
482 1951 566 2010 vilior
580 1959 636 2022 est,
648 1958 695 2010 est
712 1967 747 2011 eo
762 1951 876 2011 facilius

164 2031 358 2095 adulteratur.
378 2030 506 2110 ldeoque
525 2047 560 2090 eo
579 2030 674 2106 modo,
692 2048 786 2110 eaque
808 2048 876 2108 pru-

164 2111 265 2172 dentia
284 2110 458 2173 excudenda
478 2119 535 2184 est,
563 2118 596 2172 ut
624 2113 652 2169 in
681 2129 715 2171 ea
742 2128 774 2171 re
804 2110 874 2170 nibil

164 2192 276 2254 auctori
295 2193 368 2253 lucri
388 2192 456 2252 flat:
477 2208 533 2250 non
562 2192 641 2250 enim
669 2191 705 2251 ad
734 2191 876 2268 principis

164 2280 334 2352 quaestum,
362 2272 414 2331 sed
443 2270 478 2333 ad
507 2270 635 2342 emendi,
666 2271 874 2349 vendendique

162 2352 414 2425 commoditatem,
435 2360 464 2412 et
493 2349 692 2412 multitudinis
717 2351 875 2412 utilitatem

161 2434 189 2495 ld
218 2451 411 2495 nummorum
440 2449 536 2511 genus
562 2437 736 2510 percutitur.
763 2432 874 2492 ldcirco

160 2522 277 2576 tantum
292 2518 369 2577 aeris
385 2517 413 2575 in
432 2514 557 2591 singulis
574 2528 642 2572 esse
666 2512 764 2581 debet,
783 2520 816 2574 ut
834 2512 874 2573 la·

161 2595 214 2657 bor
230 2598 327 2656 omnis
344 2594 472 2656 cudendi
502 2611 553 2672 pro
583 2593 674 2652 nihilo
708 2593 872 2669 habeatur3

163 2694 200 2737 ne
215 2680 283 2747 quis
297 2695 314 2737 e
329 2693 453 2737 numero
470 2674 666 2735 scelestorum
694 2672 729 2733 ad
759 2691 809 2733 eos
835 2675 873 2732 si·

162 2755 319 2818 mulaudos
337 2773 456 2834 operam
475 2761 593 2816 sumat:
622 2771 690 2814 curn
713 2760 743 2813 et
762 2753 871 2815 irustra

163 2843 283 2916 tempus
297 2839 391 2899 amitti
415 2842 583 2914 cognoscet,
609 2842 640 2893 et
663 2835 776 2895 nullum
806 2833 873 2894 inde

162 2917 291 2979 fructum
310 2936 342 2979 se
360 2924 592 2978 consecuturum
610 2932 729 2993 sperare
757 2917 872 2992 poterit.

75 3018 79 3025 ·
161 2997 190 3057 Si
209 3001 277 3077 quis
291 3008 391 3061 autem
410 2999 547 3075 princeps
574 2994 719 3074 signando
743 3013 811 3055 aere
830 2997 872 3056 lu·

160 3082 235 3140 orari
252 3082 400 3154 voluerit3
420 3094 527 3152 magno
544 3076 723 3136 detrimento
752 3077 872 3155 popula·

161 3177 210 3221 res
227 3162 344 3236 afficiet,
356 3168 388 3220 et
402 3177 469 3220 cum
487 3159 532 3217 bis
546 3157 671 3219 conferri
689 3174 775 3235 posse
790 3157 871 3217 vide-

161 3240 250 3314 bitur,
265 3245 326 3320 qui,
350 3249 384 3302 ut
409 3239 541 3316 quotidie
568 3237 678 3317 aliquid
705 3239 871 3316 acquirant,

159 3321 196 3382 de
219 3323 329 3383 hordeo
343 3324 429 3402 equis
445 3323 508 3382 suis
522 3320 667 3392 demunt;
688 3335 742 3379 nec
764 3319 871 3378 intelli-

159 3412 234 3484 gunt
250 3409 380 3480 ipsorum
397 3402 526 3481 periculo
544 3417 595 3460 eos
614 3415 792 3460 mucescere.

200 3485 275 3546 Cum
292 3493 391 3547 autem
412 3499 469 3542 non
489 3499 557 3551 uua,
574 3481 739 3557 eademque
762 3481 871 3557 ubique

156 3567 353 3637 consuetudo,
371 3571 423 3626 aut
452 3563 592 3636 locorum,
619 3568 650 3621 et
675 3561 737 3639 agri
766 3569 870 3621 natura

160 3647 200 3707 cit
212 3691 219 3719 ,
233 3647 285 3707 sed
304 3648 394 3709 variis
411 3649 440 3703 in
453 3642 622 3722 regionibus
634 3643 747 3702 victum
759 3642 806 3702 alii
820 3641 872 3702 ali-

163 3722 871 3803 isertibus,aliaqueindustriosibicomparent3

158 3806 321 3869 videndum
336 3810 393 3869 erit
409 3807 611 3883 unicoquique
624 3805 746 3883 regenti,
763 3810 795 3863 ut
809 3805 872 3864 suis

162 3887 217 3949 bae
233 3884 871 3968 suppetantfacultates,qnaspatriaeipsius

157 3970 244 4042 situs,
261 3977 292 4029 et
305 3969 519 4047 opportunitas,
538 3984 596 4026 non
613 3965 766 4025 bominum
783 3966 870 4043 cupi-

158 4048 236 4109 ditas
253 4051 393 4128 postulat.
410 4049 551 4110 Omnium
565 4055 664 4107 tamen
684 4048 823 4123 primum,
837 4054 868 4106 et

157 4133 320 4191 marimum
339 4138 405 4208 est3
435 4130 524 4208 idque
546 4129 667 4188 omnino
696 4129 868 4187 meminisse

156 4210 310 4286 debemus,
325 4220 359 4273 ut
376 4215 399 4272 si
418 4229 479 4289 agri
496 4211 646 4288 ingenium
664 4208 756 4283 ferat,
781 4208 879 4269 detur·

156 4309 253 4371 opera,
274 4302 306 4356 ut
320 4311 411 4372 quom
429 4292 595 4369 largissima
626 4289 781 4365 colligatur
807 4289 866 4349 fru-

155 4392 236 4450 gum,
252 4383 282 4433 et
299 4375 396 4434 omnis
413 4388 548 4432 niatronae
566 4372 657 4448 copia.
671 4371 742 4428 liam
757 4369 866 4448 quibus

157 4451 865 4532 civitatibuseasuppetit,tantasaltem,quanto

157 4534 260 4595 incolis
276 4536 441 4596 necessaria
467 4540 522 4604 est,
549 4530 586 4591 ab
612 4533 656 4590 eis
673 4530 807 4608 plurima.
835 4538 866 4590 et

155 4614 284 4692 ingentia
305 4616 380 4677 mala
409 4614 611 4693 probibentur,
631 4628 709 4689 quae
737 4614 777 4671 rei
805 4611 866 4672 fru-

157 4700 320 4757 mentariae
348 4698 442 4774 inopia
467 4693 598 4774 quotidie
628 4691 761 4753 accidere
786 4695 867 4752 vide-

157 4792 237 4836 mus.
254 4778 360 4838 Vester
371 4775 509 4854 equidem
522 4774 719 4837 Ferrariensis
738 4781 863 4850 tractus,

152 4862 298 4934 quantum
322 4861 489 4935 perspicere
511 4857 602 4936 potui,
615 4855 712 4932 tritici,
740 4853 865 4932 reliqua·

156 4951 282 5016 rumque
317 4938 435 5017 frugum
477 4938 678 4998 feracissimus
715 4941 777 4994 est:
809 4935 863 4995 sed

155 5016 223 5092 quia
242 5019 371 5094 saepius,
388 5025 546 5096 stagnante
562 5006 648 5091 Pado,
667 5031 772 5099 magna
794 5032 863 5094 pars

422 147 457 210 Ι).
492 148 784 217 catastas
817 153 882 215 DE
918 153 1093 218 Petite.
1127 153 1397 219 curticlis.

940 259 1074 336 intercipi
1093 256 1184 320 solet:
1202 260 1374 323 curandum
1394 272 1451 336 est,
1476 275 1506 326 ut
1530 269 1553 326 in
1573 272 1614 333 aliis

938 339 1064 418 Imperio
1082 347 1184 400 vestro
1198 341 1346 417 subjectis
1365 344 1449 415 locis,
1460 366 1530 425 quae
1544 351 1614 411 turn

938 438 1003 481 rum
1020 419 1266 482 inundationibus
1286 439 1346 481 non
1362 434 1439 485 sunt
1455 428 1574 500 obnoxia,
1587 428 1624 491 ro'

936 503 1016 579 piosa
1045 499 1097 560 fiat
1120 504 1286 574 sementis3
1322 511 1355 564 ut
1386 507 1412 564 si
1441 525 1526 584 quam
1554 511 1618 572 lalus

935 588 1066 655 stragem
1087 582 1152 641 istic
1166 582 1305 654 ediderit,
1324 603 1341 642 e
1359 584 1464 662 Regno
1480 592 1539 665 ipso
1553 601 1622 652 vestu

936 661 1103 722 subsidium
1123 670 1223 740 petere
1242 666 1380 740 possitis.
1402 667 1449 728 Ad
1475 688 1536 731 eam
1553 675 1624 732 remi

936 745 1025 821 gitur,
1044 749 1196 821 tamquam
1225 761 1344 820 arcum,
1376 749 1523 810 intentam
1550 752 1623 813 baben

937 831 1068 883 mentem
1091 824 1257 902 oportebit,
1276 832 1310 884 et
1339 829 1502 904 agricolas,
1534 840 1563 893 ul
1582 842 1627 892 ante

934 902 1076 975 diximutt,
1089 905 1242 984 adjuvare,
1260 909 1314 982 qui
1333 910 1359 966 si
1381 914 1565 987 gravioribus
1578 914 1628 974 lorte

935 985 1075 1044 oneribus
1091 987 1128 1045 ita
1146 989 1239 1063 pressi
1257 987 1465 1061 videbuntur,
1482 1005 1511 1052 ut
1522 997 1589 1071 operi
1600 1012 1631 1055 m-

934 1066 1009 1124 stico
1026 1082 1132 1126 vacare
1158 1076 1322 1143 nequeant,
1347 1071 1478 1131 levandi
1507 1082 1537 1134 et
1560 1075 1631 1152 aliqua

934 1147 1124 1206 immunitate
1141 1146 1269 1207 donandi
1285 1156 1393 1210 erunt.
1407 1155 1514 1232 Neque
1527 1157 1592 1214 enim
1604 1156 1632 1215 ul

934 1225 961 1286 la
984 1227 1034 1285 tibi
1054 1229 1081 1286 ln
1102 1228 1156 1288 bac
1174 1245 1204 1285 re
1224 1227 1274 1288 fret
1290 1228 1437 1311 jactura;
1455 1252 1524 1296 cum
1541 1235 1631 1312 dempta

933 1323 970 1366 er
990 1308 1025 1365 iis
1043 1307 1114 1368 locis
1130 1308 1249 1378 tributa,
1267 1318 1301 1371 et
1326 1312 1482 1390 frequens
1508 1318 1628 1376 bominum

935 1387 1004 1447 illuc
1018 1392 1258 1452 concurrentium
1292 1393 1478 1462 multitudo,
1503 1408 1533 1457 et
1555 1413 1626 1456 rerum

933 1469 1065 1528 omnium
1081 1478 1313 1548 compensatura
1346 1479 1392 1534 sit
1423 1479 1578 1539 attinentia.
1595 1477 1633 1536 Sa·

934 1549 1042 1628 pientrs
1059 1552 1137 1610 enim
1156 1560 1203 1610 est
1226 1557 1395 1629 pecuniam
1423 1563 1454 1618 in
1487 1561 1545 1620 loro
1568 1559 1635 1635 negli-

932 1645 1019 1722 gerej
1038 1647 1137 1691 rerum
1156 1647 1274 1703 causas,
1293 1652 1476 1717 earumque
1490 1654 1637 1719 progressus

932 1708 1095 1786 previdere,
1110 1718 1140 1770 et
1158 1717 1321 1790 praeterita
1353 1719 1476 1780 futuris
1495 1727 1636 1781 annectere.

935 1788 1018 1850 llude
1035 1799 1146 1863 autem,
1163 1801 1193 1853 et
1220 1796 1406 1871 imperitum
1434 1802 1551 1880 vulgus,
1578 1800 1634 1879 quod

931 1885 1023 1931 sensu
1046 1879 1162 1932 tant-um
1186 1882 1340 1953 movetur,
1353 1880 1396 1940 ad
1419 1882 1449 1941 rd
1470 1884 1562 1944 solum
1578 1880 1633 1959 quod

931 1950 1025 2021 adest,
1044 1953 1182 2032 qnodque
1196 1972 1346 2031 praesens
1372 1971 1436 2034 est,
1450 1980 1485 2023 se
1497 1979 1632 2024 accommo

931 2029 993 2089 dat.
1008 2032 1155 2103 Quantam
1176 2049 1245 2094 vero
1264 2039 1453 2111 utilitatem,
1473 2045 1631 2119 fructumque

930 2111 1032 2171 alferat
1049 2130 1146 2175 rerum
1160 2115 1195 2175 ad
1214 2119 1308 2177 vitam
1329 2121 1511 2201 degendam
1529 2139 1630 2183 neeesse

931 2208 1040 2252 riarum
1055 2196 1248 2272 praeparatio,
1260 2203 1445 2279 perspicum
1461 2212 1512 2264 est
1526 2204 1626 2265 conside·

931 2288 1005 2341 rare,
1020 2281 1051 2332 et
1070 2279 1210 2336 memoria
1229 2287 1375 2357 repetere
1407 2286 1546 2346 volenti:
1572 2299 1620 2362 que

930 2351 1014 2423 multi
1034 2360 1131 2414 aetate
1155 2365 1256 2420 nostra
1286 2360 1345 2422 bac
1377 2367 1446 2442 ipsa
1475 2366 1616 2445 pronitate

929 2433 1041 2511 imperii
1060 2439 1105 2495 sui
1122 2445 1233 2498 statum
1260 2458 1322 2500 nou
1351 2448 1447 2506 modo
1480 2451 1620 2508 incolume

927 2527 1200 2606 conservaverunt3
1220 2536 1328 2582 verum
1345 2529 1446 2588 etiam
1463 2545 1536 2590 cum
1553 2539 1625 2602 magna

928 2610 972 2653 sur
1011 2597 1139 2656 nominis
1155 2600 1340 2680 celebritate,
1362 2610 1627 2682 existimatioueqlt

927 2674 1196 2752 amplificaverunt.
1215 2680 1397 2764 Contraque
1425 2708 1522 2769 quam
1548 2687 1630 2749 multos

926 2763 1125 2817 commeatum
1142 2760 1322 2837 negligentia
1348 2769 1379 2826 in
1397 2773 1576 2847 gravissima
1593 2766 1630 2823 dt·

926 2852 1006 2905 mna,
1020 2837 1188 2917 cladesque,
1217 2841 1245 2899 in
1272 2848 1497 2922 turpissimum
1526 2851 1629 2924 denique

925 2924 1141 2996 contemptum,
1162 2929 1252 2998 atque
1275 2924 1481 2998 ignominiam
1499 2931 1618 2992 addunt.

968 2999 1052 3058 Plura
1069 3000 1217 3079 equidem,
1236 3003 1354 3081 inclyta
1373 3011 1529 3086 Elianora,
1546 3010 1577 3072 ad
1591 3024 1627 3066 ste

925 3085 1061 3156 sceptum
1089 3098 1164 3157 opus
1194 3085 1389 3161 pertinentia,
1419 3101 1452 3152 et
1478 3094 1549 3153 baec
1573 3094 1627 3166 ipit·

924 3175 1002 3235 quae
1018 3159 1094 3221 dicta
1112 3172 1192 3237 sunt,
1207 3165 1307 3240 latius,
1324 3173 1546 3252 copiosiusque
1559 3169 1631 3246 expli·

924 3240 983 3299 cari
1003 3244 1135 3317 potuisse
1147 3245 1292 3322 arbitror;
1308 3250 1364 3309 sed
1385 3259 1460 3332 quia
1475 3260 1571 3316 minus
1586 3264 1630 3308 titt

925 3319 943 3380 li
966 3327 1012 3378 est
1030 3324 1132 3397 semel,
1156 3342 1245 3402 quam
1273 3328 1320 3388 bis
1353 3350 1505 3412 peccare3
1532 3333 1588 3392 ideo
1609 3334 1631 3386 tl

925 3398 1064 3462 brevitati
1083 3405 1205 3480 studui3
1224 3414 1254 3464 et
1272 3427 1357 3471 nunc
1372 3417 1438 3492 jam
1461 3416 1550 3476 finem
1573 3412 1630 3471 lat&

925 3498 956 3541 re
974 3480 1093 3542 decrevi
1107 3501 1114 3559 ;
1134 3503 1170 3545 ne
1184 3495 1300 3563 praeter
1314 3500 1512 3575 arrogantiae
1527 3496 1628 3556 crimen

924 3560 961 3620 de
979 3579 1038 3639 quo
1055 3563 1092 3624 ab
1108 3568 1191 3627 initio
1203 3566 1276 3638 diri,
1294 3573 1391 3635 etiam
1411 3577 1583 3654 prolixitatis
1593 3587 1627 3630 rr·

925 3658 1008 3734 guar.
1025 3644 1065 3703 Te
1084 3663 1154 3707 vero
1176 3648 1310 3725 obsecro,
1336 3657 1489 3732 obtestor,
1516 3653 1623 3733 supplet

925 3720 1054 3816 demque
1068 3733 1100 3785 ut
1119 3744 1214 3790 meam
1227 3730 1447 3798 benemerendi
1463 3738 1620 3799 voluntatem

924 3808 1059 3882 accipias.
1084 3808 1114 3868 Si
1136 3818 1237 3870 aulem
1264 3821 1414 3877 materiae
1443 3817 1574 3896 dignitati
1589 3812 1617 3868 iu·

923 3888 1030 3962 genioli
1045 3890 1101 3946 mei
1113 3893 1245 3967 parvitas
1258 3898 1448 3973 respondere
1462 3892 1521 3959 n'on
1534 3890 1615 3976 potul}

924 3963 1094 4028 facultatem
1114 3976 1244 4032 nostram
1274 3984 1305 4033 et
1331 3979 1415 4055 apud
1441 3987 1473 4039 te
1491 3975 1611 4058 ipsattt‘¹

922 4045 1000 4123 apud
1020 4049 1170 4127 inclytum
1187 4051 1354 4134 Cnnjugem
1387 4068 1488 4129 tuum,
1515 4064 1609 4120 caetere

922 4141 998 4203 sque
1014 4136 1195 4211 omnesqui
1214 4133 1289 4196 baec
1305 4148 1412 4201 nostra
1430 4143 1541 4220 legent,
1552 4147 1611 4197 etet·

920 4221 980 4267 ses.
995 4209 1120 4287 Speravi
1144 4230 1272 4292 namque
1294 4235 1346 4293 pro
1373 4228 1427 4282 tua
1456 4239 1526 4283 cum
1553 4221 1610 4276 tuo

922 4304 1016 4360 mnes,
1042 4298 1104 4351 tum
1137 4296 1167 4354 iu
1200 4299 1350 4373 meipsum
1382 4300 1569 4369 benignitate,
1589 4304 1610 4351 at

920 4373 1160 4434 mansuetudine.
1179 4377 1206 4434 in
1237 4376 1291 4437 boc
1322 4383 1518 4456 munusculo,
1542 4373 1610 4458 qltll

919 4465 1048 4528 cumque
1071 4454 1155 4528 foret,
1175 4474 1273 4516 meum
1300 4464 1405 4537 potius
1424 4481 1493 4535 erga
1522 4470 1549 4521 te
1571 4455 1608 4516 tt'l

921 4547 1012 4605 mum,
1028 4550 1118 4611 qaam
1132 4543 1335 4600 temeritatem
1349 4536 1605 4621 contemptumne:

919 4619 951 4670 et
981 4615 1233 4690 quemadmodum
1272 4621 1385 4681 viduae
1424 4620 1601 4703 paupercula,

919 4708 996 4784 quac
1008 4694 1067 4756 duo
1086 4700 1199 4759 minuta
1216 4715 1285 4759 aera
1302 4704 1389 4763 misit
1413 4707 1442 4765 in
1470 4698 1603 4781 gazopillj

918 4789 1008 4846 crum,
1034 4787 1186 4856 acceptam
1217 4777 1370 4843 humanae
1395 4786 1503 4847 salutis
1526 4784 1603 4844 auctet

919 4863 1049 4946 mentem
1070 4859 1160 4922 inisse
1177 4860 1375 4940 praedicant3
1396 4868 1436 4927 ita
1455 4867 1505 4927 tibi
1526 4863 1603 4921 donat

918 4941 957 4996 tis
977 4936 1128 5014 affectum,
1142 4957 1232 5020 quam
1250 4944 1293 5004 rei
1310 4946 1456 5024 pretium,
1476 4945 1598 5027 graffelt*

918 5015 1131 5095 inscindicavi.
1219 5067 1224 5077 .

751 5154 1036 5194 ——w
