3368 5362
167 196 227 258 8844
850 193 973 256 utus

168 305 294 381 (circiter
315 298 382 377 CC.)
403 298 473 360 Cod.
496 299 595 362 Cbart.
628 301 687 362 tis.
708 303 738 360 in
761 301 807 361 tol.
830 300 878 360 cir.
936 308 993 363 etc.
1025 299 1128 379 plures
1153 304 1272 361 veteres
1294 299 1467 379 [scriptores
1492 299 1640 364 illustrarit

167 398 236 459 stt.
257 397 387 474 repperit
406 410 455 453 an.
477 393 563 454 4774.
585 393 658 454 Lod.
694 393 882 454 Coltellioios
937 394 994 456 sob
1012 395 1123 454 saeculi
1141 392 1218 453 xvt.
1236 395 1342 466 initia,
1359 401 1394 454 ot
1410 401 1558 456 testantur
1575 396 1640 474 ejus.

167 493 340 553 Cortonens.
364 488 419 547 tuit
439 487 507 545 dein
528 486 559 544 F.
577 489 613 546 44.
635 487 744 548 4444444.
761 488 803 546 Dc
818 488 883 546 llic·
979 488 1216 549 Commentarios
1227 487 1257 546 in
1270 486 1413 549 Plautum
1431 487 1582 551 44444544
1599 491 1638 551 444.

166 583 283 658 cardis,
304 589 335 642 et
356 585 385 641 in
409 597 455 659 op.
482 577 676 659 Biblioprofia
696 578 769 640 delle
787 579 882 640 curri·
975 581 1011 642 ln
1023 580 1193 641 Lucretiam
1205 624 1212 655 ‚
1224 570 1394 655 Bononiae,
1415 588 1448 641 et
1462 583 1550 642 Paris.
1564 585 1638 644 4544.

165 676 328 756 spondenae
348 692 403 734 con
423 673 453 734 la
476 671 597 733 Paionia
618 672 652 733 di
670 670 736 734 8444.
766 673 884 752 Ciampi
936 676 983 736 iol.
1001 692 1069 737 cum
1086 674 1300 735 retractatione
1327 674 1495 737 editionum
1518 693 1636 753 44444444,

164 769 234 829 444.Ι
251 770 337 830 4839.
360 777 381 827 4.
402 770 421 828 4
443 785 507 848 pag.
530 768 600 828 449.
620 783 704 847 seqq.
724 767 882 847 diligenter
935 769 1053 844 Plauti,
1075 768 1241 845 Fulgentii,
1258 768 1372 829 Sidonii
1392 775 1426 829 et
1442 770 1585 831 Hortensii
1601 773 1638 834 (4

165 863 352 928 illustratus,
374 878 456 922 nunc
482 878 573 939 prope
595 878 643 920 me
663 862 740 936 est.)
934 863 1095 922 ceroniaol.
1122 860 1195 922 Vide
1216 858 1343 923 Gesneri
1364 862 1528 947 Bibitpag.
1549 863 1605 926 888.

206 956 319 1019 Calena
336 953 447 1033 (Girol.
457 957 470 1030 )
497 954 561 1015 tito
590 953 623 1014 di
649 953 705 1014 Pio
730 955 761 1016 V.
787 957 881 1015 Roma
976 955 1088 1017 Comm.
1104 954 1135 1014 in
1152 955 1318 1015 Horatium.

164 1051 252 1112 4586.
273 1053 302 1109 in
326 1051 354 1108 4.
375 1047 521 1127 ampliata
537 1050 630 1109 Roma
649 1047 736 1109 4587.
752 1049 779 1107 8.
798 1049 881 1108 444444-
976 1046 1085 1109 Comm.
1101 1049 1132 1109 in
1150 1047 1262 1108 Valerii
1273 1045 1379 1108 Flacci
1386 1047 1632 1128 Arponautica,et
1660 1069 1663 1078 ·

163 1148 229 1204 tona
252 1142 340 1205 4587.
362 1141 390 1202 lu.
412 1143 505 1203 Roma
526 1142 613 1204 atta.
636 1143 663 1202 4.
687 1142 736 1220 fig.
758 1139 883 1202 Gabutii
933 1143 1166 1221 supplementum
1188 1141 1253 1202 libri
1273 1139 1376 1203 IV.'V.
1401 1141 1450 1203 444.
1471 1145 1557 1204 4549.

168 1239 231 1309 tio:
254 1236 325 1297 Ant.
347 1235 447 1296 Presb.
462 1236 602 1309 044444.)
624 1237 666 1296 De
688 1238 749 1295 vita
777 1238 817 1295 Pii
847 1236 878 1295 V.
947 1304 950 1311 ¹
978 1235 1095 1309 Versio,
1111 1239 1141 1295 44
1155 1235 1248 1296 Notae
1261 1233 1304 1294 od
1320 1232 1496 1314 Orphei,et
1512 1235 1631 1316 Apollonii

162 1330 274 1390 Itomae
299 1329 382 1389 4805.
413 1329 462 1388 444.
483 1326 588 1405 4444444
612 1327 722 1405 (Panlo
742 1326 881 1390 44444444
934 1327 1147 1408 Arponautica.
1295 1360 1296 1363 ¹

163 1421 238 1498 tiro)
254 1420 400 1482 Vitellis.
415 1420 466 1480 Pio
493 1422 520 1480 V.
539 1424 632 1482 Roma
647 1420 733 1483 4744.
753 1423 780 1482 4.
798 1419 864 1500 lig.)
975 1423 1009 1481 ln
1032 1408 1182 1484 Ciceronis
1203 1420 1397 1482 oddilinam
1419 1421 1576 1504 Epistulas.
1676 1488 1678 1493 ,

206 1512 347 1576 44444444
382 1515 484 1591 l’lUS,
519 1516 682 1594 Carporum
720 1516 879 1594 PrincepS‚
976 1514 1086 1577 Comm:
1099 1506 1129 1575 in
1141 1514 1289 1596 Epistulas
1299 1514 1425 1577 Sidonii
1440 1517 1627 1579 8444445444.

163 1620 254 1689 supra
275 1616 348 1669 tom.
369 1610 394 1668 4.
409 1626 474 1688 pag.
498 1609 544 1669 46.
792 1684 793 1689 ¹
976 1611 1010 1669 ln
1031 1608 1286 1690 uemmorptorm
1306 1607 1419 1670 0444444.

204 1702 282 1780 (473.
307 1702 515 1763 laudatissimi
537 1711 568 1762 et
589 1703 701 1781 perrari
721 1701 881 1762 voluminis
976 1703 1009 1762 ln
1044 1701 1194 1782 Fatpentir'
1211 1703 1427 1782 Mythologiam
1454 1702 1624 1765 commeandi

162 1796 480 1857 adversusErasmonr
499 1803 530 1855 et
548 1796 668 1857 Lutberi
686 1812 803 1857 errores
821 1796 882 1874 ple·
934 1797 1078 1858 secundis
1099 1798 1181 1858 curis
1203 1796 1352 1859 meliores.

161 1892 272 1950 niorem
286 1891 334 1950 hic
347 1893 481 1951 notitiam
495 1907 552 1949 non
566 1892 713 1968 ingratam
726 1889 879 1950 teredoni.
967 1888 1182 1951 ‘dissolutiones
1213 1889 1327 1968 priores
1362 1895 1395 1950 et
1427 1889 1626 1970 posterioresiu

28 2004 33 2011 ·
161 1985 204 2043 De
223 1983 337 2043 ilberti
355 1986 419 2043 vita
437 1983 503 2042 tuse
517 1990 548 2042 et
562 1983 716 2060 eleganter
728 1999 783 2043 suo
799 1998 880 2042 more
933 1985 1016 2044 varia
1038 1990 1193 2044 auctorum
1217 1983 1300 2057 loca,
1322 1983 1417 2042 Paris.
1438 1984 1529 2045 4544.
1549 1981 1630 2044 utar

162 2078 192 2135 in
214 2078 267 2155 Op.
286 2074 450 2135 biblioteca
473 2073 629 2136 4444444444
658 2082 730 2135 tom.
748 2075 797 2136 tv.
815 2077 881 2136 llis-
932 2075 1177 2155 castigationibus
1194 2076 1223 2134 in
1237 2066 1390 2136 Ciceronis
1407 2075 1632 2149 Hortensiana

164 2187 228 2229 ron.
251 2166 574 2230 Tiraboscbi.Alb.‘Pii
588 2181 643 2230 etc.
656 2174 779 2250 praeter
791 2187 882 2249 prae-
935 2169 965 2230 in
991 2167 1140 2229 Thesauro
1163 2167 1273 2229 Critico
1296 2167 1531 2229 Gruteritomo
1551 2172 1574 2229 4.

164 2259 306 2341 sotionem
337 2266 366 2322 et
395 2260 494 2341 operis
525 2259 742 2324 conclusionem
773 2268 835 2324 tres
855 2269 885 2324 44
977 2262 1120 2325 Carmina
1142 2262 1222 2322 luter
1239 2258 1370 2322 Delicias
1393 2264 1555 2323 Poetarum
1569 2257 1634 2321 inlr·

165 2355 275 2434 uipr‘nti
306 2353 428 2416 libriin
458 2355 535 2415 lccos
566 2354 807 2417 luminationem
829 2375 883 2418 aa
935 2373 1004 2418 rum
1021 2363 1052 2418 44
1066 2347 1148 2416 inter
1161 2351 1294 2415 illustres
1312 2354 1420 2416 Poetae
1438 2353 1531 2416 italos
1544 2352 1634 2416 44444.

166 2449 245 2507 44444.
268 2448 392 2510 Erasmi
410 2454 463 2509 etc.
486 2449 614 2510 Parisiis
640 2447 746 2529 praelo
775 2450 884 2511 Ascen-
978 2449 1077 2512 *Non
1110 2455 1181 2510 ante
1215 2447 1329 2508 multos
1360 2447 1419 2510 bos
1441 2449 1509 2512 dies
1533 2448 1636 2510 occurri

164 2542 249 2602 siano
270 2544 355 2604 4534.
378 2545 396 2603 4.
417 2544 443 2603 J.
465 2542 546 2604 liadii
569 2543 730 2619 praelatio:
752 2544 881 2622 tabella,
941 2545 1012 2607 mibi
1035 2544 1153 2604 libellus
1179 2544 1225 2603 Jo.
1255 2544 1411 2620 Baptistae.
1434 2545 1476 2604 Pii
1497 2544 1636 2605 Continent

165 2637 275 2710 index,
298 2638 327 2695 F.
348 2635 453 2696 Floridi
472 2636 576 2696 Sabini
590 2639 789 2715 Epigramma.
802 2637 886 2697 liro·
939 2639 1141 2700 adnotationes
1161 2639 1226 2696 eius
1246 2634 1277 2695 ia
1293 2633 1453 2697 Sidoniam
1476 2639 1507 2697 et
1525 2637 1555 2696 in
1567 2637 1637 2696 ron

165 2731 224 2792 smi
243 2728 366 2809 cprsmla
384 2730 473 2791 Basil.
495 2731 542 2790 vt.
564 2730 606 2790 ld.
628 2731 692 2790 Oct
717 2730 802 2793 4585.
818 2729 884 2793 Ata.
937 2732 1067 2814 piricum
1090 2729 1259 2791 4444444444
1281 2733 1312 2789 44
1329 2729 1441 2791 Socero
1462 2725 1530 2792 'eius
1547 2728 1636 2791 dictm

168 2826 328 2904 responsio.
345 2823 469 2883 lirasmi
483 2822 525 2883 ad
538 2823 755 2884 exortationem
771 2822 887 2885 44444444
937 2828 1019 2906 typis
1050 2825 1172 2885 Venetis
1202 2840 1251 2884 an.
1286 2821 1374 2885 4498.
1398 2841 1549 2886 excusum
1580 2824 1637 2884 ltro

166 2917 319 2996 responsio
340 2917 427 2977 Basil.
450 2916 519 2977 idib.
541 2917 625 2978 Febr.
644 2917 731 2979 4549.
749 2915 816 2977 444.
833 2917 886 2979 Pii
938 2920 1069 3000 protecto
1090 2916 1180 2978 editio
1211 2922 1243 2977 et
1274 2916 1483 2978 basileensem
1507 2918 1554 2979 bic
1571 2913 1639 2978 adoo

168 3007 328 3089 Praefatio.
343 3009 496 3070 Dictorum
511 3007 884 3090 indtorradisplicentmm
938 3019 1030 3073 tatem
1053 3017 1151 3072 aetate
1183 3009 1347 3089 plurimum
1368 3017 1518 3089 superat,
1541 3007 1639 3071 indica

166 3103 310 3163 recitatio.
328 3101 364 3163 de
377 3102 494 3183 jejunio
515 3107 545 3162 et
563 3101 655 3163 cibor.
686 3101 807 3163 delectu
842 3105 884 3165 Dc
938 3123 997 3184 que
1028 3104 1210 3185 opusculum
1234 3105 1263 3162 in
1287 3105 1508 3181 panegyricum
1529 3119 1547 3166 4
1565 3101 1640 3164 saue

167 3195 329 3258 monacbis.
348 3196 595 3259 ceremoniarum
615 3194 654 3255 alr
676 3195 812 3258 Ecclesia
837 3215 885 3258 re·
938 3201 983 3259 cio
1005 3198 1053 3258 bic
1074 3199 1221 3257 omissum
1244 3196 1437 3273 Quamquam
1467 3214 1542 3259 vera
1561 3193 1640 3257 scribi

167 3297 320 3371 ceptorum
341 3291 478 3352 44444444.
501 3292 543 3351 De
569 3296 679 3350 ornata
697 3289 883 3370 templorum.
940 3292 1165 3353 Biblictecarius
1196 3287 1269 3349 dum
1291 3288 1331 3348 Pii
1354 3286 1566 3351 adnotationes
1583 3288 1641 3366 prio

167 3387 210 3446 De
230 3384 393 3464 imnpirmm
415 3382 505 3444 4444444.
534 3385 576 3444 De
597 3385 732 3446 8444444444.
755 3381 840 3444 culta
859 3390 888 3445 et
940 3401 989 3445 444
1010 3390 1040 3443 44
1054 3384 1238 3461 posteriores
1253 3379 1350 3442 editas
1368 3383 1495 3444 Parisiis
1512 3384 1592 3446 4544.
1604 3378 1641 3439 de

165 3478 323 3561 relr'quiar.
345 3477 542 3539 neumanone.
559 3479 601 3537 De
618 3478 790 3557 praeconiis
817 3479 885 3539 Dei·
942 3481 1061 3556 signat,
1084 3476 1157 3536 haec
1178 3482 1280 3535 tamen
1302 3473 1498 3539 admittenda
1527 3470 1640 3539 sunto

162 3595 262 3658 paroc
280 3583 310 3637 et
321 3576 357 3637 de
370 3575 412 3636 ad
427 3574 594 3653 cotalopum
610 3575 663 3634 SS.
686 3572 887 3653 adscriptione
943 3569 1187 3634 annotationibus
1209 3568 1358 3647 prioribus
1390 3571 1485 3632 simul
1515 3577 1545 3632 et
1566 3572 1641 3649 posis

166 3670 337 3733 llenouiciis
346 3665 887 3749 4444444944444444444444444444449444.
943 3665 1069 3725 rioribus
1089 3662 1280 3722 coniunctim.
1313 3661 1426 3721 Prioris
1446 3665 1530 3724 eninr
1551 3663 1640 3738 absque

167 3766 210 3825 De
241 3766 271 3825 S.
303 3763 470 3841 scripturis
504 3768 532 3822 et
561 3778 665 3820 earum
696 3761 885 3821 arroteritate.
943 3757 1154 3837 posterioribus
1175 3758 1203 3814 in
1222 3755 1319 3815 lucem
1336 3753 1400 3833 jam
1419 3756 1580 3836 productae
1597 3754 1661 3844 lus¹

168 3859 209 3916 De
228 3857 367 3936 mysterio
392 3856 546 3916 Trinitatis
567 3860 596 3915 44
623 3855 758 3933 dopmate
790 3854 889 3913 Arrii.
944 3858 1011 3911 rant
1032 3851 1163 3911 venetiis
1186 3865 1242 3909 una
1260 3865 1329 3908 cunr
1345 3848 1414 3909 aliis
1436 3853 1528 3911 viror.
1548 3853 1640 3912 Docta·

168 3950 211 4009 De
232 3949 383 4011 Sacerdol.
405 3957 434 4010 et
455 3950 555 4028 Epist.
576 3947 760 4009 authoritate
776 3953 804 4007 et
817 3946 886 4026 firn-
943 3940 1064 4023 scriptis
1085 3941 1141 4003 Aa.
1165 3941 1251 4002 4508.
1273 3942 1302 3999 io
1325 3941 1375 4001 iol.
1400 3942 1417 3978 “

169 4039 376 4101 4444444444444
388 4043 523 4120 primatu
544 4045 578 4102 ll.
601 4041 692 4102 Petri.
715 4043 757 4101 De
780 4041 887 4101 4444444-
981 4038 1064 4099 PlUS
1080 4034 1245 4097 Lottlrerius
1259 4077 1266 4107 ,
1278 4033 1381 4113 junior
1392 4053 1487 4112 quam
1502 4030 1640 4116 quirelsni

170 4131 331 4193 lotionibus
361 4131 472 4194 Eccles.
494 4140 521 4193 et
541 4136 596 4195 44.
625 4153 671 4195 ac.
704 4131 885 4194 traditionib.
941 4134 1023 4192 dore
1038 4129 1146 4191 debeat
1159 4176 1167 4204 ,
1182 4128 1413 4207 Neapolitanus,
1429 4132 1589 4192 Monachus
1601 4127 1640 4188 Ca

169 4225 317 4287 numanis.
340 4228 380 4285 444
399 4233 466 4286 uoto
488 4228 680 4289 continentiae
700 4232 730 4289 et
749 4228 883 4289 caeteris.
941 4228 1071 4285 sinensis
1092 4232 1123 4284 et
1144 4241 1181 4282 en
1203 4224 1301 4283 Priore
1323 4223 1353 4282 S.
1376 4224 1516 4284 Severini
1534 4219 1641 4300 serpit

169 4323 212 4382 De
225 4319 598 4398 uirpinitateetcaelilratn.
617 4323 658 4383 444
679 4320 883 4384 Matrimonia.
932 4325 1009 4379 ‘tano
1027 4319 1195 4397 Episcopus
1215 4317 1249 4376 A.
1266 4315 1354 4375 4576.
1378 4315 1546 4378 Fundanos
1558 4314 1641 4376 delon

167 4411 408 4494 Deconfessione.
422 4412 528 4490 Defide
542 4413 733 4493 etoperibus.
751 4417 793 4474 lle
811 4411 884 4474 bello
939 4419 1007 4473 ctus
1028 4413 1131 4471 Casini
1151 4411 1187 4469 44.
1208 4409 1295 4469 tasi.
1314 4407 1430 4485 dequo
1448 4407 1642 4470 4444444444-

169 4516 198 4570 44
208 4511 285 4591 jure
301 4507 374 4569 eins.
390 4508 431 4568 De
451 4507 521 4589 jure
536 4505 678 4580 jurando.
701 4507 746 4570 lle
766 4509 885 4570 444444444-
937 4523 1032 4568 cnnus
1048 4505 1085 4565 de
1104 4504 1271 4565 illustribus
1294 4504 1514 4565 casinensibus
1531 4521 1589 4582 cap.
1604 4500 1640 4560 ti.

169 4599 220 4663 cio'
232 4610 261 4664 44
279 4604 342 4662 eius
359 4598 575 4680 prohibitione.)
980 4598 1239 4661 PLAGENTINUS
1259 4596 1354 4657 ltalus
1373 4597 1429 4657 Jus
1451 4596 1640 4674 utrumquem

207 4696 334 4755 loarrnes
365 4694 501 4774 Baptista
522 4695 604 4755 PIUS
624 4696 818 4756 Bononiensis
840 4699 886 4756 vir
940 4698 1038 4754 Monte
1070 4692 1232 4771 pessulano
1264 4689 1388 4766 docuit,
1409 4691 1511 4753 clarus
1530 4688 1640 4752 circei·

169 4787 275 4848 doctus
307 4790 466 4866 clarusque
498 4806 535 4848 ex
558 4788 689 4847 Beroaldi
712 4789 885 4869 disciplina:
943 4787 1221 4865 t200.scripsitque
1240 4787 1267 4844 in
1286 4784 1639 4860 Codicern,etSumroan

171 4878 207 4938 de
224 4898 283 4956 quo
297 4883 420 4959 lovios,
439 4880 572 4944 Gaddius
594 4889 664 4943 tom.
684 4884 711 4944 a.
731 4899 795 4961 pag.
819 4884 886 4943 494.
943 4880 1134 4943 iudiciorum.
1149 4879 1221 4940 Vide
1242 4878 1443 4941 trithemium
1464 4895 1528 4957 cap.
1551 4874 1610 4938 tst.
