3368 5362
155 193 213 254 lta

151 303 187 362 cie
220 301 376 376 Oratione,
409 300 443 360 ile
473 302 620 360 Instantia
655 301 871 380 [Soplnunius:
923 307 1049 379 praeter
1081 317 1129 360 eos
1172 300 1228 380 qai
1256 300 1287 359 in
1318 297 1390 361 aliis
1422 301 1513 362 terris
1546 312 1631 363 444444.

150 394 201 455 nei
227 402 278 454 rsa
294 397 452 470 44444444)
469 404 498 454 44
512 395 547 454 de
564 393 662 455 4444444
681 397 872 472 (Pergamena
967 397 1160 455 Hermannas
1174 395 1285 455 Comes
1299 393 1518 456 nuntiamus
1530 399 1590 455 sive
1606 397 1637 458 dr

152 493 304 567 44444444,
325 489 413 567 cujus
431 491 604 548 memoriam
623 488 758 547 Ecclesia
775 489 804 547 2.
821 487 874 548 lu·
927 488 1108 564 Neaenare,
1131 489 1290 561 44444444,
1313 487 1366 564 (de
1399 505 1479 547 naua
1497 488 1595 568 aquilo
1613 490 1636 564 44)

154 587 193 649 nii
216 584 365 655 celebrat.)
967 583 1137 642 Canonicus
1149 584 1278 660 primum
1290 589 1356 642 tum
1366 583 1556 660 Praepositus
1566 599 1638 643 sum·

192 676 365 736 A'OVATUS
387 675 545 752 Presbyter
566 674 823 756 Carthaginiensis
844 674 870 747 a)
927 677 966 734 mi
986 676 1091 752 templi
1106 674 1313 748 Coloniensis‚
1334 674 1465 736 eruditis
1484 675 1637 738 litterarum

786 194 1052 255 NOl'ATUS

151 778 283 849 tempure
311 769 340 829 S.
373 768 516 845 Cypriani
539 768 699 845 Episcopi,
723 786 780 828 4444
805 769 868 846 ipse
915 766 1197 843 'instauratoribus,
1219 769 1505 848 Maecenatibusque
1527 773 1640 832 meritus

150 865 316 942 Episcopus
337 862 365 935 44)
388 869 493 922 auctor
514 859 663 937 dogmatis
684 862 762 938 quod
782 863 818 921 ab
835 880 870 923 44
925 863 1099 932 accenseri,
1116 861 1195 921 diem
1214 861 1283 921 obiit
1302 861 1336 922 A.
1357 865 1446 924 4530.
1464 865 1494 922 44
1515 863 1639 924 Comitis

150 975 259 1017 nomen
282 957 372 1015 habet
390 955 546 1015 h'ovatiaui
562 954 599 1013 de
618 972 675 1014 non
692 957 871 1033 recipiendis
924 955 1129 1031 Augustalis,
1161 962 1192 1015 ut
1219 954 1257 1015 ab
1288 956 1496 1035 llenniugesio
1526 957 1638 1034 aliisque

150 1052 242 1129 lapsis
264 1051 460 1126 bigamisque.
484 1050 536 1109 ilic
554 1050 717 1108 Novatiano
738 1051 869 1109 llomano
925 1056 972 1107 est
992 1055 1138 1109 notatum.
1154 1051 1250 1109 Vitam
1266 1047 1365 1125 ejusd
1381 1050 1638 1112 nobilissimol'iro

151 1146 226 1204 lavit
246 1144 395 1204 adversus
417 1144 607 1216 Cornelium,
625 1149 656 1200 et
672 1143 868 1203 Novatianum
895 1144 902 1157 ⁸
924 1141 1032 1199 iacobo
1064 1141 1255 1202 Burclthardo
1283 1141 1470 1219 jampridem
1496 1153 1640 1222 exspeca-

151 1238 255 1304 habuit
271 1236 419 1313 dogmatis
434 1238 479 1296 sui
498 1237 735 1314 approbatorem.
753 1238 869 1315 Scripta
925 1251 1012 1309 ntus,
1035 1252 1125 1312 quam
1151 1237 1287 1313 promisit
1308 1242 1393 1313 parte
1420 1236 1451 1296 2.
1473 1236 1513 1297 de
1536 1237 1639 1316 linguae

151 1340 253 1392 autam
275 1332 379 1390 Novati
403 1330 485 1389 nulla
506 1337 638 1389 exstant.
925 1329 1047 1387 Latinae
1076 1330 1144 1391 lotis
1166 1345 1233 1407 pag.
1254 1327 1322 1387 480.
1348 1335 1381 1388 44
1405 1337 1495 1407 parte
1523 1330 1552 1391 3.
1574 1333 1640 1391 ritae

191 1423 335 1483 NOVATl
356 1423 501 1483 Catholici
526 1422 671 1490 sententio
692 1425 756 1482 sive
779 1422 870 1483 homi·
922 1422 1014 1481 ilirici
1037 1423 1158 1481 liutteni
1181 1439 1247 1500 pag.
1268 1422 1314 1481 68.
1332 1427 1426 1500 atque
1449 1424 1543 1493 alibi,
1564 1433 1593 1486 et
1609 1425 1638 1486 de

153 1516 194 1576 lia
213 1515 254 1576 ad
273 1515 387 1595 fratres
407 1515 444 1574 de
466 1516 634 1575 humilitate
656 1522 687 1574 et
703 1515 869 1577 obedientia
924 1531 984 1591 quo
1012 1514 1090 1574 idem
1120 1515 1272 1592 praeclara
1299 1515 1454 1601 quaedam
1484 1523 1598 1580 monuit
1615 1524 1638 1580 iu

151 1618 182 1670 et
203 1610 345 1670 calcanda
363 1609 672 1688 superbia,occurrit
688 1612 715 1668 in
734 1611 873 1671 omnibus
926 1615 1009 1685 parte
1032 1610 1124 1685 prima
1158 1612 1237 1668 vitae
1269 1607 1407 1686 ejusdem
1438 1613 1566 1673 Hutteni
1585 1632 1635 1692 pag

153 1709 274 1766 l‘atrum
298 1704 512 1778 bibliothecis,
536 1712 568 1763 ut
590 1707 618 1762 in
641 1704 713 1762 44444.
731 1705 779 1763 lll.
799 1705 869 1763 edit.
927 1700 994 1761 448.
1017 1718 1080 1778 seq.
1103 1709 1133 1759 et
1157 1703 1184 1760 in
1215 1703 1440 1764 Commentario
1470 1705 1510 1765 de
1534 1709 1635 1768 latinae

154 1802 245 1860 Paris.
268 1799 354 1858 1575.
372 1807 407 1857 ,44
426 1801 453 1857 44
473 1805 553 1858 tomo
572 1799 605 1857 V.
619 1797 713 1876 Lugd.
735 1800 821 1859 4074.
841 1818 869 1878 p,
925 1796 1055 1871 Linguae
1079 1794 1147 1853 latis
1169 1801 1253 1872 parte
1276 1799 1303 1857 i.
1326 1814 1393 1875 pag.
1416 1799 1490 1860 334.
1515 1818 1579 1880 seq.
1597 1801 1639 1861 co

153 1893 237 1953 4084.
259 1893 367 1954 Exstat
385 1895 474 1952 etiam
494 1895 522 1951 in
542 1893 684 1952 llolstcnii
707 1893 870 1969 appendice
925 1887 1070 1947 sulendaa
1101 1896 1134 1946 et
1165 1888 1352 1948 celeberrimi
1379 1891 1463 1968 Viri,
1496 1897 1546 1954 to.
1576 1893 1639 1955 Frid.

151 1986 269 2049 Codicis
289 1986 471 2062 llegularum
494 2003 559 2063 pag.
584 1987 631 2046 78.
925 1981 1066 2055 Christii,
1082 1981 1188 2040 bootes
1205 1981 1402 2043 Academicae
1421 1986 1556 2047 Observ.
1572 1988 1640 2048 xlx.

190 2077 336 2139 Seruilios
352 2078 540 2138 4044444448
551 2079 648 2138 Vossit
662 2124 669 2154 ,
681 2081 747 2139 aliis
761 2081 871 2140 444444-
926 2092 954 2152 p.
966 2075 1034 2134 448.
1046 2092 1107 2153 seq.
1120 2077 1249 2135 Primam
1260 2074 1423 2137 editionem
1441 2079 1640 2141 ECiltliAiibl

149 2189 207 2232 nne
225 2172 271 2230 vel
295 2172 471 2242 Numanus,
488 2175 602 2232 rectius
623 2173 794 2248 Nonianus,
817 2175 870 2235 sed
926 2167 962 2227 de
982 2167 1045 2228 viia
1064 2167 1170 2230 Caroli
1184 2171 1284 2248 444944
1300 2170 1370 2231 huic
1386 2173 1544 2234 Neunariu
1564 2175 1642 2235 debe

150 2266 300 2342 antiquior
331 2281 421 2340 quam
455 2272 488 2325 ut
509 2267 527 2326 4
549 2282 597 2326 me
618 2267 721 2326 reterri
744 2267 800 2327 hoc
831 2267 872 2327 44
926 2279 1016 2337 mus,
1040 2263 1193 2341 vulgatam
1216 2280 1286 2324 eum
1304 2261 1480 2327 Annalibus
1500 2266 1642 2345 Anonymi

150 2377 185 2419 co
208 2358 334 2426 debeat,
354 2356 408 2417 4444
425 2361 505 2418 enlm
526 2363 604 2418 inter
620 2376 673 2420 eas
690 2378 766 2439 quos
784 2362 872 2439 juve·
925 2357 963 2417 ab
979 2357 1014 2417 A.
1037 2356 1106 2418 744.
1124 2357 1161 2417 ad
1180 2358 1248 2417 949,
1266 2358 1369 2418 Calon.
1388 2361 1480 2423 tant.
1501 2362 1530 2419 4.
1551 2363 1592 2422 444
1607 2363 1642 2418 in·

72 2501 76 2510 .
151 2455 197 2511 nis
212 2451 326 2513 audivit
340 2451 551 2521 Quintilianus.
570 2453 644 2514 Vide
658 2455 868 2516 casaubonum
924 2453 1038 2512 secutis
1059 2450 1240 2511 editionibus
1257 2450 1413 2511 dixi-tom.
1434 2454 1471 2512 ll.
1494 2471 1564 2533 pag.
1584 2454 1641 2513 495.

149 2544 186 2605 ad
202 2545 323 2605 Sueten.
341 2545 369 2602 in
387 2546 478 2604 Persii
491 2547 647 2624 vitam,et
660 2551 866 2609 Burmannum
923 2560 988 2622 seq.
1021 2552 1052 2604 et
1073 2546 1141 2606 593.
1164 2543 1200 2604 44
1223 2544 1390 2621 Annalibus
1412 2545 1473 2605 illis
1496 2564 1564 2625 pag.
1584 2546 1641 2605 tea.

150 2637 185 2698 ad
208 2639 353 2696 institutt.
375 2636 490 2698 Orator.
511 2641 550 2699 X.
572 2643 599 2702 4.
623 2657 687 2719 pag.
707 2642 739 2702 94
747 2642 775 2701 i.
923 2644 955 2696 44
974 2645 1045 2696 tom.
1063 2638 1110 2697 lv.
1129 2655 1195 2715 pag.
1210 2637 1278 2698 535.
1294 2639 1417 2697 Praeter
1433 2638 1517 2699 lectu
1532 2639 1642 2718 dignam

189 2731 465 2791 AOVlEb'TENSlS
502 2731 637 2794 Historia
675 2737 692 2794 4
726 2736 867 2796 blondello
925 2729 968 2790 ad
989 2729 1133 2792 Carnium
1161 2733 1189 2788 V.
1212 2728 1379 2809 Epistulam
1395 2731 1543 2810 adiuncta
1563 2737 1643 2792 etiam

147 2823 278 2902 quodam
304 2824 441 2884 Coenubii
464 2827 602 2886 44444444
625 2830 690 2888 sive
712 2828 783 2906 Apri
811 2832 870 2890 llio-
927 2824 1068 2883 44444444
1092 2821 1193 2884 brevis
1221 2824 1402 2883 narraratio
1423 2824 1461 2885 ele
1481 2826 1596 2906 44494444
1620 2827 1644 2883 tl

150 2918 270 2975 naslerii
301 2916 574 2994 (Ebersmunster)
598 2922 626 2978 44
655 2918 767 2981 Alsatia
799 2922 869 2983 Ord.
927 2914 1048 2978 sedibus
1065 2918 1253 2977 Francorum
1265 2917 1296 2975 in
1309 2916 1408 2979 Gallia
1420 2917 1642 2999 septaque

148 3009 259 3069 Bened.
282 3012 391 3086 scripta
409 3013 485 3070 cirea
505 3012 539 3071 A.
559 3014 645 3073 4435.
667 3017 870 3092 antiquiorum
930 3013 959 3068 iu
982 3010 1067 3070 editt.
1087 3011 1249 3090 liginhardi
1264 3055 1271 3083 ,
1289 3011 1391 3072 Colon.
1411 3013 1502 3075 4564.
1521 3011 1641 3074 Francol

150 3102 278 3162 subinde
293 3104 394 3165 verbis
413 3121 461 3163 res
476 3112 576 3182 gestas
590 3108 727 3167 referens
744 3117 821 3168 teste
835 3109 871 3168 A.
930 3105 980 3164 464
990 3105 1017 3164 7.
1036 3113 1067 3164 44
1084 3104 1211 3181 Trajecti
1229 3104 1374 3165 sulthen.
1390 3105 1482 3168 4744.
1502 3111 1532 3168 i.
1547 3104 1640 3168 deiude

148 3196 182 3255 C.
217 3197 436 3274 Augustiniano
467 3200 495 3256 44
525 3199 699 3261 defensione
728 3202 870 3280 Arnolphi
927 3215 1035 3258 recusa
1057 3200 1083 3268 'el
1108 3202 1198 3259 etiam
1223 3201 1251 3258 in
1274 3199 1450 3261 collectione
1471 3205 1637 3280 scriptorum

147 3291 290 3350 bavariae
298 3291 400 3365 Ducis,
414 3300 508 3369 quam
522 3292 615 3353 edidit
625 3296 769 3355 4444444444
784 3296 870 3357 47344.

147 3383 177 3441 44
200 3384 227 3442 4.
249 3401 277 3461 p.
295 3384 361 3444 453.

186 3478 312 3539 NOVUS
331 3476 524 3539 llAGlSTEll
543 3479 580 3539 de
602 3498 661 3558 quo
682 3484 726 3541 44.
750 3484 871 3543 Trithe—

148 3574 226 3654 nlius
242 3575 270 3631 in
287 3573 435 3633 Chronico
453 3570 662 3650 llirsaugiensi
676 3575 712 3634 ad
731 3576 764 3635 A.
785 3578 871 3637 4345.

148 3683 213 3742 pag.
238 3667 305 3726 449.
326 3667 397 3726 edit.
414 3666 631 3725 Ereherianae:
650 3668 782 3746 Magnus
804 3669 872 3728 liae-

148 3759 311 3816 relicornm
329 3777 473 3819 numerus
486 3758 547 3839 fnit
561 3758 591 3817 in
609 3760 758 3834 Austria,
780 3761 872 3822 liobe»

149 3849 210 3906 mia
241 3855 270 3908 et
296 3851 386 3910 terris
407 3851 521 3912 44444444.
545 3853 622 3912 Nam
644 3853 723 3914 siout
749 3853 870 3933 qnidam

149 3960 192 4000 em
217 3945 261 4002 eis
286 3945 410 4004 Viennae
433 3952 604 4020 crematas,
633 3946 749 4006 nomine
770 3950 872 4009 b‘uvus

149 4036 288 4112 llagister
319 4035 531 4113 confitebatur,
561 4039 689 4118 fuerant
718 4058 820 4099 eoram
842 4041 872 4100 in

148 4124 296 4198 dustria,
326 4127 466 4188 Bobomia
495 4137 524 4189 et
554 4133 584 4189 in
615 4130 779 4211 confinibus
801 4135 869 4212 ejas

144 4215 307 4298 piusquam
339 4221 484 4297 octoginta
516 4221 611 4281 millia
638 4228 666 4300 c)
700 4224 868 4301 bominum,

150 4327 249 4370 omnes
280 4311 311 4368 in
331 4329 397 4369 eam
417 4318 527 4372 sectam
541 4315 645 4393 jurati
669 4325 698 4377 et
715 4317 866 4399 professi,

188 4511 215 4572 4)
232 4513 397 4572 4444444444
414 4524 477 4574 cap.
494 4512 534 4561 70.
551 4514 581 4562 de
597 4518 621 4562 s.
639 4520 668 4567 lt.
685 4520 805 4570 Nauaron
824 4522 876 4581 cp·

142 4587 237 4649 priano·
250 4585 402 4649 Presbyter.

190 4661 217 4722 44)
231 4664 291 4712 Vide
303 4667 421 4712 Petraea.
432 4662 517 4713 annal.
529 4663 648 4724 Cypriani
661 4671 689 4726 A,
706 4667 754 4716 540
769 4670 791 4730 s.
803 4672 862 4719 xxi.

144 4736 257 4785 ltaiuzlus
274 4739 304 4786 ad
320 4739 436 4802 Cypriani
454 4742 535 4800 Epist.
552 4739 594 4787 49.
613 4751 674 4802 pag.
688 4739 740 4792 444.

189 4813 216 4868 4)
235 4814 261 4859 144
278 4815 402 4864 Chronico
420 4812 591 4875 iltisauglcnsl
620 4816 794 4867 trithemium
815 4818 876 4869 edit.

143 4885 284 4946 Sangalleas
302 4889 373 4944 1600.
388 4891 429 4941 iol.
447 4899 508 4944 tum.
524 4890 606 4954 ipae.
620 4889 677 4943 440.
693 4899 754 4942 4444
770 4893 871 4946 Miltia.

927 3291 1027 3351 Germ.
1052 3293 1237 3370 liervagiana
1257 3294 1335 3354 Basti
1354 3293 1512 3356 4534444.
1535 3303 1566 3356 44
1580 3308 1636 3355 444

927 3385 1096 3445 Pirlmimeri
1126 3386 1326 3465 descriptione
1352 3387 1537 3449 Germaniae
1564 3385 1634 3449 Basti.

927 3481 1014 3540 4485.
1045 3481 1072 3537 8.
1094 3482 1160 3538 len.
1186 3480 1274 3540 4684.
1296 3483 1325 3540 8.
1346 3489 1377 3540 44
1398 3484 1427 3539 in
1449 3481 1588 3542 Andreae
1604 3479 1633 3537 44

927 3573 1046 3632 Cllesnc
1069 3581 1140 3632 tom.
1163 3575 1174 3632 4
1197 3577 1377 3652 scriptorum
1395 3575 1433 3634 444
1455 3576 1633 3636 venusina

926 3683 985 3725 444.
1008 3683 1075 3743 pag.
1099 3668 1230 3728 472-445

970 3759 1073 3821 Oratio
1087 3778 1145 3839 pro
1165 3758 1274 3822 Coreto
1293 3762 1322 3821 V.
1340 3761 1436 3822 electo
1455 3765 1541 3823 llam.
1557 3764 1633 3838 impe

928 3860 1024 3912 ratore
1045 3854 1081 3914 A.
1104 3857 1191 3915 4549.
1209 3862 1239 3914 44
1256 3855 1293 3915 ad
1310 3856 1441 3916 electum
1459 3859 1568 3936 liegem
1582 3869 1632 3933 gra

928 3948 1051 4022 tulatiu,
1084 3955 1210 4025 utraque
1243 3950 1428 4010 Francolurti
1457 3953 1487 4010 in
1516 3948 1631 4011 Comitiis

926 4040 1040 4115 habita,
1058 4049 1185 4117 utraque
1200 4043 1276 4102 edita
1293 4043 1399 4124 ibidem
1420 4046 1448 4103 in
1460 4046 1490 4111 i.
1508 4061 1565 4105 una
1576 4054 1629 4100 4444

925 4132 1066 4193 Oratione
1096 4138 1273 4211 legatorum
1305 4136 1487 4198 Gallicorum
1516 4153 1566 4217 pro
1589 4145 1630 4192 sut

925 4228 1023 4303 Rege,
1045 4237 1075 4288 et
1092 4229 1193 4288 iacobi
1211 4229 1288 4288 Sobii
1300 4277 1309 4304 ,
1320 4231 1428 4308 legum
1446 4232 1577 4292 Doctoris
1591 4242 1630 4286 44·

925 4321 1092 4381 hortatione
1114 4321 1151 4381 ad
1169 4323 1307 4383 Carnium
1329 4324 1503 4402 Augustum
1519 4326 1576 4402 jam
1591 4319 1628 4379 44

968 4521 996 4583 d)
1015 4523 1053 4570 Ar
1065 4524 1117 4571 sire
1130 4523 1185 4571 Ara
1195 4557 1203 4578 ‚
1215 4524 1310 4583 aquila.
1325 4526 1385 4573 Vide
1398 4529 1436 4574 io.
1449 4527 1548 4588 Georgii
1561 4518 1631 4569 naot-

926 4599 974 4645 tcrt
993 4596 1143 4657 glossarium
1163 4599 1341 4648 Germanicum
1359 4613 1384 4661 p.
1400 4599 1441 4651 84.
1457 4613 1513 4663 seq.
1530 4605 1565 4648 ta
1580 4593 1631 4644 4444

926 4671 1030 4732 Christit
1050 4678 1135 4721 noctes
1148 4674 1264 4722 academ.
1284 4687 1308 4734 p.
1325 4674 1381 4724 448.
1397 4683 1422 4726 44
1439 4670 1631 4728 1444444444·

925 4744 1015 4805 salagii
1037 4745 1148 4807 syllogen
1166 4760 1223 4808 pag.
1244 4749 1300 4795 aaa

971 4820 996 4879 4)
1016 4821 1119 4869 Christii
1136 4830 1204 4872 noct.
1222 4825 1339 4875 academ.
1356 4838 1382 4886 p.
1395 4826 1453 4879 444.
1465 4827 1549 4877 iacobi
1566 4819 1627 4881 44444
1678 4866 1680 4879 .

923 4894 985 4944 tibi.
1000 4897 1182 4947 Eistaricorum
1195 4898 1288 4949 Gallina
1306 4913 1334 4951 44.
1348 4900 1423 4953 4450.
