3368 5362
164 187 225 252 666
742 196 747 204 “
831 190 994 253 TITUS

164 294 453 367 16666160666616
474 295 554 355 euim
581 294 725 375 Ughellus
742 300 823 356 tomo
849 296 881 357 V.
936 293 998 358 Sea
1008 292 1219 377 litaopnpnus,
1232 297 1373 379 eptbara
1383 315 1441 361 sea
1451 307 1645 366 6661616666

164 394 265 454 ltaliae
294 407 396 451 sacrae
415 408 442 468 p.
472 388 531 451 l89
551 391 648 468 ipsum
668 392 745 451 circa
774 407 800 451 a.
825 392 883 452 toa
939 391 1080 452 lnteoceas
1094 391 1228 473 Paphiae
1242 391 1378 455 lauram
1394 394 1564 459 Parnaside
1576 405 1657 478 myrto.

164 490 303 551 lloruisse
329 485 441 560 tradit,
466 494 567 546 tamon
601 487 656 547 boc
682 495 884 574 6661616661,

163 581 379 642 Vindemialem
398 598 424 641 a.
450 579 519 642 aaa.
547 581 706 642 Collationi
725 581 885 658 Episcopo·
980 580 1128 655 TOBIAS,
1144 582 1256 644 illustri
1275 584 1443 647 1616111616
1456 587 1558 649 cantia
1573 595 1643 664 natus,

165 694 231 738 rum
250 674 470 737 Catholicornm
498 691 567 736 cum
589 675 707 734 Arianis
730 672 885 753 disputan·
939 675 1002 736 ord.
1020 677 1050 737 S.
1065 674 1227 749 Benedicti,
1241 679 1468 760 cantabrigiae
1485 682 1640 742 Graecanot

166 774 240 832 tium
259 769 440 830 interfuisse.
461 768 534 830 Vide
553 767 785 847 Papebrocbium
806 775 886 828 tomo
940 774 1073 833 Latinam
1105 771 1240 849 linguam
1267 770 1403 850 docuit,
1423 784 1494 852 post
1512 777 1641 854 Episcopus

165 865 200 925 ll.
217 862 298 924 lunii
317 879 382 940 pag,
403 859 469 923 160.
482 861 609 941 Scripsit
629 860 723 923 Vitono
738 859 888 922 Florentii
939 867 1086 929 1161166616
1103 866 1159 926 1611
1174 869 1255 926 61666
1283 885 1312 928 6.
1332 869 1409 929 726.
1428 871 1554 947 Scripsit
1573 869 1640 931 Houi

165 964 194 1022 et
213 953 415 1030 vindemialis,
433 957 650 1035 Episcopormn
668 973 705 1018 ex
723 957 821 1017 Africa
835 975 886 1036 per
941 960 1064 1023 liarium
1081 968 1111 1020 61
1130 959 1286 1040 Epistolaa
1301 961 1348 1024 ad
1362 962 1514 1026 diversos.
1530 965 1639 1026 Lelaadoo

164 1053 346 1116 Hauericum
375 1052 560 1129 ejectorum,
587 1067 664 1128 qaae
696 1049 824 1110 habetur
856 1054 885 1112 ia
940 1074 965 1117 c.
985 1054 1216 1115 6666166661.
1238 1057 1289 1116 96.
1310 1050 1547 1122 Ρ116666691.

164 1148 250 1210 Actis
270 1147 447 1207 Sanctorum
468 1152 548 1205 tomo
567 1143 805 1223 1116116670.
981 1149 1152 1212 *Tomos
1180 1149 1368 1214 Veronensis
1404 1154 1582 1232 sigismundi
1602 1156 1639 1213 llo·

206 1241 320 1304 TITUS
344 1237 584 1317 CASTlllTlUS‚
613 1239 723 1299 ltheoor
741 1239 833 1300 seculi
851 1242 885 1301 ll.
941 1241 1066 1304 latestae
1081 1245 1177 1320 Poeta,
1190 1242 1319 1304 Guarinl
1339 1247 1530 1308 Veronensis
1545 1248 1638 1325 discipu

166 1333 800 1412 666666166666116661616666610.
942 1337 990 1397 166
1013 1344 1045 1397 61
1068 1335 1132 1415 lego
1154 1339 1182 1396 in
1206 1339 1402 1418 Panegyrico
1425 1341 1637 1402 Guarinialom
1674 1340 1676 1355 '

207 1429 286 1508 (331)
316 1430 425 1488 666166
452 1427 561 1487 llhetor
584 1445 629 1489 sm
655 1428 798 1506 temporis
815 1444 886 1506 praa
942 1431 1637 1512 Pannoniocarmineadstrictamatiouesoripto

170 1524 317 1596 stantior,
336 1522 382 1579 vir
398 1522 500 1600 gravis
525 1523 599 1601 lmp.
623 1519 753 1582 Adriano
777 1520 888 1583 charus

166 1624 198 1677 et
217 1634 306 1694 quem
327 1633 379 1695 per
396 1615 485 1677 verba
499 1617 533 1678 Α.
553 1615 656 1693 661111,
670 1615 807 1696 discipali
823 1616 886 1692 sni,

168 1727 225 1770 non
241 1718 343 1770 autem
363 1711 492 1788 scripta,
512 1712 664 1772 novimus.
942 1708 1067 1786 Scripsit
1080 1707 1116 1767 de
1130 1709 1221 1770 rebus
1232 1714 1331 1788 gestis
1344 1728 1363 1773 a
1377 1714 1565 1792 sigismundo
1578 1712 1636 1773 llole

208 1801 323 1865 Tl'l'US
341 1804 478 1880 tlleS,
505 1803 740 1885 Porojuloensis,
768 1805 834 1865 aliis
851 1801 887 1864 de
943 1805 1636 1885 166166666066161661661666666666666

167 1895 438 1974 Poetovionem
451 1916 555 1959 verum
576 1918 685 1960 nomen
704 1898 887 1973 61661660-
942 1913 1009 1956 esse
1031 1914 1068 1955 ex
1090 1896 1216 1956 aliorum
1238 1898 1391 1959 relatione
1409 1901 1468 1961 sibi
1488 1908 1635 1979 compertuu

166 1999 260 2068 ctum,
278 1996 426 2069 gratiosus
445 1994 499 2054 luit
518 1994 687 2068 Humlrcdo,
704 1994 886 2054 Glocestriae
943 1991 1045 2050 scribit
1069 1992 1246 2053 Franciscus
1260 1994 1418 2056 Barbarus
1441 1996 1473 2056 iu
1493 1992 1634 2074 Epistol

169 2087 251 2156 llum,
265 2087 345 2146 tratri
364 2089 480 2147 ilenrici
499 2088 533 2148 V.
551 2089 678 2166 Scripsit
698 2087 795 2150 Vitam
810 2091 888 2149 1166-
943 2085 1104 2146 Phoebum.
1128 2087 1221 2145 lluius
1242 2090 1348 2164 operis
1371 2093 1635 2160 meminitneno,ne

168 2178 228 2240 rici
243 2181 272 2240 V.
297 2180 383 2258 llepo's
400 2180 539 2259 Aoopliae,
564 2201 655 2261 quarn
682 2201 751 2244 cum
770 2184 836 2244 aliis
851 2199 886 2242 eo
940 2180 987 2240 Cl.
1008 2179 1129 2258 quidem
1152 2181 1250 2260 Scipio
1272 2183 1414 2244 Maffeius
1437 2187 1467 2245 16
1482 2201 1534 2246 666
1552 2183 1633 2244 Veron

168 2276 390 2352 pertinentibus
407 2275 500 2336 edidit
518 2276 648 2337 Thomas
663 2276 793 2354 liceras,
808 2279 888 2339 Oro·
944 2272 1148 2354 Illustratop.
1175 2277 1206 2338 2.
1239 2276 1290 2337 nbi
1313 2277 1354 2337 66
1387 2278 1483 2340 Tabia
1513 2281 1540 2339 iu
1567 2277 1634 2338 classe

169 2371 235 2431 niac
254 2370 344 2442 1716,
361 2367 389 2428 8.
408 2368 492 2431 Adde
520 2371 658 2432 Giornale
686 2371 731 2431 de'
745 2374 887 2433 letterati
940 2378 1094 2449 poetarum
1115 2373 1298 2433 Latinorum.
1316 2374 1463 2435 Eundem
1480 2373 1563 2437 credo
1575 2371 1633 2433 lobi

168 2468 291 2530 d’ltalia
326 2475 407 2527 tomo
440 2467 576 2528 XXVlll.
608 2485 636 2545 p.
666 2465 735 2527 toa.
767 2468 814 2528 Ex
842 2468 889 2528 bis
942 2468 1078 2545 aBurgo
1100 2470 1187 2529 cuius
1208 2469 1382 2546 Epistolam
1400 2469 1439 2531 ad
1470 2464 1634 2531 lsottomllo

168 2563 356 2626 emendanda
375 2569 462 2637 sunt,
476 2580 553 2640 quae
572 2562 724 2623 Fabricius
741 2579 833 2641 snpra
850 2562 888 2624 de
943 2562 1076 2638 garciam
1101 2565 1180 2624 1611.
1200 2564 1229 2624 S.
1248 2563 1319 2625 Cod.
1339 2569 1462 2628 servari
1481 2571 1522 2628 ait
1538 2564 1635 2628 11611616

168 2660 885 2741 66161666666666666666661Τ.1166661160.
944 2656 1011 2717 obid.
1037 2660 1110 2719 Eius
1132 2661 1241 2738 pariter
1277 2667 1327 2721 est
1359 2664 1460 2722 oratio
1480 2663 1517 2724 ad
1549 2660 1633 2722 Pronn-

168 2757 281 2833 reliqua
299 2757 375 2816 beno
393 2753 562 2815 66666661.
866 2746 870 2756 ’
942 2769 1028 2814 scum
1061 2754 1226 2816 Barbarum
1261 2756 1475 2817 veronensem
1502 2755 1633 2816 Praetorio

209 2849 322 2911 TlTUS
354 2851 555 2930 Vespasianus
577 2850 756 2921 86666166,
784 2853 888 2912 Ferro·
943 2866 1033 2927 quam
1066 2866 1104 2908 ex
1127 2851 1292 2912 Veronensi
1315 2853 1391 2914 Cod.
1427 2853 1508 2915 idem
1539 2856 1634 2917 lladeius

169 2947 286 3016 riensis,
303 2946 383 3004 eoos·
400 2954 430 3005 et
444 2948 536 3007 armis
553 2964 579 3006 a.
594 2948 670 3007 1170
684 2947 799 3007 claruit.
813 2944 889 3006 ller·
943 2943 1045 3005 laudat
1065 2946 1191 3022 eiusque
1212 2952 1358 3024 excerpta
1381 2947 1435 3009 dat
1458 2951 1554 3011 Emin.
1574 2946 1634 3009 cut

168 3043 251 3103 cules
268 3044 407 3103 Estensis
434 3043 584 3101 Ferraolae
602 3041 731 3101 Marcbin
749 3059 782 3100 eu
803 3044 887 3101 Prae·
943 3039 1086 3109 Quirinus
1109 3041 1136 3096 in
1150 3035 1291 3099 Diatriba
1300 3040 1526 3118 praeliminari
1540 3044 1576 3104 ud
1588 3040 1633 3121 Ppi

167 3146 287 3217 ceptore
307 3154 380 3198 usus
399 3144 454 3210 est,
473 3144 504 3196 et
522 3137 709 3197 Professores
727 3136 885 3196 literarum
942 3131 1036 3194 oratos
1053 3129 1195 3193 Barbari.
1219 3135 1264 3194 lix
1290 3135 1351 3195 alio
1373 3139 1488 3200 Codice.
1508 3143 1562 3202 ills
1583 3135 1634 3216 apul

168 3233 251 3293 illum
271 3232 355 3291 velut
379 3233 580 3292 Maecenatem
600 3237 814 3308 suspexerunt.
832 3232 888 3291 Va·
943 3227 1084 3288 cumdem
1099 3229 1244 3289 1116061616
1265 3231 1421 3294 rescimus
1447 3251 1564 3296 carmen
1578 3235 1635 3295 obn

168 3330 227 3390 rios
246 3325 422 3389 Caeninum
444 3326 620 3387 Laliororum
638 3324 727 3385 libros
749 3323 886 3402 scripsit:
943 3323 1633 3400 66661616661116166166116666;666166166

166 3423 320 3482 llarcbesii
345 3427 540 3482 monumenta
570 3422 701 3482 virorum
726 3420 886 3481 illustrium
944 3416 1009 3476 libri
1027 3423 1087 3475 1666
1099 3416 1271 3493 Eleglarum
1295 3423 1326 3480 16
1344 3421 1471 3486 laudern
1488 3423 1636 3486 lsottaelri

163 3516 275 3578 Galliae
295 3523 411 3595 togatae
431 3534 457 3594 p.
476 3516 544 3577 101.
946 3514 1104 3590 minensis,
1122 3530 1198 3590 quos
1210 3517 1293 3593 typis
1307 3517 1411 3578 editos
1428 3521 1548 3581 Parisiis
1560 3516 1636 3581 assa

209 3614 226 3650 ⁸
257 3611 339 3674 Titus
367 3612 566 3693 Vespasianus
587 3609 723 3673 Strozias
745 3627 802 3670 666
819 3607 890 3670 Per·
946 3609 1023 3670 idem
1042 3611 1184 3686 11606166,
1200 3609 1253 3670 666
1272 3617 1304 3670 61
1327 3615 1429 3675 multo
1444 3619 1586 3678 auctiores
1596 3627 1637 3672 ser·

169 3709 311 3771 rariensls
334 3717 367 3769 nt
388 3726 441 3786 per
463 3722 593 3767 errorem
618 3705 676 3778 616,
698 3703 750 3764 sed
770 3705 891 3764 Floren-
945 3707 1009 3767 vari
1038 3708 1066 3764 in
1093 3705 1164 3768 Cod.
1192 3705 1361 3767 Veronensi
1388 3709 1543 3785 affirmat,
1557 3712 1581 3768 iu
1598 3717 1636 3782 qao

169 3807 250 3864 tinus
273 3806 468 3882 compariter
490 3804 568 3862 inter
594 3800 783 3860 Florentinos
810 3800 891 3858 viros
946 3801 1057 3878 pariter
1083 3800 1191 3860 Tobiae
1226 3807 1333 3878 poetae
1358 3803 1635 3867 Veronensisnoaeo

169 3898 273 3959 doctos
291 3905 484 3958 recenseatur
498 3896 661 3958 abdurello
675 3896 890 3955 llarturanensi
948 3896 1064 3972 legitur,
1076 3911 1146 3957 cum
1165 3896 1193 3953 iro
1211 3894 1301 3955 editis
1317 3897 1442 3961 nullum
1462 3910 1544 3962 extet
1558 3912 1635 3961 nonen

168 3995 312 4071 Episcopo
324 3994 352 4053 in
365 3995 499 4052 oratioue
511 3991 640 4051 Funebri
653 3992 681 4051 in
694 3990 890 4051 Laurentium
946 3990 1141 4067 adscriptum.
1160 3990 1244 4050 11666
1262 3989 1398 4070 denique
1413 4012 1487 4057 esse
1497 3994 1636 4058 censeolo

167 4085 311 4146 Medicam
334 4086 452 4163 Neapoli
490 4085 610 4150 habita:
632 4085 707 4146 haec
739 4085 818 4145 enim
843 4085 890 4144 ille
948 4084 1035 4154 biom,
1057 4101 1148 4163 quem
1170 4084 1277 4145 Nestor
1295 4088 1468 4168 Dionysius
1483 4086 1635 4153 Novariousio

165 4195 260 4259 agens
281 4178 318 4238 66
341 4181 413 4238 61616
447 4178 546 4239 doctis
566 4180 765 4241 Florentinis:
792 4178 886 4241 Titum
948 4181 975 4237 16
998 4195 1053 4240 666
1075 4178 1264 4241 Vocabnlista
1286 4182 1371 4244 inter
1401 4180 1635 4266 scriptoremque

165 4269 664 4353 816666166166661666616616916
685 4271 796 4334 Tibullo
814 4275 888 4333 Pro·
945 4273 1003 4335 bus
1024 4274 1086 4351 ipse
1110 4290 1184 4337 usus
1204 4281 1268 4350 est,
1291 4283 1323 4336 et
1346 4293 1442 4358 saepo
1465 4282 1495 4341 in
1516 4294 1591 4360 opere
1604 4272 1633 4332 illo

161 4368 319 4449 pertinace
331 4384 446 4450 parem.
465 4370 659 4446 Praeceptore
681 4367 814 4429 6666166
833 4370 888 4431 Vc·
944 4366 1137 4446 emendavit,
1159 4376 1311 4431 accenset.

166 4467 286 4526 rocensi
307 4481 395 4527 usum
417 4466 467 4540 611,
487 4462 639 4540 simulque
656 4465 723 4523 eins
736 4464 764 4522 in
782 4466 888 4524 carmi-
981 4462 1190 4539 bonactus,
1205 4463 1344 4527 Balduiui
1365 4477 1563 4546 cognomento
1577 4467 1631 4527 aa

169 4560 258 4621 nibus
279 4561 458 4639 elegantiam
481 4557 612 4618 celebrat
630 4558 719 4618 lanus
742 4559 888 4620 Pannoni·
941 4559 1012 4631 1661,
1031 4556 1186 4618 Flaudriaa
1213 4565 1245 4618 ct
1264 4557 1451 4625 1166666166
1469 4559 1629 4626 comitisse

169 4672 225 4717 cus
248 4656 275 4714 in
299 4656 481 4733 Panegyrico
512 4650 646 4713 eiusdem
677 4652 799 4713 Guarini
829 4654 887 4716 hoc
939 4653 1099 4724 666166166,
1118 4654 1237 4730 scripsit
1252 4654 1427 4718 Historiam
1449 4648 1626 4720 ilasnoniao'o

166 4756 251 4812 terno
272 4751 414 4811 carmine.
939 4744 1126 4822 monasterii,
1143 4745 1206 4806 ord.
1225 4747 1257 4808 S.
1281 4749 1441 4812 Benedicti
1465 4752 1500 4814 66
1527 4746 1625 4821 scapio

939 4840 1065 4903 lluvium
1082 4843 1113 4900 16
1124 4840 1253 4903 61666661
1270 4841 1476 4921 atrebatensi,
1488 4840 1623 4906 onoltoioo

164 4937 225 5003 Sed
240 4936 321 5018 Titus
335 4938 392 5002 iac
407 4936 472 5022 opta
487 4935 570 5018 torpe
585 4934 738 5019 persaoior
754 4934 836 5000 6666
938 4934 1057 5000 laudato
1082 4952 1111 4999 a.
1131 4934 1209 5001 1070
1234 4935 1365 5001 fundati.
1381 4939 1491 5003 Exstat
1506 4939 1534 4999 16
1556 4931 1620 4997 611·

978 1574 1053 1635 Hinc
1069 1573 1242 1654 Aponopaeo
1264 1572 1380 1637 Tobiae
1390 1575 1477 1658 sonte
1492 1578 1592 1658 6196116
