3630 5422
532 241 597 306 ba
631 241 917 306 PRINCIPIS
948 239 1199 305 ostiolis
1545 243 1604 308 655

119 359 171 438 qui
192 373 257 418 eam
272 357 309 418 ob
323 369 442 418 causam
461 355 732 415 controversiarum
748 368 832 428 prae·
889 352 993 412 rationi
1011 369 1129 431 parero;
1144 371 1160 415 a
1178 353 1288 432 quihus
1302 354 1327 414 si
1342 369 1376 414 se
1392 352 1471 415 vinei
1494 357 1603 432 permi-

119 453 189 529 mIa,
209 467 285 530 quas
307 450 473 511 tricesimas
495 449 650 523 vocabant,
679 445 831 525 judicibus
888 445 979 520 seritq
997 445 1069 507 nihil
1091 449 1156 522 erit,
1176 446 1214 508 de
1236 465 1295 526 quo
1317 448 1412 508 victor
1432 446 1552 510 evadat.
1573 447 1605 508 Si

118 547 252 620 sustulit,
273 551 304 606 et
325 546 440 624 proprio
461 559 529 605 aere
556 543 673 602 solvero
707 541 832 615 maluit,
889 555 959 600 vero
972 540 1182 604 immoderatos
1193 543 1343 622 appetitus
1353 557 1424 603 suos
1435 550 1605 621 prostrave-

117 655 210 718 quam
231 645 439 718 corruptorum
468 637 646 720 judiciorum
681 635 832 696 lninmiam
889 634 1374 715 rit,iaoilereliquissuperiorem
1393 636 1605 715 sepraebebit.

117 734 279 794 sustinere.
865 726 1014 799 -Quando
1034 736 1134 792 autem
1157 733 1186 792 iu
1209 729 1299 793 rebus
1329 729 1515 792 subditorum
1546 731 1606 792 ali-

159 827 218 889 Sed
239 825 275 888 ad
297 825 538 888 conservandum
560 826 693 903 justitiae
711 840 831 897 munus,
889 819 959 899 quid
980 826 1189 902 conspexerit,
1210 825 1287 904 quod
1311 822 1377 902 ejas
1391 825 1524 887 animum
1541 842 1602 887 mo-

118 923 191 984 nihii
213 937 308 1000 aeque
325 922 424 982 valere
444 919 609 1000 putandum
627 925 686 990 est,
702 934 791 997 quam
808 919 832 976 sl
890 921 960 976 veat
980 918 989 992 l
1001 917 1144 978 nonnulla
1165 921 1245 979 enim
1267 934 1335 979 esee
1358 919 1523 997 possunt),
1552 926 1604 982 aut

118 1020 154 1090 is,
177 1017 226 1094 qui
249 1022 382 1076 caetero-i
402 1017 555 1074 continere
584 1015 667 1086 velit,
699 1015 830 1090 seipsum
890 1025 948 1069 non
972 1017 1071 1090 petat,
1093 1017 1146 1074 eut
1168 1013 1194 1072 si
1226 1012 1355 1091 petierit,
1387 1015 1474 1091 longe
1506 1016 1604 1091 majus

118 1113 290 1172 contineat:
314 1112 472 1170 nonenim
495 1117 575 1170 recte
595 1115 729 1169 caeteros
754 1122 833 1166 com·
887 1103 1004 1182 aliquod
1027 1123 1138 1170 munus
1158 1114 1261 1168 eontra
1284 1114 1387 1186 paret3
1409 1107 1455 1168 vel
1473 1110 1602 1185 pretium

117 1209 236 1286 primet,
258 1205 307 1283 qui
330 1207 393 1284 ipse
415 1205 507 1265 irenis
533 1203 653 1280 indiget.
684 1202 830 1274 Quoniam
887 1204 1004 1261 tantum
1026 1207 1136 1280 eroget,
1159 1209 1192 1265 ut
1213 1219 1271 1263 non
1288 1203 1361 1264 lucri
1378 1201 1532 1272 aviditate.
1548 1203 1601 1265 sed

117 1317 190 1381 ergo
210 1301 333 1380 principi
354 1299 418 1360 dies
438 1316 454 1362 a
476 1299 603 1361 subditis
625 1297 681 1358 dici
704 1313 762 1357 non
781 1313 832 1375 po·
889 1298 942 1355 aut
965 1293 1172 1370 delectatione,
1203 1305 1258 1359 aut
1289 1299 1469 1359 necessitate
1500 1298 1537 1360 ad
1573 1296 1601 1358 id

118 1403 190 1472 test,
227 1397 354 1474 ipsamet
384 1393 422 1456 de
455 1410 488 1455 se
516 1393 662 1472 iudicium
698 1398 833 1464 statuat,·
887 1388 1082 1466 flagitandum
1103 1388 1248 1452 Inductus
1271 1392 1416 1454 viaeatur.

119 1489 199 1569 quod
222 1491 278 1549 nisi
301 1490 414 1561 lecerit,
436 1503 494 1549 uon
509 1503 599 1550 secus
613 1487 678 1549 aliia
694 1501 833 1548 coercen-
928 1484 1053 1545 Maxima
1075 1501 1148 1546 vero
1169 1485 1345 1566 protegendi
1363 1493 1435 1548 sunt
1451 1488 1604 1551 tenuiores

119 1584 167 1646 dis
187 1583 296 1644 trustra
310 1582 463 1657 laborabit,
479 1599 569 1661 quam
591 1584 616 1642 si
634 1583 702 1662 quis
717 1579 832 1642 curvati
888 1576 1065 1656 viduaequo,
1086 1584 1117 1640 et
1138 1580 1257 1659 pupilli,
1280 1597 1317 1641 ne
1340 1581 1378 1641 ab
1399 1582 1547 1660 inopiam,
1569 1599 1605 1645 ac
1719 1568 1721 1579 '

119 1678 192 1757 ligni
215 1677 349 1738 umbram
371 1678 484 1756 erigere
512 1675 602 1737 velit:
635 1677 732 1752 ipsum
763 1689 834 1734 vero
888 1669 1080 1733 solitudinem
1109 1687 1194 1734 suain
1225 1677 1386 1753 patrocinio
1417 1674 1554 1740 destituti
1586 1695 1602 1739 a

118 1772 243 1850 iignum,
269 1787 306 1831 ex
338 1783 397 1849 quo
429 1768 533 1831 umbra
564 1769 682 1851 jacitur.
713 1784 833 1829 movere
887 1765 1102 1842 potentioribus
1130 1767 1229 1846 (quod
1259 1769 1319 1830 lare
1341 1769 1475 1832 accidere
1507 1771 1603 1848 soleti

118 1865 262 1943 negligat.
283 1865 358 1926 Cum
380 1869 480 1925 autem
503 1865 531 1924 in
553 1865 686 1941 seipsum
708 1877 833 1924 severus
887 1860 1102 1937 opprimantur,
1122 1868 1214 1940 atque
1235 1870 1407 1925 vexentur:
1442 1879 1519 1926 neve
1551 1866 1606 1926 mi·

120 1959 265 2031 extiterit,
286 1957 370 2018 laoile
400 1957 523 2035 reliquis
554 1957 729 2035 imperablt:
752 1973 833 2037 praa·
889 1968 977 2013 noves
998 1954 1053 2033 lul
1072 1955 1177 2032 ajunt)
1199 1957 1298 2035 pisces
1319 1973 1335 2018 a
1360 1957 1524 2035 majoribus
1554 1958 1605 2020 de·

120 2052 233 2127 sertim,
253 2052 322 2129 quia
343 2067 378 2111 ea
399 2054 504 2112 natura
537 2049 736 2111 multitudinis
766 2055 833 2120 ast,
889 2054 1041 2110 vorentur.
1062 2048 1180 2110 Nobiles
1201 2049 1291 2122 enim,
1312 2067 1346 2111 ac
1368 2051 1532 2131 locupletes
1559 2070 1605 2114 re·

123 2151 157 2206 ιιι
177 2143 213 2204 ad
233 2145 374 2222 principis
395 2159 493 2204 mores
515 2158 582 2204 sesa
603 2143 776 2204 conformet.
795 2144 833 2202 Et
888 2139 945 2201 bus
966 2143 1031 2202 suis
1051 2143 1166 2220 propria
1188 2159 1243 2222 ope
1266 2143 1403 2205 laelliime
1430 2145 1604 2208 consulunt.

122 2237 260 2316 prolecto,
280 2237 305 2296 si
327 2234 484 2312 diligenter
503 2252 573 2297 cum
601 2237 700 2296 animo
731 2242 833 2296 nostro
927 2234 1074 2298 Omnibus
1096 2238 1124 2296 io
1147 2235 1228 2312 locis,
1251 2235 1299 2298 ubi
1332 2239 1489 2317 praecipua
1522 2240 1604 2318 viget

119 2337 256 2409 reputare
278 2329 471 2402 voluerimus,
493 2339 611 2408 praeter
632 2330 832 2390 bonasactio-
888 2325 1068 2404 humanitas,
1090 2348 1124 2392 ea
1145 2330 1332 2393 consuetudo
1352 2341 1410 2407 esi,
1433 2351 1524 2412 quarn
1552 2335 1604 2396 tibi
1717 2398 1719 2408 ,
1805 2381 1806 2406 ,

119 2439 184 2498 nes,
207 2424 277 2484 nihii
301 2426 329 2483 in
352 2424 407 2485 hac
428 2426 488 2484 vita
508 2425 701 2501 reperiemus,
718 2439 755 2484 ex
773 2438 833 2500 quo
888 2439 1006 2502 quoque
1021 2419 1135 2503 probari
1149 2428 1255 2506 cupi03
1273 2434 1306 2487 ut
1325 2429 1514 2505 praestitntIs
1532 2445 1605 2489 non·

119 2533 222 2579 veram
245 2519 439 2596 voluptatem,
472 2517 663 2596 lruciumque
693 2518 833 2595 percipia-
888 2516 978 2577 nullis
997 2517 1104 2580 diebus
1134 2519 1242 2598 aliquis
1274 2521 1303 2581 in
1335 2537 1454 2582 carcero
1486 2523 1604 2583 vinctos

123 2627 212 2672 mus:
232 2628 301 2672 narn
321 2627 391 2673 curn
414 2612 635 2674 benelacterum
670 2609 832 2671 recordatio
889 2609 1009 2678 invisat,
1030 2629 1194 2691 eorumque
1215 2630 1337 2675 oausam
1357 2615 1541 2693 principibus
1559 2632 1606 2676 re·

120 2705 337 2782 iocundissima
359 2707 416 2776 ait;
437 2713 502 2767 tum
526 2721 596 2766 vero
617 2703 745 2778 laudem,
770 2704 834 2764 erri-
888 2706 1024 2767 uuntiet:
1047 2714 1081 2768 ut
1101 2708 1126 2768 si
1158 2709 1208 2786 qui
1240 2709 1277 2768 ob
1308 2725 1359 2769 aes
1386 2709 1543 2784 alienum,
1573 2715 1605 2770 et

121 2801 372 2879 stimatonemque
390 2799 446 2863 bac
463 2801 524 2880 ipsa
543 2801 655 2860 ratione
669 2813 833 2876 conseque·
887 2797 1017 2876 inopiam
1040 2802 1106 2862 nexi
1131 2802 1249 2877 luerint,
1271 2819 1375 2864 eorum
1397 2803 1486 2863 saluti
1505 2801 1601 2881 legiti-

121 2909 207 2955 mur:
228 2909 357 2972 cumque
376 2911 415 2955 en
435 2896 585 2975 corporeis
605 2893 733 2953 vinculis
759 2892 832 2952 libe·
887 2907 934 2951 ma
957 2895 1004 2953 via
1025 2895 1218 2970 consulatur;
1240 2903 1274 2958 ut
1307 2896 1436 2957 vinculis
1469 2896 1602 2974 exempti

122 2989 176 3050 rati
200 2988 269 3050 liinc
288 2987 497 3062 diseedemns;
518 2987 553 3049 ad
576 3005 627 3049 eas
658 2990 756 3061 sedes,
784 2984 833 3064 ju·
886 2983 922 3046 ad
945 2995 1090 3064 quaestus
1111 3005 1182 3051 suos
1203 2990 1320 3067 abeant,
1341 2996 1372 3050 et
1393 3005 1491 3052 sassa
1510 2989 1606 3052 credi·

122 3084 202 3145 stitia
223 3082 318 3158 duce,
342 3084 543 3162 migrabimus,
565 3083 594 3141 ln
616 3081 726 3160 quibus
758 3093 832 3140 aevo
886 3082 1001 3144 toribus
1022 3082 1179 3146 redimant.
1202 3085 1232 3146 Si
1253 3087 1304 3164 qui
1327 3101 1397 3146 vero
1418 3087 1481 3146 sint
1495 3085 1605 3163 capita·

123 3178 257 3240 truamur
277 3179 475 3256 sempiterno:
498 3176 544 3238 bis
561 3177 651 3250 enim,
668 3176 719 3254 qui
733 3171 832 3251 justos
888 3174 967 3237 libus
995 3179 1099 3256 paenis
1130 3177 1258 3255 obnoxii,
1289 3177 1450 3258 aliquando
1483 3177 1604 3239 tandem

123 3286 155 3333 se
176 3270 378 3351 praebuerint,
394 3287 439 3347 ea,
454 3287 530 3348 quae
547 3269 688 3340 diximus,
704 3268 833 3348 praemia
888 3269 956 3332 inde
971 3271 1007 3332 ad
1021 3273 1202 3353 supplicium
1224 3279 1418 3351 promantur:
1437 3287 1505 3334 narn
1525 3287 1605 3334 mors

124 3365 153 3424 in
176 3371 302 3443 utraque
324 3365 384 3424 vita
406 3365 554 3443 proposita
575 3379 643 3425 esse
664 3377 752 3422 nemo
778 3360 831 3422 du·
887 3365 1024 3426 celeriter
1045 3367 1171 3446 irrogata
1200 3365 1335 3429 beneficii
1367 3367 1431 3430 ioco
1462 3381 1605 3447 persaepe

123 3458 273 3520 bitaverit.
294 3459 349 3531 Qui
372 3475 444 3518 vero
464 3473 531 3520 sese
553 3459 633 3518 vitiis
657 3455 833 3532 addixerint,
888 3458 989 3520 haberi
1007 3461 1092 3522 solet.

123 3558 153 3614 et
168 3551 288 3630 iniustis
301 3552 480 3614 facinoribus
498 3552 736 3630 inquinaverini3
752 3565 834 3628 prae·
928 3553 1109 3616 instituendi
1131 3561 1203 3617 sunt
1224 3557 1324 3633 etiam,
1346 3557 1396 3635 qui
1418 3571 1603 3636 egenorum,

125 3646 340 3726 torquemquod
355 3649 507 3726 perpetuis
520 3647 718 3707 conscientiae
735 3643 834 3722 usgei—
888 3647 1190 3729 calamitosorumque
1212 3653 1411 3730 patrocinium
1430 3651 1604 3730 suscipiant,

127 3740 163 3804 lis
177 3741 381 3818 verberantuq
397 3743 485 3802 etiarn
502 3757 572 3802 oum
586 3755 603 3799 e
619 3741 680 3800 vita
697 3753 834 3799 excessa-
888 3746 919 3802 et
939 3758 1042 3803 eorum
1063 3760 1166 3807 curam
1182 3751 1291 3825 agant:
1316 3745 1395 3823 iique
1410 3745 1548 3823 quotiens
1565 3741 1603 3806 ad

125 3837 193 3910 rint,
209 3837 245 3896 iis
261 3837 317 3896 erit
331 3837 481 3897 seclusum
498 3836 553 3896 iter
569 3851 585 3895 a
600 3823 721 3894 concilio
736 3832 834 3893 beato·
889 3840 919 3895 ts
939 3840 1133 3914 accesserint,-
1152 3838 1279 3918 benigna
1301 3837 1451 3909 audiendi,
1472 3844 1504 3897 et
1521 3836 1604 3897 omni

126 3943 203 3998 rum,
217 3930 246 3990 io
260 3945 295 3989 eo
312 3928 383 4001 ioca,
406 3928 454 3990 ubi
473 3929 576 4007 paenis
591 3928 764 3988 crucIontur
787 3943 835 3985 ue·
890 3930 990 3991 lavore
1011 3931 1219 4011 prosequendi,
1240 3950 1275 3994 ac
1292 3932 1429 3993 celeriter
1446 3931 1606 4011 expedien-

124 4025 227 4085 ternis.
245 4025 284 4086 Et
297 4024 375 4084 cerie
392 4025 441 4102 qui
452 4023 600 4103 justitiam
611 4023 834 4100 contempserit,
889 4024 918 4085 di
939 4033 1038 4086 eruut.
1056 4024 1088 4086 Id
1103 4027 1184 4087 enirn
1201 4043 1269 4087 cum
1285 4028 1346 4087 Deo
1361 4027 1605 4106 accepIIsaimum

125 4120 245 4197 tyranni
266 4133 373 4180 nornen
394 4119 534 4193 obtineat,
553 4133 675 4178 necesse
692 4122 748 4176 est.
889 4119 945 4195 sit3
968 4127 1033 4181 tum
1052 4137 1122 4181 vero
1139 4119 1176 4181 ad
1194 4118 1380 4181 alliciendam
1402 4120 1604 4183 multitudinis

185 4214 287 4292 Neque
317 4227 396 4274 enim
429 4211 517 4274 debet
551 4209 653 4288 iustus
683 4212 745 4270 ilex
783 4217 835 4272 aut
890 4213 1128 4275 benevolentiam
1150 4214 1311 4294 plurimum
1331 4213 1453 4294 prodest
1464 4233 1475 4289 ,·
1498 4231 1553 4276 nec
1568 4215 1605 4276 ti·

126 4323 252 4383 uxores,
282 4314 335 4368 aut
366 4306 491 4384 liberos,
512 4313 564 4369 aut
596 4307 650 4366 alia
681 4305 757 4366 bona
794 4307 835 4364 ci·
890 4307 917 4368 bi
939 4308 1062 4369 dubium
1084 4325 1151 4369 esse
1172 4308 1261 4370 debet
1288 4309 1394 4388 injuria
1426 4311 1537 4370 muitoa
1575 4311 1604 4369 in

125 4401 208 4464 vium
245 4403 473 4479 conscupisoere3
512 4408 601 4479 atque
625 4398 697 4460 adeo
718 4401 742 4459 ai
764 4414 835 4459 con·
888 4401 1056 4462 civitatibes
1077 4403 1163 4478 affici,
1185 4405 1254 4484 quia
1284 4405 1331 4464 vel
1364 4404 1483 4482 inopia,
1514 4409 1606 4481 atque

125 4498 289 4578 cupiscenti
320 4511 378 4556 non
409 4495 630 4570 concedantur,
666 4495 719 4555 sibi
759 4494 834 4572 ipsi,
890 4494 1110 4572 imbecillitate,
1133 4497 1179 4558 vel
1213 4499 1329 4560 insolita
1361 4513 1484 4560 cauam
1516 4513 1602 4560 suam

125 4595 176 4674 qui
196 4595 290 4654 aliena
318 4593 550 4670 intemperanter
566 4592 752 4669 appetiverit,
774 4607 835 4651 ma·
891 4592 979 4652 tutari
1001 4607 1059 4652 non
1082 4599 1253 4671 potuerunt.

127 4692 173 4770 gis
202 4690 288 4750 irasci
319 4686 427 4764 debet,
458 4703 547 4765 quem
575 4701 629 4748 sua
654 4684 783 4759 fortiter,
804 4691 835 4744 et
929 4685 1186 4757 Quemadmodum
1208 4694 1309 4748 autem
1329 4685 1540 4764 jurisdicendi
1559 4695 1603 4748 te·

126 4783 273 4846 obstinate
294 4789 392 4843 tutare
419 4779 595 4841 volentibus.
891 4797 945 4842 nor
966 4782 1129 4856 uniformis,
1150 4799 1185 4844 ac
1202 4782 1327 4860 simplex
1345 4797 1413 4842 esse
1432 4780 1530 4857 debet,
1548 4795 1603 4843 nec

186 4879 264 4942 Saos
281 4877 370 4956 igitur
391 4875 570 4956 cupiditates
591 4874 730 4954 princeps
753 4889 835 4936 coer·
890 4891 1093 4956 persoriarum,
1114 4874 1167 4938 sad
1188 4892 1347 4938 causarum
1370 4881 1545 4938 varietatem
1559 4877 1606 4936 in·

126 4979 201 5052 ceat,
219 4973 370 5036 llbidinem
390 4969 500 5049 domet,
522 4977 622 5034 motus
642 4971 733 5032 animi
749 4977 836 5051 cogat
890 4977 1081 5048 ternoscere3
1103 4973 1146 5035 sic
1167 4972 1197 5033 in
1218 4970 1539 5050 animadversionibus,
1556 4988 1605 5035 ca·
