3368 5362
94 155 154 216 oto

94 263 139 325 Ea
162 278 232 324 vero
253 263 407 343 collegisti,
428 266 547 344 quibus,
580 268 629 345 qui
662 267 814 346 obtempe-

98 362 252 435 raverint;
276 377 333 422 non
357 361 442 422 modo
466 380 591 440 regnum
615 380 703 425 suum
726 367 813 443 tueri,

96 471 131 516 ac
152 453 323 529 defendere,
346 472 450 517 verum
477 459 568 517 etiam
599 457 730 519 alienum
763 458 815 519 ad·

97 549 283 608 mirationem
306 550 351 609 sui
373 568 556 629 comparare,
578 560 608 612 et
630 551 685 612 sibi
717 555 814 614 conci-

96 640 169 701 liare
190 643 306 719 poterit.
326 644 358 703 ln
377 643 586 705 distributione
602 654 753 723 praeterea
773 647 813 706 rei

97 734 249 794 lanriliaris
271 737 323 796 tibi
346 738 508 815 plurimum
531 747 561 798 et
585 756 667 813 usus,
690 747 721 798 et
750 756 816 814 pro·

99 826 246 888 videntiae
268 847 427 909 superesse.
450 833 627 910 ostendisti,
655 842 688 895 ut
714 833 750 895 ad
772 836 816 894 di-

98 921 285 1000 spensandas
321 925 480 987 facultates
515 935 565 988 tua
602 928 657 987 sibi
693 931 814 989 consilia

99 1032 253 1076 assumere
270 1024 331 1077 tam
344 1021 462 1098 privati,
479 1039 569 1099 quam
589 1023 737 1101 principes
760 1025 817 1085 uti-

99 1109 166 1170 liter
182 1113 306 1188 possint.
324 1112 400 1184 Quid
419 1122 519 1175 autem
536 1114 572 1175 de
591 1124 815 1195 praeceptorum

98 1203 201 1263 ordine
228 1204 356 1282 loquar‘l
388 1210 462 1269 liam
496 1210 552 1269 etsi
586 1210 754 1288 pulobrum,
786 1218 818 1271 et

97 1294 217 1358 diillcile
238 1307 283 1358 est
306 1303 440 1361 invenire
462 1303 628 1381 praeclare3
647 1304 755 1364 indocti
775 1312 817 1366 ta·

98 1408 168 1451 men
191 1392 351 1468 interdum,
373 1401 404 1454 et
431 1394 547 1456 barbari
581 1396 608 1456 id
642 1397 739 1457 iacere
771 1415 817 1457 so-

97 1483 182 1558 lent;
203 1483 360 1562 disponere
382 1495 482 1548 autem
506 1497 585 1566 apte,
601 1491 663 1554 nisi
681 1490 816 1566 eruditis,

98 1584 129 1635 ct
151 1595 258 1656 magno
281 1580 398 1656 ingenio
420 1582 561 1657 praeditis
584 1592 724 1662 negatum
748 1602 816 1644 esse

98 1667 215 1730 dicitur.
239 1671 268 1730 ls
288 1675 367 1732 enlm
390 1691 405 1733 a
428 1682 457 1734 te
486 1682 626 1736 serratus
656 1684 704 1736 est
737 1678 818 1748 ordo,

99 1763 149 1840 qui
175 1766 305 1824 maxime
327 1764 450 1844 debuit3
473 1776 504 1829 ut
528 1786 561 1830 ea
585 1771 668 1847 prius
688 1770 814 1847 expliea-

99 1866 212 1923 rentur.
233 1876 310 1938 quae
333 1860 454 1939 majoris
475 1872 578 1922 essent
607 1863 755 1942 ponderis,
786 1873 817 1925 et

97 1952 247 2029 aquibus
269 1959 429 2030 posteriora
453 1956 582 2034 pendere
600 1974 816 2036 cognosceren-

99 2054 162 2122 tur3
196 2053 231 2105 ut
263 2062 412 2124 nusquam
446 2048 631 2124 diluciditas,
665 2068 814 2130 nusquam

100 2139 256 2210 industria,
279 2156 427 2217 nusquam
451 2150 501 2202 tua
517 2142 705 2206 desideretur
720 2154 817 2205 atten-

100 2232 150 2290 tio.
172 2232 203 2290 ln
226 2231 393 2309 eloquendo
416 2252 487 2293 vero
508 2255 577 2297 eum
594 2238 715 2299 modum
734 2237 818 2297 adbi-

100 2323 201 2394 buisti,
224 2332 256 2386 ut
273 2341 342 2385 eum
366 2331 545 2406 praecipere,
567 2333 664 2409 qualis
681 2348 748 2391 esse
766 2331 817 2391 dc·

101 2417 170 2478 beat
204 2418 351 2496 princeps,
384 2439 554 2497 onerosum,
586 2442 620 2485 uc
650 2443 740 2502 prope
767 2442 817 2488 su·

103 2511 228 2589 perbum
252 2511 351 2586 baberi
384 2516 499 2591 soleat3
531 2525 563 2578 tu
595 2518 690 2577 aliena
723 2521 817 2595 magis

103 2608 237 2675 recitare,
258 2625 348 2684 quam
371 2626 408 2668 ex
431 2617 460 2669 te
482 2619 655 2688 arroganter
672 2629 817 2690 promere,

101 2707 153 2760 aut
179 2699 285 2760 docere
320 2702 487 2762 verecunde
518 2704 668 2781 protessus
698 2723 751 2765 es:
784 2723 818 2767 ac

103 2810 192 2871 saepo
223 2796 435 2872 sapientissimi
468 2803 520 2857 aut
551 2799 609 2872 avi,
641 2806 694 2859 aut
724 2802 818 2877 patris

101 2890 158 2949 mei
177 2887 371 2949 saluberrima
388 2891 457 2950 milri
475 2892 611 2968 exempla
626 2895 816 2970 proposuisti,

100 2983 136 3047 ad
159 3001 236 3062 quae
258 2983 341 3043 facile
363 2986 486 3044 excitari
509 3003 616 3062 queam
630 3006 636 3045 :
651 3005 719 3047 eum
737 3004 752 3046 a
771 3004 818 3046 sa·

100 3077 249 3159 pientibus
270 3076 325 3137 dici
354 3079 474 3138 solitum
506 3083 697 3158 accepimus:
728 3080 820 3140 hone-

99 3172 267 3233 stissimum
290 3187 357 3231 esse.
390 3173 533 3232 maiorum
565 3176 689 3251 vestigia
722 3177 817 3253 sequi,

101 3267 276 3343 praesertim
300 3267 324 3325 si
347 3272 427 3327 recto
450 3267 556 3326 itinere
579 3277 817 3345 praecesserunt.

99 3359 174 3433 Quid
197 3357 275 3437 quod
299 3358 370 3419 nibil
392 3360 588 3437 superlluum,
611 3371 663 3423 aut
692 3366 818 3423 accersi·

101 3461 165 3515 tunr
189 3454 362 3515 inculcasti:
383 3456 445 3533 ipsa
461 3472 532 3514 vero
550 3465 707 3534 praecepta
730 3457 818 3535 (quod

103 3549 131 3608 in
146 3566 181 3609 eo
198 3566 306 3625 gener-e
320 3546 541 3608 obseruandum
556 3565 624 3608 esse
638 3548 740 3628 ajunt)
757 3551 821 3609 bre-

101 3643 170 3702 vius
191 3657 280 3719 quam
304 3641 365 3700 fieri
389 3642 481 3717 possit
503 3640 687 3720 explicasti?
717 3645 819 3722 Neque

102 3736 181 3795 enim
204 3733 301 3814 {quod
324 3735 458 3795 accidere
481 3735 532 3795 tibi
555 3736 634 3813 apud
659 3755 705 3796 me
733 3755 820 3816 posse

103 3828 237 3896 vereris)
259 3834 288 3887 te.
310 3829 489 3906 prolixitatis
510 3847 628 3891 accuso.
651 3834 753 3910 Neque
775 3849 822 3892 se·

104 3920 162 3982 mel
184 3929 301 3982 tentum
323 3938 340 3982 a
363 3922 459 3983 trente
492 3910 662 3986 ad'calcem
686 3926 820 3986 libellum

104 4013 201 4092 ipsum
224 4014 345 4094 perlegi,
375 4015 427 4075 sed
461 4016 622 4077 identidem
649 4021 677 4077 in
713 4035 821 4080 manus

539 159 814 223 blottttbts
849 159 1140 225 dilatatae:

867 272 1028 349 assumpsi,
1051 287 1233 350 semperque
1262 271 1388 349 aliquid,
1417 290 1470 350 quo
1491 278 1554 351 quasi

869 384 946 428 novo
967 367 1142 437 delectarer,
1162 368 1288 441 inveni3
1324 383 1379 427 nec
1410 369 1461 425 uisi
1488 386 1557 430 unum

869 463 932 536 luit,
947 460 1024 539 quod
1045 460 1178 521 molestia
1200 478 1248 520 me
1265 461 1416 521 afficeret:
1434 478 1494 520 nam
1507 479 1557 522 cun

870 557 980 632 scripta
1003 562 1052 614 tua
1074 560 1190 613 tantum
1216 554 1330 613 habere
1348 557 1506 623 suavitatis,
1520 557 1560 613 uti-

869 650 1020 725 litatisque
1034 649 1241 727 intelligerem,
1254 646 1353 706 multo
1371 647 1502 723 majorem
1517 663 1563 706 ser·

870 744 1009 803 monibus
1044 743 1122 812 tuis,
1157 740 1431 817 praesentibusque
1459 740 1564 799 consilis

870 836 969 896 inesse
991 835 1188 913 conjectabar,
1210 842 1305 913 atque
1335 832 1411 894 adeo
1442 835 1564 907 scie-barm

870 947 964 1008 euque
987 945 1045 1004 res,
1066 945 1125 1006 quo
1147 929 1250 1005 sepius
1273 928 1343 999 legi,
1365 944 1401 985 eo
1433 930 1515 1002 magis
1538 926 1565 984 ad

871 1020 1052 1081 desiderium
1075 1022 1117 1081 tui
1141 1037 1188 1078 me
1218 1019 1370 1093 accendit,
1402 1021 1568 1078 acerbiorem·

870 1132 930 1192 quc
954 1115 1024 1173 milri
1047 1114 1212 1174 absentiam
1236 1121 1321 1173 tuarn
1346 1112 1566 1172 reddidit:Scito

872 1210 970 1286 igitur.
995 1209 1167 1269 Clarissimo
1189 1208 1250 1279 Vir,
1275 1224 1391 1267 munus
1413 1215 1492 1267 tuuur
1515 1207 1568 1265 mibi

871 1301 1076 1383 gratissimum
1094 1300 1186 1361 fuisse
1204 1318 1303 1378 eoque
1320 1302 1441 1359 nomine
1459 1302 1570 1378 ingentes

870 1411 888 1456 a
912 1411 959 1454 me
983 1392 1034 1452 tibi
1056 1395 1168 1469 gratias
1183 1395 1239 1470 agl,
1256 1391 1437 1470 baberique3
1452 1401 1479 1451 et
1494 1391 1569 1469 quoad

872 1489 984 1559 vivam,
1006 1503 1022 1546 a
1045 1488 1105 1547 tuis
1129 1503 1176 1545 me
1197 1486 1335 1546 consiliis
1357 1487 1387 1543 in
1424 1487 1523 1563 Regno,
1546 1501 1572 1544 ac

871 1598 902 1639 rc
925 1581 1069 1651 familiari,
1085 1579 1326 1640 administranda
1347 1582 1470 1638 minime
1483 1578 1573 1638 disces·

873 1688 974 1734 suram
997 1689 1065 1732 cum
1090 1681 1129 1744 tc,
1151 1680 1182 1730 et
1204 1681 1313 1733 natura
1335 1681 1472 1742 acutum,
1490 1680 1516 1730 et
1530 1688 1573 1731 usu

872 1768 1080 1840 exercitatum,
1103 1765 1190 1825 etad
1218 1769 1383 1825 veritatem
1417 1772 1573 1842 promptum.

871 1858 1061 1937 fidelemque,
1082 1875 1151 1919 esse
1169 1858 1355 1937 jampridem
1381 1861 1451 1919 milri
1474 1875 1574 1936 persua·

870 1955 970 2012 serim.
993 1952 1049 2012 Sed
1064 1968 1132 2012 cum
1147 1968 1224 2029 opus
1239 1961 1328 2013 tuum
1350 1971 1390 2013 ex
1411 1956 1488 2012 omni
1508 1960 1575 2030 parte

872 2047 1075 2118 utilissimum,
1091 2063 1125 2106 ae
1140 2062 1261 2106 summa
1278 2045 1370 2106 laude
1386 2046 1575 2124 dignissimum

869 2139 907 2200 ab
928 2138 1069 2199 omnibus
1089 2142 1205 2199 censeri
1232 2139 1526 2212 animadverterem,
1552 2146 1577 2197 ut

872 2250 928 2291 oon
951 2232 1049 2293 solum
1073 2232 1163 2306 italis,
1185 2233 1238 2294 sed
1261 2235 1379 2293 exteris
1401 2251 1515 2310 quoque
1539 2248 1579 2289 na-

871 2326 1004 2387 tionibus
1026 2325 1177 2403 prodesse,
1201 2333 1232 2384 et
1251 2343 1363 2385 nomeu
1381 2335 1477 2399 tuum,
1491 2343 1581 2404 quam·

873 2422 919 2478 vis
941 2436 993 2496 per
1011 2437 1044 2479 se
1060 2422 1134 2480 sutis
1155 2421 1283 2493 clarum,
1300 2421 1357 2480 lrao
1375 2424 1466 2480 etiarn
1485 2423 1580 2479 ratione

871 2513 907 2575 ad
932 2516 1068 2592 regiones
1095 2515 1273 2592 longinquas
1308 2517 1453 2575 trasmittl
1487 2520 1580 2592 posset,

872 2607 938 2667 dedl
961 2624 1091 2685 operam,
1115 2616 1184 2667 uta
1216 2610 1353 2685 baptista
1376 2608 1515 2674 Guarino‚
1540 2607 1579 2665 iro

873 2703 951 2759 mine
975 2700 1147 2761 nonnullius
1170 2703 1198 2758 in
1232 2718 1264 2760 re
1298 2700 1430 2761 literaria
1459 2703 1579 2773 nominis

871 2793 959 2870 cujus
991 2793 1095 2865 iidem,
1127 2794 1418 2874 observantiamque
1449 2813 1515 2874 erga
1544 2812 1579 2853 me

872 2886 1149 2957 innumerabilibus,
1171 2895 1202 2945 et
1223 2888 1315 2948 claris
1348 2890 1468 2948 indiciis
1497 2888 1579 2964 exple

873 2989 966 3041 ratam
987 2979 1141 3050 habebam,
1158 2981 1186 3038 in
1204 2983 1341 3040 Latinam
1358 2983 1501 3059 linguam,
1515 2978 1578 3057 quod

872 3089 907 3133 ea
929 3073 1055 3151 longius,
1090 3073 1241 3151 latiusque
1271 3075 1383 3136 dillusa
1416 3084 1474 3147 est,
1504 3090 1579 3152 quam

874 3174 976 3226 noster
997 3169 1179 3228 vernaculus
1201 3177 1233 3227 et
1249 3169 1388 3247 vulgaris
1406 3187 1512 3241 sermo,
1524 3185 1580 3228 euu-

874 3267 1063 3320 verteretur:
1088 3260 1177 3339 idque
1193 3269 1350 3339 tamquam
1375 3271 1497 3324 mutuae
1514 3265 1538 3320 in
1556 3269 1579 3319 te

874 3352 1102 3412 benevolentiae
1137 3372 1221 3416 meae
1254 3359 1465 3417 testimonium
1497 3357 1531 3417 ad
1557 3364 1580 3413 te

876 3448 1028 3506 remittere
1049 3451 1202 3523 constitui,
1237 3457 1270 3508 ut
1304 3453 1392 3528 quasi
1420 3452 1541 3527 diligens
1556 3466 1579 3507 a·

875 3540 984 3618 gricola
1007 3541 1122 3618 primus
1145 3541 1280 3603 laborum
1310 3553 1433 3605 tuorum
1467 3545 1578 3603 tractum

877 3638 1054 3711 perciperes.
1084 3635 1148 3707 Qua
1173 3642 1200 3692 in
1225 3654 1256 3694 re
1278 3638 1303 3694 si
1327 3637 1384 3696 sibi
1406 3645 1520 3714 gratum
1539 3635 1579 3693 olr-

874 3729 945 3809 quid
965 3732 1070 3804 lecero,
1087 3729 1221 3809 gaudebo
1239 3747 1314 3790 sane
1333 3748 1383 3790 me
1400 3748 1516 3808 operam
1533 3744 1578 3786 riou

875 3825 1052 3904 perdidisse3
1067 3827 1090 3885 sl
1110 3827 1227 3901 minus;
1247 3842 1350 3885 meum
1370 3833 1470 3885 tamen
1490 3826 1515 3881 in
1531 3821 1578 3880 dis·

875 3918 1050 3978 semnandls
1071 3917 1207 3979 laudibus
1234 3920 1296 3978 tuis
1317 3918 1454 3980 studium
1487 3919 1577 3994 impro-

875 4013 944 4073 bare
967 4030 1024 4072 non
1047 4011 1179 4072 debebis.

533 4182 810 4245 ntontunts
845 4172 1143 4246 attractati

105 4322 226 4386 Comitis
247 4321 422 4402 Mopduioni
442 4328 470 4383 et
490 4324 574 4402 llapr‘i
592 4325 769 4389 consiliarii
787 4327 901 4390 secreti
920 4324 962 4385 od
983 4323 1220 4386 illuso-terimam
1243 4324 1415 4386 Ferrorioe
1437 4323 1573 4385 Dacium

295 4416 332 4476 l).
356 4414 528 4477 Elioeornm
549 4416 741 4496 drepanium,
763 4419 798 4480 de
819 4419 960 4500 reperitis,
982 4430 1010 4479 et
1033 4416 1102 4477 boni
1121 4417 1274 4499 Principis
1295 4417 1413 4500 officiis.

757 4567 946 4616 enootttttt'tt.

199 4709 254 4772 uod
287 4711 390 4773 multis
423 4727 649 4790 nonnumquam
687 4713 821 4776 accidere

104 4803 251 4880 videmus,
273 4805 478 4867 illustrissima
500 4807 648 4881 Elianora,
684 4814 717 4867 ut
745 4807 818 4869 dum

874 4733 932 4795 que
954 4713 1112 4774 ostendere
1133 4720 1294 4791 quaeruut,
1321 4717 1501 4795 arrogantiae
1526 4706 1570 4770 cri·

876 4825 943 4869 men
967 4809 1139 4872 incurrant:
1162 4810 1283 4870 tametsi
1310 4827 1416 4872 eorum
1440 4807 1565 4889 ingenium

103 4896 314 4959 benemerendi
335 4897 470 4961 studium
493 4917 592 4977 suum,
611 4900 820 4981 cupiditatem·
872 4902 909 4964 ab
943 4900 1112 4980 huiusmodi
1144 4900 1230 4981 culpa
1264 4903 1351 4983 longe
1388 4905 1480 4975 absit;
1511 4890 1566 4958 nili
