<?xml version="1.0" encoding="UTF-8"?>
<!DOCTYPE html PUBLIC "-//W3C//DTD XHTML 1.0 Transitional//EN"
    "http://www.w3.org/TR/xhtml1/DTD/xhtml1-transitional.dtd">
<html xmlns="http://www.w3.org/1999/xhtml" xml:lang="en" lang="en">
 <head>
  <title>
</title>
<meta http-equiv="Content-Type" content="text/html;charset=utf-8" />
  <meta name='ocr-system' content='tesseract 3.04.00' />
  <meta name='ocr-capabilities' content='ocr_page ocr_carea ocr_par ocr_line ocrx_word'/>
</head>
<body>
  <div class='ocr_page' id='page_1' title='image "./bibliothecalati01gallgoog_0286.png"; bbox 0 0 3654 5408; ppageno 0'>
   <div class='ocr_carea' id='block_1_1' title="bbox 666 163 1582 237">
    <p class='ocr_par' dir='ltr' id='par_1_1' title="bbox 666 163 1582 237">
     <span class='ocr_line' id='line_1_1' title="bbox 666 163 1582 237; baseline 0.014 -15"><span class='ocrx_word' id='word_1_1' title='bbox 666 163 999 230; x_wconf 83' lang='lat' dir='ltr'>PLEGUlNUS</span> <span class='ocrx_word' id='word_1_2' title='bbox 1521 169 1582 237; x_wconf 68' lang='lat'><em>289</em></span> 
     </span>
    </p>
   </div>
   <div class='ocr_carea' id='block_1_2' title="bbox 79 266 1623 4341">
    <p class='ocr_par' dir='ltr' id='par_1_2' title="bbox 79 266 1623 4341">
     <span class='ocr_line' id='line_1_2' title="bbox 83 266 1579 352; baseline 0 -14"><span class='ocrx_word' id='word_1_3' title='bbox 83 273 190 338; x_wconf 86' lang='lat' dir='ltr'><em>Borch.</em></span> <span class='ocrx_word' id='word_1_4' title='bbox 212 269 350 334; x_wconf 82' lang='lat' dir='ltr'><em>Gottlrrli</em></span> <span class='ocrx_word' id='word_1_5' title='bbox 368 269 481 330; x_wconf 88' lang='lat' dir='ltr'><em>Strurii</em></span> <span class='ocrx_word' id='word_1_6' title='bbox 504 276 525 328; x_wconf 87' lang='lat' dir='ltr'><em>t.</em></span> <span class='ocrx_word' id='word_1_7' title='bbox 550 271 562 328; x_wconf 89' lang='lat' dir='ltr'><em>i</em></span> <span class='ocrx_word' id='word_1_8' title='bbox 590 266 657 333; x_wconf 83' lang='lat' dir='ltr'><em>ilat.</em></span> <span class='ocrx_word' id='word_1_9' title='bbox 674 267 801 331; x_wconf 86' lang='lat' dir='ltr'><em>litterar.</em></span> <span class='ocrx_word' id='word_1_10' title='bbox 857 274 968 341; x_wconf 80' lang='lat' dir='ltr'><em>Bataua</em></span> <span class='ocrx_word' id='word_1_11' title='bbox 990 274 1025 334; x_wconf 91' lang='lat' dir='ltr'><em>ll.</em></span> <span class='ocrx_word' id='word_1_12' title='bbox 1047 274 1076 333; x_wconf 86' lang='grc'><em>0.</em></span> <span class='ocrx_word' id='word_1_13' title='bbox 1096 274 1147 352; x_wconf 86' lang='lat' dir='ltr'><em>qui</em></span> <span class='ocrx_word' id='word_1_14' title='bbox 1177 272 1353 350; x_wconf 76' lang='lat' dir='ltr'><em>Pinguioum</em></span> <span class='ocrx_word' id='word_1_15' title='bbox 1386 271 1579 340; x_wconf 79' lang='lat' dir='ltr'><em>Nortaarium</em></span> 
     </span>
     <span class='ocr_line' id='line_1_3' title="bbox 81 361 1580 446; baseline 0 -18"><span class='ocrx_word' id='word_1_16' title='bbox 81 365 222 428; x_wconf 73' lang='lat' dir='ltr'><em>iascmulo</em></span> <span class='ocrx_word' id='word_1_17' title='bbox 254 364 302 424; x_wconf 92' lang='lat' dir='ltr'><em>lV.</em></span> <span class='ocrx_word' id='word_1_18' title='bbox 333 361 443 427; x_wconf 82' lang='lat' dir='ltr'><strong>Confer</strong></span> <span class='ocrx_word' id='word_1_19' title='bbox 465 377 543 426; x_wconf 85' lang='lat' dir='ltr'><em>nova</em></span> <span class='ocrx_word' id='word_1_20' title='bbox 565 362 707 428; x_wconf 88' lang='lat' dir='ltr'><em>litteraria</em></span> <span class='ocrx_word' id='word_1_21' title='bbox 729 361 803 426; x_wconf 83' lang='lat' dir='ltr'><em>Ger·</em></span> <span class='ocrx_word' id='word_1_22' title='bbox 858 367 925 446; x_wconf 81' lang='lat' dir='ltr'><em>siva</em></span> <span class='ocrx_word' id='word_1_23' title='bbox 946 365 1236 431; x_wconf 84' lang='lat' dir='ltr'><em>Nerthumbaeusom</em></span> <span class='ocrx_word' id='word_1_24' title='bbox 1250 372 1348 430; x_wconf 74' lang='lat' dir='ltr'><em>,vocet</em></span> <span class='ocrx_word' id='word_1_25' title='bbox 1369 367 1521 444; x_wconf 72' lang='lat' dir='ltr'><strong>refertque</strong></span> <span class='ocrx_word' id='word_1_26' title='bbox 1542 368 1580 430; x_wconf 87' lang='lat' dir='ltr'><em>ad</em></span> 
     </span>
     <span class='ocr_line' id='line_1_4' title="bbox 81 453 1609 540; baseline 0.003 -20"><span class='ocrx_word' id='word_1_27' title='bbox 81 459 198 520; x_wconf 87' lang='lat' dir='ltr'><em>maniae</em></span> <span class='ocrx_word' id='word_1_28' title='bbox 220 456 257 517; x_wconf 88' lang='grc' dir='ltr'><em>Α.</em></span> <span class='ocrx_word' id='word_1_29' title='bbox 279 453 367 540; x_wconf 67' lang='grc'><strong>0706.</strong></span> <span class='ocrx_word' id='word_1_30' title='bbox 389 472 418 538; x_wconf 84' lang='lat' dir='ltr'><em>p.</em></span> <span class='ocrx_word' id='word_1_31' title='bbox 441 453 510 522; x_wconf 86' lang='grc'><strong>301.</strong></span> <span class='ocrx_word' id='word_1_32' title='bbox 771 483 775 493; x_wconf 47' lang='lat'><em>¹</em></span> <span class='ocrx_word' id='word_1_33' title='bbox 859 460 896 520; x_wconf 79' lang='grc' dir='ltr'><em>Α.</em></span> <span class='ocrx_word' id='word_1_34' title='bbox 915 460 948 525; x_wconf 83' lang='lat' dir='ltr'><em>G.</em></span> <span class='ocrx_word' id='word_1_35' title='bbox 966 459 1037 520; x_wconf 79' lang='grc'><strong>000.</strong></span> <span class='ocrx_word' id='word_1_36' title='bbox 1055 460 1135 522; x_wconf 85' lang='lat' dir='ltr'><em>sicut</em></span> <span class='ocrx_word' id='word_1_37' title='bbox 1155 460 1245 523; x_wconf 88' lang='lat' dir='ltr'><em>atiam</em></span> <span class='ocrx_word' id='word_1_38' title='bbox 1263 460 1382 520; x_wconf 83' lang='lat' dir='ltr'><em>Pitseus</em></span> <span class='ocrx_word' id='word_1_39' title='bbox 1400 477 1428 537; x_wconf 88' lang='lat' dir='ltr'><em>p.</em></span> <span class='ocrx_word' id='word_1_40' title='bbox 1444 461 1513 530; x_wconf 85' lang='grc'><strong>003.</strong></span> <span class='ocrx_word' id='word_1_41' title='bbox 1608 516 1609 524; x_wconf 72' lang='grc'>,</span> 
     </span>
     <span class='ocr_line' id='line_1_5' title="bbox 117 545 1581 630; baseline 0.001 -19"><span class='ocrx_word' id='word_1_42' title='bbox 117 552 161 611; x_wconf 83' lang='lat' dir='ltr'><em>De</em></span> <span class='ocrx_word' id='word_1_43' title='bbox 182 545 326 614; x_wconf 77' lang='lat' dir='ltr'><em>nuditus</em></span> <span class='ocrx_word' id='word_1_44' title='bbox 342 547 429 630; x_wconf 77' lang='lat' dir='ltr'><em>pecu</em></span> <span class='ocrx_word' id='word_1_45' title='bbox 449 546 486 608; x_wconf 91' lang='lat' dir='ltr'><em>ad</em></span> <span class='ocrx_word' id='word_1_46' title='bbox 509 545 686 612; x_wconf 79' lang='lat' dir='ltr'><em>liudericum</em></span> <span class='ocrx_word' id='word_1_47' title='bbox 717 546 803 612; x_wconf 79' lang='lat' dir='ltr'><em>Cela·</em></span> <span class='ocrx_word' id='word_1_48' title='bbox 899 552 1045 614; x_wconf 53' lang='lat' dir='ltr'><em>PlilNlUS</em></span> <span class='ocrx_word' id='word_1_49' title='bbox 1059 551 1236 614; x_wconf 87' lang='lat' dir='ltr'><em>Valerianus</em></span> <span class='ocrx_word' id='word_1_50' title='bbox 1252 550 1384 615; x_wconf 78' lang='lat' dir='ltr'><em>necteus</em></span> <span class='ocrx_word' id='word_1_51' title='bbox 1399 551 1581 629; x_wconf 81' lang='lat' dir='ltr'><em>Empiricos,</em></span> 
     </span>
     <span class='ocr_line' id='line_1_6' title="bbox 81 638 1581 727; baseline -0.005 -15"><span class='ocrx_word' id='word_1_52' title='bbox 81 649 292 727; x_wconf 79' lang='lat' dir='ltr'><em>gorritanum,</em></span> <span class='ocrx_word' id='word_1_53' title='bbox 312 651 344 706; x_wconf 88' lang='lat' dir='ltr'><em>et</em></span> <span class='ocrx_word' id='word_1_54' title='bbox 364 643 494 716; x_wconf 86' lang='lat' dir='ltr'><em>alterum</em></span> <span class='ocrx_word' id='word_1_55' title='bbox 516 640 551 704; x_wconf 84' lang='lat' dir='ltr'><em>do</em></span> <span class='ocrx_word' id='word_1_56' title='bbox 571 639 712 707; x_wconf 82' lang='lat' dir='ltr'><em>laudibus</em></span> <span class='ocrx_word' id='word_1_57' title='bbox 744 638 804 706; x_wconf 82' lang='grc'><strong>000-</strong></span> <span class='ocrx_word' id='word_1_58' title='bbox 859 644 896 704; x_wconf 85' lang='grc'><em>00</em></span> <span class='ocrx_word' id='word_1_59' title='bbox 913 643 1094 722; x_wconf 85' lang='lat' dir='ltr'><em>quodiriin</em></span> <span class='ocrx_word' id='word_1_60' title='bbox 1110 645 1253 707; x_wconf 82' lang='lat' dir='ltr'><em>Centurio</em></span> <span class='ocrx_word' id='word_1_61' title='bbox 1269 645 1478 723; x_wconf 83' lang='lat' dir='ltr'><em>plagiariorum</em></span> <span class='ocrx_word' id='word_1_62' title='bbox 1493 643 1581 706; x_wconf 81' lang='grc'><strong>0000</strong></span> 
     </span>
     <span class='ocr_line' id='line_1_7' title="bbox 81 733 1581 816; baseline -0.003 -14"><span class='ocrx_word' id='word_1_63' title='bbox 81 741 110 816; x_wconf 86' lang='lat' dir='ltr'><em>li,</em></span> <span class='ocrx_word' id='word_1_64' title='bbox 127 743 277 806; x_wconf 79' lang='lat' dir='ltr'><em>Manuscr.</em></span> <span class='ocrx_word' id='word_1_65' title='bbox 296 743 466 800; x_wconf 88' lang='lat' dir='ltr'><em>memorant</em></span> <span class='ocrx_word' id='word_1_66' title='bbox 486 741 625 797; x_wconf 85' lang='lat' dir='ltr'><em>auctores</em></span> <span class='ocrx_word' id='word_1_67' title='bbox 640 733 724 798; x_wconf 90' lang='lat' dir='ltr'><em>diarii</em></span> <span class='ocrx_word' id='word_1_68' title='bbox 734 752 805 796; x_wconf 87' lang='lat' dir='ltr'><em>ero·</em></span> <span class='ocrx_word' id='word_1_69' title='bbox 861 737 950 800; x_wconf 86' lang='grc'><strong>0080.</strong></span> <span class='ocrx_word' id='word_1_70' title='bbox 980 739 1095 816; x_wconf 80' lang='lat' dir='ltr'><strong>Lipsiae</strong></span> <span class='ocrx_word' id='word_1_71' title='bbox 1123 738 1246 816; x_wconf 78' lang='lat' dir='ltr'><em>vulgata</em></span> <span class='ocrx_word' id='word_1_72' title='bbox 1273 753 1338 815; x_wconf 87' lang='lat' dir='ltr'><em>cap.</em></span> <span class='ocrx_word' id='word_1_73' title='bbox 1354 739 1391 797; x_wconf 88' lang='grc'><em>70</em></span> <span class='ocrx_word' id='word_1_74' title='bbox 1410 744 1442 802; x_wconf 86' lang='lat' dir='ltr'><em>et</em></span> <span class='ocrx_word' id='word_1_75' title='bbox 1460 739 1489 796; x_wconf 91' lang='lat' dir='ltr'><em>io</em></span> <span class='ocrx_word' id='word_1_76' title='bbox 1507 738 1581 800; x_wconf 85' lang='lat' dir='ltr'><em>Bibl.</em></span> 
     </span>
     <span class='ocr_line' id='line_1_8' title="bbox 80 826 1623 908; baseline -0.004 -14"><span class='ocrx_word' id='word_1_77' title='bbox 80 834 211 897; x_wconf 85' lang='lat' dir='ltr'><em>diturum</em></span> <span class='ocrx_word' id='word_1_78' title='bbox 230 831 335 894; x_wconf 88' lang='lat' dir='ltr'><em>ltaliae</em></span> <span class='ocrx_word' id='word_1_79' title='bbox 356 837 377 894; x_wconf 88' lang='lat' dir='ltr'><em>t.</em></span> <span class='ocrx_word' id='word_1_80' title='bbox 402 829 440 892; x_wconf 91' lang='grc'><em>03</em></span> <span class='ocrx_word' id='word_1_81' title='bbox 462 846 490 908; x_wconf 89' lang='lat' dir='ltr'><em>p.</em></span> <span class='ocrx_word' id='word_1_82' title='bbox 515 826 663 904; x_wconf 68' lang='grc'><strong>030000.</strong></span> <span class='ocrx_word' id='word_1_83' title='bbox 861 832 965 896; x_wconf 82' lang='lat' dir='ltr'><em>Latina</em></span> <span class='ocrx_word' id='word_1_84' title='bbox 981 833 1007 896; x_wconf 83' lang='lat'><em>11</em></span> <span class='ocrx_word' id='word_1_85' title='bbox 1037 831 1096 894; x_wconf 71' lang='grc'><em>03.</em></span> <span class='ocrx_word' id='word_1_86' title='bbox 1233 883 1238 890; x_wconf 89' lang='grc'>,</span> <span class='ocrx_word' id='word_1_87' title='bbox 1621 875 1623 878; x_wconf 89' lang='grc'><strong>.</strong></span> 
     </span>
     <span class='ocr_line' id='line_1_9' title="bbox 120 919 1583 1003; baseline 0 -19"><span class='ocrx_word' id='word_1_88' title='bbox 120 925 241 1003; x_wconf 71' lang='lat' dir='ltr'><em>*Opus</em></span> <span class='ocrx_word' id='word_1_89' title='bbox 262 921 344 986; x_wconf 89' lang='lat' dir='ltr'><em>aliud</em></span> <span class='ocrx_word' id='word_1_90' title='bbox 376 923 433 982; x_wconf 87' lang='lat' dir='ltr'><em>riri</em></span> <span class='ocrx_word' id='word_1_91' title='bbox 466 919 558 983; x_wconf 89' lang='lat' dir='ltr'><em>huius</em></span> <span class='ocrx_word' id='word_1_92' title='bbox 580 919 659 982; x_wconf 90' lang='lat' dir='ltr'><em>docti</em></span> <span class='ocrx_word' id='word_1_93' title='bbox 693 937 806 998; x_wconf 87' lang='lat' dir='ltr'><em>naqua-</em></span> <span class='ocrx_word' id='word_1_94' title='bbox 900 921 1045 985; x_wconf 90' lang='lat' dir='ltr'><em>Nicolnus</em></span> <span class='ocrx_word' id='word_1_95' title='bbox 1066 923 1229 986; x_wconf 78' lang='lat' dir='ltr'><em>PLOVlUS</em></span> <span class='ocrx_word' id='word_1_96' title='bbox 1260 923 1473 986; x_wconf 84' lang='lat' dir='ltr'><em>Posoaniensis</em></span> <span class='ocrx_word' id='word_1_97' title='bbox 1501 923 1583 984; x_wconf 83' lang='lat' dir='ltr'><em>Polo-</em></span> 
     </span>
     <span class='ocr_line' id='line_1_10' title="bbox 80 1013 1584 1098; baseline -0.003 -20"><span class='ocrx_word' id='word_1_98' title='bbox 80 1035 171 1096; x_wconf 89' lang='lat' dir='ltr'><em>quam</em></span> <span class='ocrx_word' id='word_1_99' title='bbox 193 1014 447 1096; x_wconf 88' lang='lat' dir='ltr'><em>praetereundum</em></span> <span class='ocrx_word' id='word_1_100' title='bbox 479 1014 626 1088; x_wconf 83' lang='lat' dir='ltr'><em>arbitror,</em></span> <span class='ocrx_word' id='word_1_101' title='bbox 648 1013 727 1098; x_wconf 87' lang='lat' dir='ltr'><em>quod</em></span> <span class='ocrx_word' id='word_1_102' title='bbox 761 1030 806 1072; x_wconf 89' lang='lat' dir='ltr'><em>ra·</em></span> <span class='ocrx_word' id='word_1_103' title='bbox 861 1015 940 1090; x_wconf 87' lang='lat' dir='ltr'><em>uus,</em></span> <span class='ocrx_word' id='word_1_104' title='bbox 962 1014 1584 1096; x_wconf 48' lang='grc'><strong>0000003000000001000000000000,</strong></span> 
     </span>
     <span class='ocr_line' id='line_1_11' title="bbox 82 1106 1582 1186; baseline -0.003 -16"><span class='ocrx_word' id='word_1_105' title='bbox 82 1111 159 1174; x_wconf 89' lang='lat' dir='ltr'><em>ierre</em></span> <span class='ocrx_word' id='word_1_106' title='bbox 180 1109 229 1170; x_wconf 88' lang='lat' dir='ltr'><em>hic</em></span> <span class='ocrx_word' id='word_1_107' title='bbox 252 1107 329 1176; x_wconf 83' lang='lat' dir='ltr'><em>malo</em></span> <span class='ocrx_word' id='word_1_108' title='bbox 351 1107 452 1171; x_wconf 84' lang='lat' dir='ltr'><em>verbis</em></span> <span class='ocrx_word' id='word_1_109' title='bbox 474 1107 646 1184; x_wconf 79' lang='lat' dir='ltr'>Hieronymi</span> <span class='ocrx_word' id='word_1_110' title='bbox 670 1106 752 1170; x_wconf 87' lang='lat' dir='ltr'><em>Pauli</em></span> <span class='ocrx_word' id='word_1_111' title='bbox 775 1107 804 1166; x_wconf 92' lang='lat' dir='ltr'><em>in</em></span> <span class='ocrx_word' id='word_1_112' title='bbox 862 1109 918 1175; x_wconf 79' lang='lat' dir='ltr'><em>uici</em></span> <span class='ocrx_word' id='word_1_113' title='bbox 940 1109 1019 1172; x_wconf 89' lang='lat' dir='ltr'><em>circa</em></span> <span class='ocrx_word' id='word_1_114' title='bbox 1039 1108 1096 1168; x_wconf 88' lang='lat' dir='ltr'><em>An.</em></span> <span class='ocrx_word' id='word_1_115' title='bbox 1119 1108 1207 1170; x_wconf 87' lang='grc'><strong>0030.</strong></span> <span class='ocrx_word' id='word_1_116' title='bbox 1229 1124 1264 1170; x_wconf 82' lang='grc'><em>00</em></span> <span class='ocrx_word' id='word_1_117' title='bbox 1294 1107 1437 1186; x_wconf 77' lang='lat' dir='ltr'>deinceps</span> <span class='ocrx_word' id='word_1_118' title='bbox 1462 1107 1582 1176; x_wconf 85' lang='lat' dir='ltr'><em>clarus,</em></span> 
     </span>
     <span class='ocr_line' id='line_1_12' title="bbox 81 1197 1582 1281; baseline -0.005 -17"><span class='ocrx_word' id='word_1_119' title='bbox 81 1204 146 1264; x_wconf 87' lang='lat' dir='ltr'><em>eius</em></span> <span class='ocrx_word' id='word_1_120' title='bbox 167 1203 299 1281; x_wconf 90' lang='lat' dir='ltr'><em>practica</em></span> <span class='ocrx_word' id='word_1_121' title='bbox 321 1199 520 1266; x_wconf 80' lang='lat' dir='ltr'>cancellariae</span> <span class='ocrx_word' id='word_1_122' title='bbox 540 1199 722 1278; x_wconf 88' lang='lat' dir='ltr'><em>apostolicae</em></span> <span class='ocrx_word' id='word_1_123' title='bbox 744 1197 807 1260; x_wconf 89' lang='lat' dir='ltr'><em>edi·</em></span> <span class='ocrx_word' id='word_1_124' title='bbox 862 1200 983 1277; x_wconf 75' lang='lat' dir='ltr'>scripsit</span> <span class='ocrx_word' id='word_1_125' title='bbox 1003 1200 1157 1280; x_wconf 82' lang='lat' dir='ltr'><em>opuscula</em></span> <span class='ocrx_word' id='word_1_126' title='bbox 1174 1217 1285 1267; x_wconf 83' lang='lat' dir='ltr'><em>excusa</em></span> <span class='ocrx_word' id='word_1_127' title='bbox 1297 1200 1489 1278; x_wconf 59' lang='lat' dir='ltr'><em>,argentorati</em></span> <span class='ocrx_word' id='word_1_128' title='bbox 1505 1197 1582 1259; x_wconf 83' lang='grc'><strong>0003</strong></span> 
     </span>
     <span class='ocr_line' id='line_1_13' title="bbox 82 1289 1584 1382; baseline -0.003 -26"><span class='ocrx_word' id='word_1_129' title='bbox 82 1303 111 1356; x_wconf 85' lang='lat' dir='ltr'><em>ta</em></span> <span class='ocrx_word' id='word_1_130' title='bbox 131 1297 243 1357; x_wconf 84' lang='lat' dir='ltr'><em>Romae</em></span> <span class='ocrx_word' id='word_1_131' title='bbox 265 1311 314 1357; x_wconf 88' lang='lat' dir='ltr'><em>an.</em></span> <span class='ocrx_word' id='word_1_132' title='bbox 337 1294 424 1382; x_wconf 81' lang='grc'><strong>0500.</strong></span> <span class='ocrx_word' id='word_1_133' title='bbox 448 1295 477 1354; x_wconf 89' lang='lat' dir='ltr'><em>in</em></span> <span class='ocrx_word' id='word_1_134' title='bbox 500 1293 527 1352; x_wconf 88' lang='grc'><em>0.</em></span> <span class='ocrx_word' id='word_1_135' title='bbox 550 1293 602 1354; x_wconf 91' lang='lat' dir='ltr'><em>ubi</em></span> <span class='ocrx_word' id='word_1_136' title='bbox 624 1292 698 1354; x_wconf 90' lang='lat' dir='ltr'><em>haec</em></span> <span class='ocrx_word' id='word_1_137' title='bbox 719 1292 804 1372; x_wconf 78' lang='lat' dir='ltr'><em>lega:</em></span> <span class='ocrx_word' id='word_1_138' title='bbox 864 1301 896 1354; x_wconf 88' lang='lat' dir='ltr'><em>ct</em></span> <span class='ocrx_word' id='word_1_139' title='bbox 917 1295 948 1352; x_wconf 92' lang='lat' dir='ltr'><em>in</em></span> <span class='ocrx_word' id='word_1_140' title='bbox 969 1292 1088 1356; x_wconf 76' lang='grc'><strong>000000</strong></span> <span class='ocrx_word' id='word_1_141' title='bbox 1117 1293 1200 1354; x_wconf 87' lang='lat' dir='ltr'><em>luris</em></span> <span class='ocrx_word' id='word_1_142' title='bbox 1220 1295 1310 1352; x_wconf 88' lang='lat' dir='ltr'><em>etiam</em></span> <span class='ocrx_word' id='word_1_143' title='bbox 1342 1292 1452 1366; x_wconf 84' lang='lat' dir='ltr'><em>obvia,</em></span> <span class='ocrx_word' id='word_1_144' title='bbox 1472 1289 1508 1351; x_wconf 87' lang='lat' dir='ltr'><em>de</em></span> <span class='ocrx_word' id='word_1_145' title='bbox 1528 1292 1584 1354; x_wconf 88' lang='lat' dir='ltr'><em>Sa·</em></span> 
     </span>
     <span class='ocr_line' id='line_1_14' title="bbox 85 1377 1584 1462; baseline -0.003 -14"><span class='ocrx_word' id='word_1_146' title='bbox 85 1385 153 1448; x_wconf 82' lang='lat' dir='ltr'><em>Vide</em></span> <span class='ocrx_word' id='word_1_147' title='bbox 174 1383 305 1448; x_wconf 86' lang='lat' dir='ltr'><em>Calleata</em></span> <span class='ocrx_word' id='word_1_148' title='bbox 328 1383 486 1446; x_wconf 71' lang='lat' dir='ltr'><em>nouusime</em></span> <span class='ocrx_word' id='word_1_149' title='bbox 502 1400 561 1462; x_wconf 85' lang='lat' dir='ltr'><em>per</em></span> <span class='ocrx_word' id='word_1_150' title='bbox 580 1385 661 1452; x_wconf 85' lang='lat' dir='ltr'><em>Dum.</em></span> <span class='ocrx_word' id='word_1_151' title='bbox 680 1377 807 1446; x_wconf 78' lang='lat' dir='ltr'><em>sartio·</em></span> <span class='ocrx_word' id='word_1_152' title='bbox 868 1385 1033 1449; x_wconf 86' lang='lat' dir='ltr'><em>crementis</em></span> <span class='ocrx_word' id='word_1_153' title='bbox 1052 1391 1083 1446; x_wconf 87' lang='lat' dir='ltr'><em>et</em></span> <span class='ocrx_word' id='word_1_154' title='bbox 1101 1403 1205 1448; x_wconf 87' lang='lat' dir='ltr'><em>eorum</em></span> <span class='ocrx_word' id='word_1_155' title='bbox 1231 1383 1492 1446; x_wconf 73' lang='lat' dir='ltr'><em>administratione</em></span> <span class='ocrx_word' id='word_1_156' title='bbox 1513 1392 1584 1444; x_wconf 87' lang='lat' dir='ltr'><em>tom.</em></span> 
     </span>
     <span class='ocr_line' id='line_1_15' title="bbox 82 1475 1584 1558; baseline -0.004 -16"><span class='ocrx_word' id='word_1_157' title='bbox 82 1481 229 1544; x_wconf 81' lang='lat' dir='ltr'><em>lamecum</em></span> <span class='ocrx_word' id='word_1_158' title='bbox 249 1477 285 1542; x_wconf 87' lang='lat' dir='ltr'><em>de</em></span> <span class='ocrx_word' id='word_1_159' title='bbox 307 1477 427 1544; x_wconf 86' lang='lat' dir='ltr'><em>Plotina</em></span> <span class='ocrx_word' id='word_1_160' title='bbox 449 1475 732 1552; x_wconf 78' lang='lat' dir='ltr'><em>Bibliollccorium,</em></span> <span class='ocrx_word' id='word_1_161' title='bbox 755 1477 810 1558; x_wconf 83' lang='lat' dir='ltr'><em>qui</em></span> <span class='ocrx_word' id='word_1_162' title='bbox 862 1480 940 1543; x_wconf 85' lang='lat' dir='ltr'><em>Xl&#39;i.</em></span> <span class='ocrx_word' id='word_1_163' title='bbox 963 1495 1028 1558; x_wconf 82' lang='lat' dir='ltr'><em>pag.</em></span> <span class='ocrx_word' id='word_1_164' title='bbox 1051 1479 1098 1540; x_wconf 84' lang='lat'><em>77.</em></span> <span class='ocrx_word' id='word_1_165' title='bbox 1114 1479 1156 1539; x_wconf 86' lang='lat' dir='ltr'><em>De</em></span> <span class='ocrx_word' id='word_1_166' title='bbox 1176 1476 1326 1556; x_wconf 66' lang='lat' dir='ltr'><em>sacrificio</em></span> <span class='ocrx_word' id='word_1_167' title='bbox 1348 1477 1463 1540; x_wconf 77' lang='lat' dir='ltr'><em>Musae</em></span> <span class='ocrx_word' id='word_1_168' title='bbox 1484 1494 1512 1554; x_wconf 84' lang='lat' dir='ltr'><em>p.</em></span> <span class='ocrx_word' id='word_1_169' title='bbox 1532 1477 1584 1540; x_wconf 84' lang='grc'><em>00.</em></span> 
     </span>
     <span class='ocr_line' id='line_1_16' title="bbox 81 1569 1585 1652; baseline -0.005 -16"><span class='ocrx_word' id='word_1_170' title='bbox 81 1574 180 1636; x_wconf 74' lang='lat' dir='ltr'><em>annin</em></span> <span class='ocrx_word' id='word_1_171' title='bbox 201 1574 402 1636; x_wconf 80' lang='lat' dir='ltr'><em>imrrnmmm</em></span> <span class='ocrx_word' id='word_1_172' title='bbox 421 1569 606 1652; x_wconf 75' lang='lat' dir='ltr'><em>pertinentia</em></span> <span class='ocrx_word' id='word_1_173' title='bbox 628 1569 670 1632; x_wconf 89' lang='lat' dir='ltr'><em>od</em></span> <span class='ocrx_word' id='word_1_174' title='bbox 689 1573 808 1634; x_wconf 84' lang='lat' dir='ltr'><em>Statum</em></span> <span class='ocrx_word' id='word_1_175' title='bbox 863 1572 905 1634; x_wconf 86' lang='lat' dir='ltr'><em>Dc</em></span> <span class='ocrx_word' id='word_1_176' title='bbox 940 1569 1099 1641; x_wconf 83' lang='lat' dir='ltr'><em>interdicto</em></span> <span class='ocrx_word' id='word_1_177' title='bbox 1126 1569 1335 1632; x_wconf 77' lang='lat' dir='ltr'><em>Ecclesiastico</em></span> <span class='ocrx_word' id='word_1_178' title='bbox 1364 1588 1429 1648; x_wconf 83' lang='lat' dir='ltr'><em>pag.</em></span> <span class='ocrx_word' id='word_1_179' title='bbox 1452 1570 1520 1632; x_wconf 89' lang='grc'><strong>333.</strong></span> <span class='ocrx_word' id='word_1_180' title='bbox 1542 1569 1585 1628; x_wconf 88' lang='lat' dir='ltr'><em>De</em></span> 
     </span>
     <span class='ocr_line' id='line_1_17' title="bbox 82 1661 1584 1746; baseline -0.005 -18"><span class='ocrx_word' id='word_1_181' title='bbox 82 1666 234 1731; x_wconf 74' lang='lat' dir='ltr'><em>Ecclesiae</em></span> <span class='ocrx_word' id='word_1_182' title='bbox 255 1677 290 1730; x_wconf 81' lang='lat' dir='ltr'><em>rn&#39;</em></span> <span class='ocrx_word' id='word_1_183' title='bbox 303 1663 485 1746; x_wconf 74' lang='lat' dir='ltr'><em>temporibus</em></span> <span class='ocrx_word' id='word_1_184' title='bbox 512 1663 695 1746; x_wconf 70' lang='lat' dir='ltr'><em>marscrtim</em></span> <span class='ocrx_word' id='word_1_185' title='bbox 725 1662 809 1726; x_wconf 72' lang='lat' dir='ltr'><em>coca</em></span> <span class='ocrx_word' id='word_1_186' title='bbox 863 1664 1169 1727; x_wconf 72' lang='lat' dir='ltr'><em>excommunicatione</em></span> <span class='ocrx_word' id='word_1_187' title='bbox 1191 1681 1260 1742; x_wconf 68' lang='lat' dir='ltr'><em>pag.⁸</em></span> <span class='ocrx_word' id='word_1_188' title='bbox 1280 1664 1348 1724; x_wconf 87' lang='grc'><strong>305.</strong></span> <span class='ocrx_word' id='word_1_189' title='bbox 1369 1661 1405 1724; x_wconf 88' lang='lat' dir='ltr'><em>dc</em></span> <span class='ocrx_word' id='word_1_190' title='bbox 1435 1661 1584 1738; x_wconf 70' lang='grc' dir='ltr'><strong>00090οα-</strong></span> 
     </span>
     <span class='ocr_line' id='line_1_18' title="bbox 79 1753 1583 1842; baseline -0.007 -20"><span class='ocrx_word' id='word_1_191' title='bbox 79 1758 306 1842; x_wconf 61' lang='lat' dir='ltr'><em>depositionem</em></span> <span class='ocrx_word' id='word_1_192' title='bbox 323 1753 521 1824; x_wconf 82' lang='lat' dir='ltr'><em>terrorum&#39;ct</em></span> <span class='ocrx_word' id='word_1_193' title='bbox 532 1754 664 1816; x_wconf 89' lang='lat' dir='ltr'><em>oliorum</em></span> <span class='ocrx_word' id='word_1_194' title='bbox 684 1757 807 1838; x_wconf 79' lang='lat' dir='ltr'><em>jurium</em></span> <span class='ocrx_word' id='word_1_195' title='bbox 863 1756 953 1821; x_wconf 78' lang='lat' dir='ltr'><em>riute</em></span> <span class='ocrx_word' id='word_1_196' title='bbox 969 1775 996 1835; x_wconf 88' lang='lat' dir='ltr'><em>p.</em></span> <span class='ocrx_word' id='word_1_197' title='bbox 1010 1758 1083 1818; x_wconf 82' lang='grc'><strong>000.</strong></span> <span class='ocrx_word' id='word_1_198' title='bbox 1102 1764 1134 1816; x_wconf 85' lang='lat' dir='ltr'><em>et</em></span> <span class='ocrx_word' id='word_1_199' title='bbox 1150 1755 1186 1818; x_wconf 83' lang='lat' dir='ltr'><em>da</em></span> <span class='ocrx_word' id='word_1_200' title='bbox 1203 1754 1286 1826; x_wconf 82' lang='lat' dir='ltr'><em>dorr&#39;s</em></span> <span class='ocrx_word' id='word_1_201' title='bbox 1303 1754 1463 1822; x_wconf 73' lang='lat' dir='ltr'><em>cononicis</em></span> <span class='ocrx_word' id='word_1_202' title='bbox 1481 1762 1502 1813; x_wconf 94' lang='grc'><em>0.</em></span> <span class='ocrx_word' id='word_1_203' title='bbox 1520 1755 1583 1814; x_wconf 85' lang='lat' dir='ltr'><em>XV.</em></span> 
     </span>
     <span class='ocr_line' id='line_1_19' title="bbox 83 1841 1584 1930; baseline -0.003 -18"><span class='ocrx_word' id='word_1_204' title='bbox 83 1859 112 1913; x_wconf 84' lang='lat' dir='ltr'><em>et</em></span> <span class='ocrx_word' id='word_1_205' title='bbox 138 1868 282 1917; x_wconf 75' lang='lat' dir='ltr'><em>centenno</em></span> <span class='ocrx_word' id='word_1_206' title='bbox 303 1848 420 1926; x_wconf 79' lang='lat' dir='ltr'><em>collepit</em></span> <span class='ocrx_word' id='word_1_207' title='bbox 438 1847 525 1915; x_wconf 80' lang='grc'><strong>00010</strong></span> <span class='ocrx_word' id='word_1_208' title='bbox 548 1866 654 1926; x_wconf 78' lang='lat' dir='ltr'><em>maprro</em></span> <span class='ocrx_word' id='word_1_209' title='bbox 684 1847 810 1910; x_wconf 87' lang='lat' dir='ltr'><em>uolumi-</em></span> <span class='ocrx_word' id='word_1_210' title='bbox 864 1857 949 1930; x_wconf 84' lang='lat' dir='ltr'><em>parte</em></span> <span class='ocrx_word' id='word_1_211' title='bbox 971 1851 1001 1914; x_wconf 74' lang='grc'><em>0.</em></span> <span class='ocrx_word' id='word_1_212' title='bbox 1021 1867 1089 1929; x_wconf 81' lang='lat' dir='ltr'><em>pag.</em></span> <span class='ocrx_word' id='word_1_213' title='bbox 1107 1848 1175 1916; x_wconf 83' lang='grc'><strong>500.</strong></span> <span class='ocrx_word' id='word_1_214' title='bbox 1193 1841 1350 1914; x_wconf 80' lang='lat' dir='ltr'><em>Sermones</em></span> <span class='ocrx_word' id='word_1_215' title='bbox 1368 1851 1438 1908; x_wconf 89' lang='lat' dir='ltr'><em>item</em></span> <span class='ocrx_word' id='word_1_216' title='bbox 1457 1846 1494 1908; x_wconf 89' lang='lat' dir='ltr'><em>de</em></span> <span class='ocrx_word' id='word_1_217' title='bbox 1509 1853 1584 1908; x_wconf 89' lang='lat' dir='ltr'><em>tem·</em></span> 
     </span>
     <span class='ocr_line' id='line_1_20' title="bbox 82 1938 1583 2022; baseline -0.004 -17"><span class='ocrx_word' id='word_1_218' title='bbox 82 1963 141 2018; x_wconf 87' lang='lat' dir='ltr'><em>ne,·</em></span> <span class='ocrx_word' id='word_1_219' title='bbox 161 1941 309 2004; x_wconf 80' lang='lat' dir='ltr'><em>adonius</em></span> <span class='ocrx_word' id='word_1_220' title='bbox 338 1939 536 2002; x_wconf 79' lang='lat' dir='ltr'><em>collectionem</em></span> <span class='ocrx_word' id='word_1_221' title='bbox 569 1939 657 2000; x_wconf 87' lang='lat' dir='ltr'><em>etiam</em></span> <span class='ocrx_word' id='word_1_222' title='bbox 686 1958 808 2022; x_wconf 87' lang='lat' dir='ltr'><em>operam</em></span> <span class='ocrx_word' id='word_1_223' title='bbox 863 1959 934 2020; x_wconf 84' lang='lat' dir='ltr'><em>porc</em></span> <span class='ocrx_word' id='word_1_224' title='bbox 954 1949 986 2004; x_wconf 91' lang='lat' dir='ltr'><em>ct</em></span> <span class='ocrx_word' id='word_1_225' title='bbox 1007 1941 1052 2016; x_wconf 80' lang='grc' dir='ltr'><em>00ι</em></span> <span class='ocrx_word' id='word_1_226' title='bbox 1066 1943 1194 2004; x_wconf 86' lang='lat' dir='ltr'><em>Sanctis.</em></span> <span class='ocrx_word' id='word_1_227' title='bbox 1212 1941 1400 2019; x_wconf 79' lang='lat' dir='ltr'><em>Argentorat.</em></span> <span class='ocrx_word' id='word_1_228' title='bbox 1417 1940 1495 2001; x_wconf 81' lang='grc'><strong>0000</strong></span> <span class='ocrx_word' id='word_1_229' title='bbox 1509 1938 1583 2000; x_wconf 83' lang='lat' dir='ltr'><em>Vide</em></span> 
     </span>
     <span class='ocr_line' id='line_1_21' title="bbox 81 2031 1360 2118; baseline -0.003 -20"><span class='ocrx_word' id='word_1_230' title='bbox 81 2041 220 2098; x_wconf 69' lang='lat' dir='ltr'><em>neruum</em></span> <span class='ocrx_word' id='word_1_231' title='bbox 236 2033 435 2118; x_wconf 76' lang='lat' dir='ltr'><em>praebuimus</em></span> <span class='ocrx_word' id='word_1_232' title='bbox 450 2033 481 2094; x_wconf 92' lang='lat' dir='ltr'><em>in</em></span> <span class='ocrx_word' id='word_1_233' title='bbox 494 2031 665 2100; x_wconf 83' lang='lat' dir='ltr'><em>revidendo.</em></span> <span class='ocrx_word' id='word_1_234' title='bbox 680 2035 809 2111; x_wconf 83' lang='lat' dir='ltr'><em>Scripsit</em></span> <span class='ocrx_word' id='word_1_235' title='bbox 863 2034 1018 2096; x_wconf 81' lang='lat' dir='ltr'><em>oudinum</em></span> <span class='ocrx_word' id='word_1_236' title='bbox 1040 2042 1063 2096; x_wconf 88' lang='lat' dir='ltr'><em>t.</em></span> <span class='ocrx_word' id='word_1_237' title='bbox 1084 2037 1112 2098; x_wconf 87' lang='grc'><em>3.</em></span> <span class='ocrx_word' id='word_1_238' title='bbox 1136 2053 1166 2114; x_wconf 87' lang='lat' dir='ltr'><em>p.</em></span> <span class='ocrx_word' id='word_1_239' title='bbox 1187 2035 1275 2096; x_wconf 77' lang='grc'><strong>3308.</strong></span> <span class='ocrx_word' id='word_1_240' title='bbox 1297 2049 1360 2112; x_wconf 88' lang='lat' dir='ltr'><em>seq.</em></span> 
     </span>
     <span class='ocr_line' id='line_1_22' title="bbox 83 2117 1584 2195; baseline -0.003 -6"><span class='ocrx_word' id='word_1_241' title='bbox 83 2132 175 2190; x_wconf 90' lang='lat' dir='ltr'><em>etiam</em></span> <span class='ocrx_word' id='word_1_242' title='bbox 197 2126 363 2188; x_wconf 85' lang='lat' dir='ltr'><em>orationem</em></span> <span class='ocrx_word' id='word_1_243' title='bbox 391 2125 427 2188; x_wconf 89' lang='lat' dir='ltr'><em>de</em></span> <span class='ocrx_word' id='word_1_244' title='bbox 459 2121 603 2193; x_wconf 84' lang='lat' dir='ltr'><em>laudibus</em></span> <span class='ocrx_word' id='word_1_245' title='bbox 624 2123 729 2184; x_wconf 85' lang='lat' dir='ltr'><em>bonor.</em></span> <span class='ocrx_word' id='word_1_246' title='bbox 749 2124 808 2188; x_wconf 88' lang='lat' dir='ltr'><em>Ar·</em></span> <span class='ocrx_word' id='word_1_247' title='bbox 905 2125 1179 2195; x_wconf 80' lang='lat' dir='ltr'><em>PODdLlliENSlS</em></span> <span class='ocrx_word' id='word_1_248' title='bbox 1208 2127 1274 2188; x_wconf 84' lang='lat' dir='ltr'><em>sive</em></span> <span class='ocrx_word' id='word_1_249' title='bbox 1305 2117 1584 2187; x_wconf 70' lang='lat' dir='ltr'><em>inconsonan-</em></span> 
     </span>
     <span class='ocr_line' id='line_1_23' title="bbox 85 2215 1585 2298; baseline -0.003 -17"><span class='ocrx_word' id='word_1_250' title='bbox 85 2221 158 2281; x_wconf 85' lang='lat' dir='ltr'><em>iium</em></span> <span class='ocrx_word' id='word_1_251' title='bbox 176 2225 205 2280; x_wconf 89' lang='lat' dir='ltr'><em>ei</em></span> <span class='ocrx_word' id='word_1_252' title='bbox 220 2219 316 2282; x_wconf 83' lang='lat' dir='ltr'><em>Vitam</em></span> <span class='ocrx_word' id='word_1_253' title='bbox 332 2221 376 2279; x_wconf 81' lang='lat' dir='ltr'><em>io.</em></span> <span class='ocrx_word' id='word_1_254' title='bbox 396 2215 571 2284; x_wconf 72' lang='lat' dir='ltr'><em>carendis</em></span> <span class='ocrx_word' id='word_1_255' title='bbox 593 2215 711 2292; x_wconf 81' lang='lat' dir='ltr'><em>Malioi,</em></span> <span class='ocrx_word' id='word_1_256' title='bbox 729 2235 807 2298; x_wconf 88' lang='lat' dir='ltr'><em>quae</em></span> <span class='ocrx_word' id='word_1_257' title='bbox 865 2220 923 2282; x_wconf 91' lang='lat' dir='ltr'><em>SlS</em></span> <span class='ocrx_word' id='word_1_258' title='bbox 943 2237 1036 2298; x_wconf 85' lang='lat' dir='ltr'><em>prope</em></span> <span class='ocrx_word' id='word_1_259' title='bbox 1056 2223 1207 2290; x_wconf 79' lang='lat' dir='ltr'><em>Mantuam</em></span> <span class='ocrx_word' id='word_1_260' title='bbox 1228 2217 1331 2282; x_wconf 84' lang='lat' dir='ltr'><em>Ordio.</em></span> <span class='ocrx_word' id='word_1_261' title='bbox 1353 2216 1506 2281; x_wconf 83' lang='lat' dir='ltr'><em>Berredict.</em></span> <span class='ocrx_word' id='word_1_262' title='bbox 1526 2219 1585 2282; x_wconf 78' lang='lat' dir='ltr'><em>lio-</em></span> 
     </span>
     <span class='ocr_line' id='line_1_24' title="bbox 85 2311 1585 2392; baseline 0 -22"><span class='ocrx_word' id='word_1_263' title='bbox 85 2321 190 2374; x_wconf 75' lang='lat' dir='ltr'><em>servat</em></span> <span class='ocrx_word' id='word_1_264' title='bbox 206 2312 280 2375; x_wconf 82' lang='lat' dir='ltr'><em>Bibl.</em></span> <span class='ocrx_word' id='word_1_265' title='bbox 298 2311 581 2388; x_wconf 80' lang='lat' dir='ltr'><em>Riccardiana.Vide</em></span> <span class='ocrx_word' id='word_1_266' title='bbox 597 2311 729 2392; x_wconf 79' lang='lat' dir='ltr'><em>catalog.</em></span> <span class='ocrx_word' id='word_1_267' title='bbox 747 2311 809 2372; x_wconf 81' lang='lat' dir='ltr'><em>eiu·</em></span> <span class='ocrx_word' id='word_1_268' title='bbox 864 2312 980 2374; x_wconf 84' lang='lat' dir='ltr'><em>nachus</em></span> <span class='ocrx_word' id='word_1_269' title='bbox 1000 2311 1037 2374; x_wconf 87' lang='lat' dir='ltr'><em>de</em></span> <span class='ocrx_word' id='word_1_270' title='bbox 1058 2312 1124 2376; x_wconf 87' lang='lat' dir='ltr'><em>vito</em></span> <span class='ocrx_word' id='word_1_271' title='bbox 1143 2311 1272 2380; x_wconf 76' lang='lat' dir='ltr'><em>siruoms</em></span> <span class='ocrx_word' id='word_1_272' title='bbox 1286 2311 1438 2390; x_wconf 83' lang='lat' dir='ltr'><em>Armeni,¹</em></span> <span class='ocrx_word' id='word_1_273' title='bbox 1451 2312 1585 2376; x_wconf 84' lang='lat' dir='ltr'><em>tiooachi</em></span> 
     </span>
     <span class='ocr_line' id='line_1_25' title="bbox 86 2401 1585 2484; baseline -0.004 -16"><span class='ocrx_word' id='word_1_274' title='bbox 86 2406 132 2469; x_wconf 90' lang='lat' dir='ltr'><em>sd.</em></span> <span class='ocrx_word' id='word_1_275' title='bbox 154 2405 229 2468; x_wconf 82' lang='lat' dir='ltr'><em>Bibi</em></span> <span class='ocrx_word' id='word_1_276' title='bbox 251 2421 280 2482; x_wconf 91' lang='lat' dir='ltr'><em>p.</em></span> <span class='ocrx_word' id='word_1_277' title='bbox 296 2405 344 2466; x_wconf 86' lang='grc'><em>00.</em></span> <span class='ocrx_word' id='word_1_278' title='bbox 363 2405 413 2478; x_wconf 80' lang='lat' dir='ltr'><em>ubi</em></span> <span class='ocrx_word' id='word_1_279' title='bbox 430 2413 462 2463; x_wconf 89' lang='lat' dir='ltr'><em>et</em></span> <span class='ocrx_word' id='word_1_280' title='bbox 479 2403 588 2484; x_wconf 82' lang='lat' dir='ltr'><em>legitur</em></span> <span class='ocrx_word' id='word_1_281' title='bbox 602 2403 728 2482; x_wconf 84' lang='lat' dir='ltr'><em>epistola</em></span> <span class='ocrx_word' id='word_1_282' title='bbox 745 2403 810 2463; x_wconf 87' lang='lat' dir='ltr'><em>Pla·</em></span> <span class='ocrx_word' id='word_1_283' title='bbox 865 2412 896 2478; x_wconf 83' lang='lat' dir='ltr'><em>at</em></span> <span class='ocrx_word' id='word_1_284' title='bbox 917 2405 1069 2469; x_wconf 84' lang='lat' dir='ltr'><em>Eremitaa</em></span> <span class='ocrx_word' id='word_1_285' title='bbox 1090 2405 1157 2469; x_wconf 78' lang='lat' dir='ltr'><em>Sec,</em></span> <span class='ocrx_word' id='word_1_286' title='bbox 1175 2406 1228 2469; x_wconf 85' lang='lat' dir='ltr'><em>Xl.</em></span> <span class='ocrx_word' id='word_1_287' title='bbox 1245 2410 1347 2467; x_wconf 77' lang='lat' dir='ltr'><em>exsut</em></span> <span class='ocrx_word' id='word_1_288' title='bbox 1361 2405 1390 2464; x_wconf 90' lang='lat' dir='ltr'><em>in</em></span> <span class='ocrx_word' id='word_1_289' title='bbox 1409 2403 1493 2466; x_wconf 82' lang='lat' dir='ltr'><em>Actis</em></span> <span class='ocrx_word' id='word_1_290' title='bbox 1510 2401 1585 2474; x_wconf 83' lang='lat' dir='ltr'><em>San·</em></span> 
     </span>
     <span class='ocr_line' id='line_1_26' title="bbox 85 2493 1428 2576; baseline -0.004 -16"><span class='ocrx_word' id='word_1_291' title='bbox 85 2503 167 2562; x_wconf 88' lang='lat' dir='ltr'><em>tinae</em></span> <span class='ocrx_word' id='word_1_292' title='bbox 188 2497 226 2560; x_wconf 89' lang='lat' dir='ltr'><em>ad</em></span> <span class='ocrx_word' id='word_1_293' title='bbox 247 2495 369 2558; x_wconf 81' lang='lat' dir='ltr'><em>Celsum</em></span> <span class='ocrx_word' id='word_1_294' title='bbox 390 2497 545 2576; x_wconf 69' lang='lat' dir='ltr'><em>liciarum·</em></span> <span class='ocrx_word' id='word_1_295' title='bbox 566 2493 654 2562; x_wconf 83' lang='lat' dir='ltr'><em>card.</em></span> <span class='ocrx_word' id='word_1_296' title='bbox 684 2511 726 2554; x_wconf 84' lang='lat' dir='ltr'><em>ax</em></span> <span class='ocrx_word' id='word_1_297' title='bbox 753 2494 811 2555; x_wconf 90' lang='lat' dir='ltr'><em>lra-</em></span> <span class='ocrx_word' id='word_1_298' title='bbox 863 2505 938 2560; x_wconf 90' lang='lat' dir='ltr'><em>ctor.</em></span> <span class='ocrx_word' id='word_1_299' title='bbox 960 2503 983 2561; x_wconf 87' lang='grc'><em>0.</em></span> <span class='ocrx_word' id='word_1_300' title='bbox 1004 2499 1033 2558; x_wconf 87' lang='grc'><em>0.</em></span> <span class='ocrx_word' id='word_1_301' title='bbox 1055 2497 1125 2558; x_wconf 89' lang='lat' dir='ltr'><em>Julii</em></span> <span class='ocrx_word' id='word_1_302' title='bbox 1147 2497 1196 2558; x_wconf 79' lang='grc'><em>00.</em></span> <span class='ocrx_word' id='word_1_303' title='bbox 1217 2513 1247 2575; x_wconf 90' lang='lat' dir='ltr'><em>p.</em></span> <span class='ocrx_word' id='word_1_304' title='bbox 1269 2497 1337 2558; x_wconf 80' lang='grc'><strong>300.</strong></span> <span class='ocrx_word' id='word_1_305' title='bbox 1359 2495 1428 2558; x_wconf 85' lang='grc'><strong>337.</strong></span> 
     </span>
     <span class='ocr_line' id='line_1_27' title="bbox 87 2585 1585 2672; baseline -0.002 -20"><span class='ocrx_word' id='word_1_306' title='bbox 87 2601 133 2654; x_wconf 87' lang='lat' dir='ltr'><em>tre</em></span> <span class='ocrx_word' id='word_1_307' title='bbox 155 2597 304 2672; x_wconf 87' lang='lat' dir='ltr'><em>nepotem,</em></span> <span class='ocrx_word' id='word_1_308' title='bbox 318 2607 410 2668; x_wconf 89' lang='lat' dir='ltr'><em>quam</em></span> <span class='ocrx_word' id='word_1_309' title='bbox 431 2590 511 2654; x_wconf 86' lang='lat' dir='ltr'><em>vitae</em></span> <span class='ocrx_word' id='word_1_310' title='bbox 528 2587 624 2650; x_wconf 86' lang='lat' dir='ltr'><em>eiusd.</em></span> <span class='ocrx_word' id='word_1_311' title='bbox 642 2586 809 2653; x_wconf 79' lang='lat' dir='ltr'><em>cardinalis</em></span> <span class='ocrx_word' id='word_1_312' title='bbox 906 2588 1336 2669; x_wconf 79' lang='lat' dir='ltr'><em>GeorpiusPODlEBliADlUS</em></span> <span class='ocrx_word' id='word_1_313' title='bbox 1349 2585 1585 2665; x_wconf 80' lang='lat' dir='ltr'><em>(Podiellrnaius,</em></span> 
     </span>
     <span class='ocr_line' id='line_1_28' title="bbox 86 2679 1585 2766; baseline -0.004 -20"><span class='ocrx_word' id='word_1_314' title='bbox 86 2684 237 2762; x_wconf 80' lang='lat' dir='ltr'><em>praefixit.</em></span> <span class='ocrx_word' id='word_1_315' title='bbox 274 2683 433 2744; x_wconf 80' lang='lat' dir='ltr'><em>Historiam</em></span> <span class='ocrx_word' id='word_1_316' title='bbox 469 2683 659 2742; x_wconf 82' lang='grc' dir='ltr'><strong>00000000οι0</strong></span> <span class='ocrx_word' id='word_1_317' title='bbox 698 2681 807 2740; x_wconf 89' lang='lat' dir='ltr'><em>iterum</em></span> <span class='ocrx_word' id='word_1_318' title='bbox 866 2679 1092 2766; x_wconf 77' lang='lat' dir='ltr'><em>Popicbrociusl</em></span> <span class='ocrx_word' id='word_1_319' title='bbox 1114 2683 1274 2750; x_wconf 72' lang='lat' dir='ltr'><em>Belemina</em></span> <span class='ocrx_word' id='word_1_320' title='bbox 1295 2682 1383 2744; x_wconf 85' lang='lat' dir='ltr'><em>Anna</em></span> <span class='ocrx_word' id='word_1_321' title='bbox 1405 2683 1493 2746; x_wconf 87' lang='grc'><strong>0058.</strong></span> <span class='ocrx_word' id='word_1_322' title='bbox 1513 2682 1585 2742; x_wconf 83' lang='lat' dir='ltr'><em>liar.</em></span> 
     </span>
     <span class='ocr_line' id='line_1_29' title="bbox 88 2762 1585 2858; baseline -0.004 -20"><span class='ocrx_word' id='word_1_323' title='bbox 88 2775 232 2858; x_wconf 84' lang='lat' dir='ltr'><em>produxit</em></span> <span class='ocrx_word' id='word_1_324' title='bbox 252 2775 433 2854; x_wconf 80' lang='lat' dir='ltr'><em>Muratoriaa</em></span> <span class='ocrx_word' id='word_1_325' title='bbox 466 2773 533 2839; x_wconf 82' lang='lat' dir='ltr'><em>uer.</em></span> <span class='ocrx_word' id='word_1_326' title='bbox 566 2771 632 2834; x_wconf 87' lang='lat' dir='ltr'><em>Ital.</em></span> <span class='ocrx_word' id='word_1_327' title='bbox 656 2778 676 2832; x_wconf 89' lang='grc'><em>0.</em></span> <span class='ocrx_word' id='word_1_328' title='bbox 699 2762 758 2834; x_wconf 82' lang='lat' dir='ltr'><em>XX</em></span> <span class='ocrx_word' id='word_1_329' title='bbox 781 2789 809 2850; x_wconf 90' lang='lat' dir='ltr'><em>p.</em></span> <span class='ocrx_word' id='word_1_330' title='bbox 866 2774 955 2856; x_wconf 87' lang='lat' dir='ltr'><em>cajus</em></span> <span class='ocrx_word' id='word_1_331' title='bbox 977 2776 1143 2854; x_wconf 79' lang='lat' dir='ltr'><em>Fpistolam</em></span> <span class='ocrx_word' id='word_1_332' title='bbox 1157 2775 1370 2854; x_wconf 82' lang='lat' dir='ltr'><em>apologeticam</em></span> <span class='ocrx_word' id='word_1_333' title='bbox 1385 2773 1422 2836; x_wconf 89' lang='lat' dir='ltr'><em>ad</em></span> <span class='ocrx_word' id='word_1_334' title='bbox 1439 2790 1585 2852; x_wconf 82' lang='lat' dir='ltr'><em>generum</em></span> 
     </span>
     <span class='ocr_line' id='line_1_30' title="bbox 88 2861 1587 2946; baseline -0.001 -16"><span class='ocrx_word' id='word_1_335' title='bbox 88 2873 158 2930; x_wconf 88' lang='grc'><strong>000.</strong></span> <span class='ocrx_word' id='word_1_336' title='bbox 180 2867 319 2930; x_wconf 57' lang='lat' dir='ltr'><em>cicilia</em></span> <span class='ocrx_word' id='word_1_337' title='bbox 341 2861 489 2946; x_wconf 85' lang='lat' dir='ltr'><em>quaedam</em></span> <span class='ocrx_word' id='word_1_338' title='bbox 512 2866 643 2927; x_wconf 82' lang='lat' dir='ltr'><em>Plotinae</em></span> <span class='ocrx_word' id='word_1_339' title='bbox 664 2865 809 2945; x_wconf 89' lang='lat' dir='ltr'><em>opuscula</em></span> <span class='ocrx_word' id='word_1_340' title='bbox 866 2885 980 2943; x_wconf 83' lang='lat' dir='ltr'><em>suum,</em></span> <span class='ocrx_word' id='word_1_341' title='bbox 1013 2867 1167 2930; x_wconf 79' lang='lat' dir='ltr'><em>llattlriam</em></span> <span class='ocrx_word' id='word_1_342' title='bbox 1199 2869 1387 2944; x_wconf 83' lang='lat' dir='ltr'><em>Corvinum,</em></span> <span class='ocrx_word' id='word_1_343' title='bbox 1419 2867 1587 2945; x_wconf 78' lang='lat' dir='ltr'><em>ilungariao</em></span> 
     </span>
     <span class='ocr_line' id='line_1_31' title="bbox 89 2958 1587 3038; baseline -0.003 -16"><span class='ocrx_word' id='word_1_344' title='bbox 89 2965 205 3024; x_wconf 88' lang='lat' dir='ltr'><em>indicat</em></span> <span class='ocrx_word' id='word_1_345' title='bbox 226 2963 304 3020; x_wconf 89' lang='lat' dir='ltr'><em>Zeno</em></span> <span class='ocrx_word' id='word_1_346' title='bbox 325 2962 355 3019; x_wconf 91' lang='lat' dir='ltr'><em>io</em></span> <span class='ocrx_word' id='word_1_347' title='bbox 377 2960 504 3021; x_wconf 85' lang='lat' dir='ltr'><em>Dissert.</em></span> <span class='ocrx_word' id='word_1_348' title='bbox 535 2959 671 3020; x_wconf 91' lang='lat' dir='ltr'><em>Vossiao.</em></span> <span class='ocrx_word' id='word_1_349' title='bbox 698 2965 720 3019; x_wconf 87' lang='lat' dir='ltr'><em>t.</em></span> <span class='ocrx_word' id='word_1_350' title='bbox 743 2959 755 3016; x_wconf 97' lang='grc'><em>0</em></span> <span class='ocrx_word' id='word_1_351' title='bbox 781 2975 810 3036; x_wconf 92' lang='lat' dir='ltr'><em>p.</em></span> <span class='ocrx_word' id='word_1_352' title='bbox 866 2963 977 3038; x_wconf 79' lang='lat' dir='ltr'><em>Regem</em></span> <span class='ocrx_word' id='word_1_353' title='bbox 999 2959 1054 3022; x_wconf 87' lang='lat' dir='ltr'><em>An.</em></span> <span class='ocrx_word' id='word_1_354' title='bbox 1079 2962 1166 3022; x_wconf 89' lang='grc'><strong>0068.</strong></span> <span class='ocrx_word' id='word_1_355' title='bbox 1189 2961 1291 3025; x_wconf 86' lang='lat' dir='ltr'><em>datam</em></span> <span class='ocrx_word' id='word_1_356' title='bbox 1311 2960 1406 3022; x_wconf 88' lang='lat' dir='ltr'><em>edidit</em></span> <span class='ocrx_word' id='word_1_357' title='bbox 1421 2958 1587 3022; x_wconf 81' lang='lat' dir='ltr'><em>Dacherius</em></span> 
     </span>
     <span class='ocr_line' id='line_1_32' title="bbox 88 3039 1587 3137; baseline -0.005 -19"><span class='ocrx_word' id='word_1_358' title='bbox 88 3060 160 3120; x_wconf 78' lang='grc'><strong>055.</strong></span> <span class='ocrx_word' id='word_1_359' title='bbox 181 3071 278 3133; x_wconf 86' lang='lat' dir='ltr'><em>eaque</em></span> <span class='ocrx_word' id='word_1_360' title='bbox 298 3053 445 3117; x_wconf 86' lang='lat' dir='ltr'><em>contineri</em></span> <span class='ocrx_word' id='word_1_361' title='bbox 466 3053 508 3112; x_wconf 91' lang='lat' dir='ltr'><em>ait</em></span> <span class='ocrx_word' id='word_1_362' title='bbox 525 3039 559 3112; x_wconf 85' lang='lat' dir='ltr'><em>&#39;in</em></span> <span class='ocrx_word' id='word_1_363' title='bbox 581 3047 653 3115; x_wconf 76' lang='lat' dir='ltr'><em>Cod.</em></span> <span class='ocrx_word' id='word_1_364' title='bbox 670 3051 728 3114; x_wconf 81' lang='lat' dir='ltr'><em>its.</em></span> <span class='ocrx_word' id='word_1_365' title='bbox 751 3051 812 3137; x_wconf 82' lang='grc'><em>00-</em></span> <span class='ocrx_word' id='word_1_366' title='bbox 868 3061 938 3120; x_wconf 82' lang='lat' dir='ltr'><em>tom.</em></span> <span class='ocrx_word' id='word_1_367' title='bbox 963 3055 990 3114; x_wconf 95' lang='grc'><em>0.</em></span> <span class='ocrx_word' id='word_1_368' title='bbox 1019 3055 1164 3136; x_wconf 78' lang='lat' dir='ltr'><em>spicilegii</em></span> <span class='ocrx_word' id='word_1_369' title='bbox 1197 3071 1262 3135; x_wconf 75' lang='lat' dir='ltr'><em>pag.</em></span> <span class='ocrx_word' id='word_1_370' title='bbox 1286 3056 1354 3118; x_wconf 90' lang='grc'><strong>003.</strong></span> <span class='ocrx_word' id='word_1_371' title='bbox 1377 3054 1457 3132; x_wconf 87' lang='lat' dir='ltr'><em>(edit.</em></span> <span class='ocrx_word' id='word_1_372' title='bbox 1491 3069 1587 3112; x_wconf 89' lang='lat' dir='ltr'><em>novae</em></span> 
     </span>
     <span class='ocr_line' id='line_1_33' title="bbox 88 3143 1588 3226; baseline -0.001 -18"><span class='ocrx_word' id='word_1_373' title='bbox 88 3152 164 3210; x_wconf 84' lang='lat' dir='ltr'><em>ionii</em></span> <span class='ocrx_word' id='word_1_374' title='bbox 197 3147 320 3209; x_wconf 75' lang='lat' dir='ltr'><em>vacuari</em></span> <span class='ocrx_word' id='word_1_375' title='bbox 351 3143 435 3222; x_wconf 81' lang='lat' dir='ltr'><em>Gicja</em></span> <span class='ocrx_word' id='word_1_376' title='bbox 458 3143 570 3210; x_wconf 76' lang='lat' dir='ltr'><em>,Medici</em></span> <span class='ocrx_word' id='word_1_377' title='bbox 601 3143 812 3207; x_wconf 85' lang='lat' dir='ltr'><em>Ferrariaosis.</em></span> <span class='ocrx_word' id='word_1_378' title='bbox 867 3154 940 3208; x_wconf 91' lang='lat' dir='ltr'><em>tom.</em></span> <span class='ocrx_word' id='word_1_379' title='bbox 963 3147 990 3208; x_wconf 87' lang='grc'><em>3.</em></span> <span class='ocrx_word' id='word_1_380' title='bbox 1011 3165 1079 3226; x_wconf 85' lang='lat' dir='ltr'><em>pag.</em></span> <span class='ocrx_word' id='word_1_381' title='bbox 1105 3149 1184 3224; x_wconf 78' lang='grc'><strong>830.)</strong></span> <span class='ocrx_word' id='word_1_382' title='bbox 1211 3149 1252 3210; x_wconf 86' lang='lat' dir='ltr'><em>De</em></span> <span class='ocrx_word' id='word_1_383' title='bbox 1283 3149 1376 3209; x_wconf 88' lang='lat' dir='ltr'><em>variis</em></span> <span class='ocrx_word' id='word_1_384' title='bbox 1409 3145 1588 3208; x_wconf 86' lang='lat' dir='ltr'><em>Pontificum</em></span> 
     </span>
     <span class='ocr_line' id='line_1_34' title="bbox 86 3232 1587 3322; baseline -0.005 -19"><span class='ocrx_word' id='word_1_385' title='bbox 86 3243 169 3304; x_wconf 90' lang='lat' dir='ltr'><em>Sunt</em></span> <span class='ocrx_word' id='word_1_386' title='bbox 189 3247 293 3302; x_wconf 88' lang='lat' dir='ltr'><em>autem</em></span> <span class='ocrx_word' id='word_1_387' title='bbox 328 3236 483 3298; x_wconf 84' lang='lat' dir='ltr'><em>Oratiorrcs</em></span> <span class='ocrx_word' id='word_1_388' title='bbox 504 3235 542 3298; x_wconf 93' lang='lat' dir='ltr'><em>de</em></span> <span class='ocrx_word' id='word_1_389' title='bbox 562 3235 701 3298; x_wconf 83' lang='lat' dir='ltr'><em>laudibus</em></span> <span class='ocrx_word' id='word_1_390' title='bbox 724 3232 813 3322; x_wconf 82' lang='lat' dir='ltr'><em>pocr&#39;s</em></span> <span class='ocrx_word' id='word_1_391' title='bbox 868 3240 952 3300; x_wconf 81' lang='lat' dir='ltr'><em>Rom.</em></span> <span class='ocrx_word' id='word_1_392' title='bbox 974 3239 1067 3308; x_wconf 84' lang='lat' dir='ltr'><em>Actis.</em></span> <span class='ocrx_word' id='word_1_393' title='bbox 1088 3247 1194 3302; x_wconf 88' lang='lat' dir='ltr'><em>contra</em></span> <span class='ocrx_word' id='word_1_394' title='bbox 1216 3240 1298 3303; x_wconf 82' lang='lat' dir='ltr'><em>hunc</em></span> <span class='ocrx_word' id='word_1_395' title='bbox 1317 3241 1439 3316; x_wconf 82' lang='lat' dir='ltr'><em>Regem,</em></span> <span class='ocrx_word' id='word_1_396' title='bbox 1450 3236 1587 3308; x_wconf 89' lang='lat' dir='ltr'><em>Oudinus</em></span> 
     </span>
     <span class='ocr_line' id='line_1_35' title="bbox 87 3327 1587 3414; baseline -0.005 -20"><span class='ocrx_word' id='word_1_397' title='bbox 87 3341 115 3394; x_wconf 82' lang='lat' dir='ltr'><em>et</em></span> <span class='ocrx_word' id='word_1_398' title='bbox 131 3333 170 3395; x_wconf 87' lang='lat' dir='ltr'><em>de</em></span> <span class='ocrx_word' id='word_1_399' title='bbox 191 3329 333 3394; x_wconf 78' lang='lat' dir='ltr'><em>tanaitas</em></span> <span class='ocrx_word' id='word_1_400' title='bbox 355 3327 432 3392; x_wconf 85' lang='lat' dir='ltr'><em>lrclli.</em></span> <span class='ocrx_word' id='word_1_401' title='bbox 456 3327 473 3362; x_wconf 72' lang='lat' dir='ltr'><em>s</em></span> <span class='ocrx_word' id='word_1_402' title='bbox 869 3338 942 3402; x_wconf 86' lang='lat' dir='ltr'><em>tom,</em></span> <span class='ocrx_word' id='word_1_403' title='bbox 965 3331 992 3394; x_wconf 87' lang='lat'><em>3.</em></span> <span class='ocrx_word' id='word_1_404' title='bbox 1010 3347 1082 3414; x_wconf 82' lang='lat' dir='ltr'><em>pag.</em></span> <span class='ocrx_word' id='word_1_405' title='bbox 1100 3333 1192 3396; x_wconf 79' lang='grc'><strong>0570.</strong></span> <span class='ocrx_word' id='word_1_406' title='bbox 1209 3349 1248 3394; x_wconf 84' lang='lat' dir='ltr'><em>ex</em></span> <span class='ocrx_word' id='word_1_407' title='bbox 1270 3331 1429 3394; x_wconf 77' lang='lat' dir='ltr'><em>codicibus</em></span> <span class='ocrx_word' id='word_1_408' title='bbox 1449 3329 1587 3396; x_wconf 73' lang='lat' dir='ltr'><em>Biblini-h.</em></span> 
     </span>
     <span class='ocr_line' id='line_1_36' title="bbox 127 3418 1588 3503; baseline -0.007 -15"><span class='ocrx_word' id='word_1_409' title='bbox 127 3424 346 3490; x_wconf 79' lang='lat' dir='ltr'><em>PLEGUlNUS</em></span> <span class='ocrx_word' id='word_1_410' title='bbox 363 3421 574 3500; x_wconf 75' lang='lat' dir='ltr'><em>relinquorum</em></span> <span class='ocrx_word' id='word_1_411' title='bbox 587 3418 750 3500; x_wconf 75' lang='lat' dir='ltr'><em>coenitioni</em></span> <span class='ocrx_word' id='word_1_412' title='bbox 761 3438 814 3502; x_wconf 89' lang='lat' dir='ltr'><em>po·</em></span> <span class='ocrx_word' id='word_1_413' title='bbox 870 3423 1010 3489; x_wconf 84' lang='lat' dir='ltr'><em>Paulinae</em></span> <span class='ocrx_word' id='word_1_414' title='bbox 1029 3426 1111 3503; x_wconf 79' lang='lat' dir='ltr'><em>¹lips.</em></span> <span class='ocrx_word' id='word_1_415' title='bbox 1142 3423 1180 3484; x_wconf 89' lang='lat' dir='ltr'><em>de</em></span> <span class='ocrx_word' id='word_1_416' title='bbox 1200 3424 1310 3503; x_wconf 82' lang='lat' dir='ltr'><em>quibus</em></span> <span class='ocrx_word' id='word_1_417' title='bbox 1330 3423 1433 3484; x_wconf 85' lang='lat' dir='ltr'><em>loach.</em></span> <span class='ocrx_word' id='word_1_418' title='bbox 1455 3421 1588 3482; x_wconf 86' lang='lat' dir='ltr'><em>Feilerus</em></span> 
     </span>
     <span class='ocr_line' id='line_1_37' title="bbox 86 3511 1508 3596; baseline -0.004 -16"><span class='ocrx_word' id='word_1_419' title='bbox 86 3519 216 3580; x_wconf 74' lang='grc'><strong>00000000</strong></span> <span class='ocrx_word' id='word_1_420' title='bbox 229 3561 237 3588; x_wconf 84' lang='grc'><em>,</em></span> <span class='ocrx_word' id='word_1_421' title='bbox 252 3522 283 3576; x_wconf 88' lang='lat' dir='ltr'><em>ct</em></span> <span class='ocrx_word' id='word_1_422' title='bbox 309 3511 470 3575; x_wconf 82' lang='lat' dir='ltr'><em>reconditis</em></span> <span class='ocrx_word' id='word_1_423' title='bbox 504 3518 636 3579; x_wconf 76' lang='lat' dir='ltr'><em>craturae</em></span> <span class='ocrx_word' id='word_1_424' title='bbox 661 3513 813 3592; x_wconf 75' lang='lat' dir='ltr'><em>mpslcrirs</em></span> <span class='ocrx_word' id='word_1_425' title='bbox 871 3533 936 3596; x_wconf 84' lang='lat' dir='ltr'><em>pag.</em></span> <span class='ocrx_word' id='word_1_426' title='bbox 955 3515 1022 3580; x_wconf 83' lang='grc'><strong>030.</strong></span> <span class='ocrx_word' id='word_1_427' title='bbox 1041 3517 1110 3583; x_wconf 74' lang='grc'><strong>305.</strong></span> <span class='ocrx_word' id='word_1_428' title='bbox 1128 3516 1195 3590; x_wconf 81' lang='grc'><strong>306.</strong></span> <span class='ocrx_word' id='word_1_429' title='bbox 1213 3534 1276 3595; x_wconf 88' lang='lat' dir='ltr'><em>seq.</em></span> <span class='ocrx_word' id='word_1_430' title='bbox 1295 3517 1364 3578; x_wconf 86' lang='grc'><strong>303.</strong></span> <span class='ocrx_word' id='word_1_431' title='bbox 1378 3515 1444 3576; x_wconf 88' lang='grc'><strong>003.</strong></span> <span class='ocrx_word' id='word_1_432' title='bbox 1461 3531 1508 3591; x_wconf 86' lang='lat' dir='ltr'><em>sq.</em></span> 
     </span>
     <span class='ocr_line' id='line_1_38' title="bbox 79 3601 1588 3693; baseline -0.005 -21"><span class='ocrx_word' id='word_1_433' title='bbox 79 3618 210 3693; x_wconf 85' lang='lat' dir='ltr'><em>promta</em></span> <span class='ocrx_word' id='word_1_434' title='bbox 228 3609 318 3670; x_wconf 76' lang='lat' dir='ltr'><em>iuria</em></span> <span class='ocrx_word' id='word_1_435' title='bbox 335 3624 372 3667; x_wconf 92' lang='lat' dir='ltr'><em>ac</em></span> <span class='ocrx_word' id='word_1_436' title='bbox 389 3605 528 3686; x_wconf 71' lang='lat' dir='ltr'><em>expedita</em></span> <span class='ocrx_word' id='word_1_437' title='bbox 544 3601 836 3684; x_wconf 59' lang='lat' dir='ltr'><em>adoptianorum:</em></span> <span class='ocrx_word' id='word_1_438' title='bbox 911 3603 1075 3672; x_wconf 86' lang='lat' dir='ltr'><strong>POGGIUS</strong></span> <span class='ocrx_word' id='word_1_439' title='bbox 1108 3608 1238 3672; x_wconf 86' lang='lat' dir='ltr'><em>Guccius</em></span> <span class='ocrx_word' id='word_1_440' title='bbox 1269 3609 1381 3686; x_wconf 78' lang='lat' dir='ltr'><em>(Gnosii</em></span> <span class='ocrx_word' id='word_1_441' title='bbox 1411 3609 1440 3682; x_wconf 77' lang='lat' dir='ltr'><em>l.)</em></span> <span class='ocrx_word' id='word_1_442' title='bbox 1459 3605 1588 3686; x_wconf 80' lang='lat' dir='ltr'><em>(Ugutio)</em></span> 
     </span>
     <span class='ocr_line' id='line_1_39' title="bbox 80 3695 1589 3784; baseline -0.005 -18"><span class='ocrx_word' id='word_1_443' title='bbox 80 3705 206 3784; x_wconf 71' lang='lat' dir='ltr'><em>penda:</em></span> <span class='ocrx_word' id='word_1_444' title='bbox 230 3700 359 3764; x_wconf 87' lang='lat' dir='ltr'><em>Proinde</em></span> <span class='ocrx_word' id='word_1_445' title='bbox 382 3699 411 3760; x_wconf 88' lang='lat' dir='ltr'><em>si</em></span> <span class='ocrx_word' id='word_1_446' title='bbox 436 3697 508 3782; x_wconf 82' lang='lat' dir='ltr'><em>quid</em></span> <span class='ocrx_word' id='word_1_447' title='bbox 528 3695 669 3772; x_wconf 82' lang='lat' dir='ltr'><em>obscuri,</em></span> <span class='ocrx_word' id='word_1_448' title='bbox 692 3697 815 3774; x_wconf 78' lang='lat' dir='ltr'><em>luenti,</em></span> <span class='ocrx_word' id='word_1_449' title='bbox 872 3700 1346 3774; x_wconf 70' lang='grc'><strong>0000000000000000000380.</strong></span> <span class='ocrx_word' id='word_1_450' title='bbox 1362 3704 1471 3764; x_wconf 86' lang='lat' dir='ltr'><em>Terrae</em></span> <span class='ocrx_word' id='word_1_451' title='bbox 1493 3716 1589 3760; x_wconf 83' lang='lat' dir='ltr'><em>norae</em></span> 
     </span>
     <span class='ocr_line' id='line_1_40' title="bbox 83 3790 1590 3878; baseline -0.005 -19"><span class='ocrx_word' id='word_1_452' title='bbox 83 3804 146 3858; x_wconf 90' lang='lat' dir='ltr'><em>out</em></span> <span class='ocrx_word' id='word_1_453' title='bbox 160 3814 276 3878; x_wconf 88' lang='lat' dir='ltr'><em>porum</em></span> <span class='ocrx_word' id='word_1_454' title='bbox 302 3793 398 3855; x_wconf 89' lang='lat' dir='ltr'><em>lucide</em></span> <span class='ocrx_word' id='word_1_455' title='bbox 416 3790 607 3872; x_wconf 87' lang='lat' dir='ltr'><em>interpretati</em></span> <span class='ocrx_word' id='word_1_456' title='bbox 621 3798 815 3868; x_wconf 84' lang='lat' dir='ltr'><em>occurreret,</em></span> <span class='ocrx_word' id='word_1_457' title='bbox 873 3799 903 3861; x_wconf 91' lang='lat' dir='ltr'><em>in</em></span> <span class='ocrx_word' id='word_1_458' title='bbox 925 3797 1036 3858; x_wconf 87' lang='lat' dir='ltr'><em>ditione</em></span> <span class='ocrx_word' id='word_1_459' title='bbox 1046 3798 1226 3874; x_wconf 80' lang='lat' dir='ltr'><em>Florentino,</em></span> <span class='ocrx_word' id='word_1_460' title='bbox 1239 3813 1380 3876; x_wconf 83' lang='lat' dir='ltr'><em>magnum</em></span> <span class='ocrx_word' id='word_1_461' title='bbox 1394 3811 1502 3856; x_wconf 87' lang='lat' dir='ltr'><em>nornen</em></span> <span class='ocrx_word' id='word_1_462' title='bbox 1519 3811 1590 3854; x_wconf 91' lang='lat' dir='ltr'><em>con·</em></span> 
     </span>
     <span class='ocr_line' id='line_1_41' title="bbox 85 3883 1590 3968; baseline -0.003 -16"><span class='ocrx_word' id='word_1_463' title='bbox 85 3887 415 3952; x_wconf 75' lang='lat' dir='ltr'><em>iudicio-eruaturnm</em></span> <span class='ocrx_word' id='word_1_464' title='bbox 432 3891 552 3949; x_wconf 88' lang='lat' dir='ltr'><em>motura</em></span> <span class='ocrx_word' id='word_1_465' title='bbox 572 3883 737 3964; x_wconf 82' lang='lat' dir='ltr'><em>prudenter</em></span> <span class='ocrx_word' id='word_1_466' title='bbox 753 3885 819 3964; x_wconf 82' lang='lat' dir='ltr'><em>qui·</em></span> <span class='ocrx_word' id='word_1_467' title='bbox 873 3890 1237 3968; x_wconf 80' lang='lat' dir='ltr'><em>secutuslepidoingcoio</em></span> <span class='ocrx_word' id='word_1_468' title='bbox 1258 3897 1288 3950; x_wconf 87' lang='lat' dir='ltr'><em>et</em></span> <span class='ocrx_word' id='word_1_469' title='bbox 1307 3889 1422 3950; x_wconf 84' lang='lat' dir='ltr'><em>meritis</em></span> <span class='ocrx_word' id='word_1_470' title='bbox 1445 3904 1502 3948; x_wconf 89' lang='lat' dir='ltr'><em>non</em></span> <span class='ocrx_word' id='word_1_471' title='bbox 1525 3887 1590 3948; x_wconf 91' lang='lat' dir='ltr'><em>inli-</em></span> 
     </span>
     <span class='ocr_line' id='line_1_42' title="bbox 83 3977 1588 4061; baseline -0.003 -18"><span class='ocrx_word' id='word_1_472' title='bbox 83 3983 157 4043; x_wconf 84' lang='lat' dir='ltr'><em>dem</em></span> <span class='ocrx_word' id='word_1_473' title='bbox 177 3998 254 4043; x_wconf 85' lang='lat' dir='ltr'><em>usus</em></span> <span class='ocrx_word' id='word_1_474' title='bbox 270 3985 324 4042; x_wconf 86' lang='lat' dir='ltr'><em>est.</em></span> <span class='ocrx_word' id='word_1_475' title='bbox 340 3979 382 4038; x_wconf 83' lang='lat' dir='ltr'><em>Et</em></span> <span class='ocrx_word' id='word_1_476' title='bbox 395 3977 535 4058; x_wconf 84' lang='lat' dir='ltr'><em>quoniam</em></span> <span class='ocrx_word' id='word_1_477' title='bbox 548 3977 662 4040; x_wconf 81' lang='lat' dir='ltr'><em>BliDili</em></span> <span class='ocrx_word' id='word_1_478' title='bbox 680 3977 818 4058; x_wconf 87' lang='lat' dir='ltr'><em>inprimis</em></span> <span class='ocrx_word' id='word_1_479' title='bbox 872 3981 987 4042; x_wconf 88' lang='lat' dir='ltr'><em>ciendis</em></span> <span class='ocrx_word' id='word_1_480' title='bbox 999 3984 1028 4044; x_wconf 89' lang='lat' dir='ltr'><em>in</em></span> <span class='ocrx_word' id='word_1_481' title='bbox 1041 3981 1588 4061; x_wconf 72' lang='lat' dir='ltr'><em>litteras:discipulusiodiavennatis,</em></span> 
     </span>
     <span class='ocr_line' id='line_1_43' title="bbox 83 4067 1590 4154; baseline -0.003 -18"><span class='ocrx_word' id='word_1_482' title='bbox 83 4091 254 4138; x_wconf 76' lang='lat' dir='ltr'><em>cmuuram</em></span> <span class='ocrx_word' id='word_1_483' title='bbox 267 4071 371 4150; x_wconf 81' lang='lat' dir='ltr'><em>mapni</em></span> <span class='ocrx_word' id='word_1_484' title='bbox 382 4068 532 4150; x_wconf 70' lang='lat' dir='ltr'><em>seruiat,</em></span> <span class='ocrx_word' id='word_1_485' title='bbox 549 4067 632 4147; x_wconf 85' lang='lat' dir='ltr'><em>opud</em></span> <span class='ocrx_word' id='word_1_486' title='bbox 646 4087 713 4130; x_wconf 88' lang='lat' dir='ltr'><em>eum</em></span> <span class='ocrx_word' id='word_1_487' title='bbox 730 4078 816 4150; x_wconf 82' lang='lat' dir='ltr'><em>oria,</em></span> <span class='ocrx_word' id='word_1_488' title='bbox 873 4076 1018 4139; x_wconf 79' lang='lat' dir='ltr'><em>tumens</em></span> <span class='ocrx_word' id='word_1_489' title='bbox 1038 4075 1238 4154; x_wconf 74' lang='lat' dir='ltr'><em>Chrysalorae</em></span> <span class='ocrx_word' id='word_1_490' title='bbox 1259 4084 1290 4139; x_wconf 90' lang='lat' dir='ltr'><em>et</em></span> <span class='ocrx_word' id='word_1_491' title='bbox 1311 4077 1418 4140; x_wconf 85' lang='lat' dir='ltr'><em>Colutii</em></span> <span class='ocrx_word' id='word_1_492' title='bbox 1441 4077 1567 4142; x_wconf 83' lang='lat' dir='ltr'><em>salutati</em></span> <span class='ocrx_word' id='word_1_493' title='bbox 1582 4095 1590 4133; x_wconf 82' lang='lat'><em>.-</em></span> 
     </span>
     <span class='ocr_line' id='line_1_44' title="bbox 82 4161 1589 4248; baseline 0.003 -23"><span class='ocrx_word' id='word_1_494' title='bbox 82 4169 123 4227; x_wconf 83' lang='lat' dir='ltr'><em>de</em></span> <span class='ocrx_word' id='word_1_495' title='bbox 148 4185 209 4227; x_wconf 84' lang='lat' dir='ltr'><em>sex</em></span> <span class='ocrx_word' id='word_1_496' title='bbox 232 4164 384 4227; x_wconf 85' lang='lat' dir='ltr'><em>aetatibus</em></span> <span class='ocrx_word' id='word_1_497' title='bbox 406 4162 506 4224; x_wconf 83' lang='lat' dir='ltr'><em>Mundi</em></span> <span class='ocrx_word' id='word_1_498' title='bbox 538 4161 730 4240; x_wconf 85' lang='lat' dir='ltr'><em>quaestione,</em></span> <span class='ocrx_word' id='word_1_499' title='bbox 762 4182 817 4246; x_wconf 87' lang='lat' dir='ltr'><em>per</em></span> <span class='ocrx_word' id='word_1_500' title='bbox 872 4167 910 4226; x_wconf 88' lang='lat' dir='ltr'><em>ab</em></span> <span class='ocrx_word' id='word_1_501' title='bbox 930 4167 988 4228; x_wconf 86' lang='lat' dir='ltr'><em>An.</em></span> <span class='ocrx_word' id='word_1_502' title='bbox 1011 4167 1101 4229; x_wconf 89' lang='grc'><strong>0000.</strong></span> <span class='ocrx_word' id='word_1_503' title='bbox 1121 4168 1158 4228; x_wconf 90' lang='lat' dir='ltr'><em>ab</em></span> <span class='ocrx_word' id='word_1_504' title='bbox 1178 4169 1321 4248; x_wconf 86' lang='lat' dir='ltr'><em>Epistolis</em></span> <span class='ocrx_word' id='word_1_505' title='bbox 1341 4170 1506 4233; x_wconf 82' lang='lat' dir='ltr'><em>iunocentii</em></span> <span class='ocrx_word' id='word_1_506' title='bbox 1528 4169 1589 4232; x_wconf 86' lang='lat' dir='ltr'><em>vu.</em></span> 
     </span>
     <span class='ocr_line' id='line_1_45' title="bbox 86 4255 1591 4341; baseline -0.001 -21"><span class='ocrx_word' id='word_1_507' title='bbox 86 4260 218 4322; x_wconf 84' lang='lat' dir='ltr'><em>litteras</em></span> <span class='ocrx_word' id='word_1_508' title='bbox 238 4263 384 4319; x_wconf 86' lang='lat' dir='ltr'><em>accurate</em></span> <span class='ocrx_word' id='word_1_509' title='bbox 408 4260 481 4334; x_wconf 69' lang='lat' dir='ltr'><em>apri,</em></span> <span class='ocrx_word' id='word_1_510' title='bbox 509 4260 545 4314; x_wconf 88' lang='lat' dir='ltr'><em>ut</em></span> <span class='ocrx_word' id='word_1_511' title='bbox 566 4255 742 4317; x_wconf 88' lang='lat' dir='ltr'><em>accuratius</em></span> <span class='ocrx_word' id='word_1_512' title='bbox 769 4275 817 4318; x_wconf 89' lang='lat' dir='ltr'><em>re·</em></span> <span class='ocrx_word' id='word_1_513' title='bbox 873 4269 904 4318; x_wconf 83' lang='lat' dir='ltr'><em>et</em></span> <span class='ocrx_word' id='word_1_514' title='bbox 925 4261 982 4320; x_wconf 80' lang='grc'><em>00.</em></span> <span class='ocrx_word' id='word_1_515' title='bbox 1004 4263 1093 4323; x_wconf 89' lang='grc'><strong>0003.</strong></span> <span class='ocrx_word' id='word_1_516' title='bbox 1115 4263 1239 4322; x_wconf 88' lang='lat' dir='ltr'><em>loannis</em></span> <span class='ocrx_word' id='word_1_517' title='bbox 1260 4263 1370 4323; x_wconf 83' lang='lat' dir='ltr'><em>Xlilll.</em></span> <span class='ocrx_word' id='word_1_518' title='bbox 1391 4280 1482 4341; x_wconf 88' lang='lat' dir='ltr'><em>quem</em></span> <span class='ocrx_word' id='word_1_519' title='bbox 1500 4263 1591 4322; x_wconf 91' lang='lat' dir='ltr'><em>comi-</em></span> 
     </span>
    </p>
   </div>
   <div class='ocr_carea' id='block_1_3' title="bbox 4 4345 1591 4615">
    <p class='ocr_par' dir='ltr' id='par_1_3' title="bbox 4 4345 1591 4615">
     <span class='ocr_line' id='line_1_46' title="bbox 82 4345 1590 4442; baseline -0.001 -28"><span class='ocrx_word' id='word_1_520' title='bbox 82 4351 255 4442; x_wconf 78' lang='lat' dir='ltr'><em>rponderct</em></span> <span class='ocrx_word' id='word_1_521' title='bbox 272 4351 303 4411; x_wconf 90' lang='lat' dir='ltr'><em>iu</em></span> <span class='ocrx_word' id='word_1_522' title='bbox 317 4366 412 4410; x_wconf 86' lang='lat' dir='ltr'><em>causa</em></span> <span class='ocrx_word' id='word_1_523' title='bbox 430 4345 573 4411; x_wconf 77' lang='lat' dir='ltr'><em>lomenti.</em></span> <span class='ocrx_word' id='word_1_524' title='bbox 599 4345 679 4404; x_wconf 84' lang='lat' dir='ltr'><em>Beda</em></span> <span class='ocrx_word' id='word_1_525' title='bbox 694 4365 754 4428; x_wconf 88' lang='lat' dir='ltr'><em>pro</em></span> <span class='ocrx_word' id='word_1_526' title='bbox 771 4364 817 4410; x_wconf 75' lang='lat' dir='ltr'><em>sc</em></span> <span class='ocrx_word' id='word_1_527' title='bbox 873 4359 955 4414; x_wconf 90' lang='lat' dir='ltr'><em>tatus</em></span> <span class='ocrx_word' id='word_1_528' title='bbox 976 4358 1022 4414; x_wconf 89' lang='lat' dir='ltr'><em>est</em></span> <span class='ocrx_word' id='word_1_529' title='bbox 1045 4355 1073 4413; x_wconf 90' lang='lat' dir='ltr'><em>in</em></span> <span class='ocrx_word' id='word_1_530' title='bbox 1095 4355 1261 4422; x_wconf 73' lang='lat' dir='ltr'><em>Concilium</em></span> <span class='ocrx_word' id='word_1_531' title='bbox 1283 4356 1534 4430; x_wconf 74' lang='lat' dir='ltr'><em>Constantianos,</em></span> <span class='ocrx_word' id='word_1_532' title='bbox 1559 4359 1590 4410; x_wconf 85' lang='lat' dir='ltr'><em>et</em></span> 
     </span>
     <span class='ocr_line' id='line_1_47' title="bbox 4 4437 1590 4526; baseline -0.001 -22"><span class='ocrx_word' id='word_1_533' title='bbox 4 4445 5 4520; x_wconf 59' lang='grc' dir='ltr'>ζ</span> <span class='ocrx_word' id='word_1_534' title='bbox 82 4437 578 4512; x_wconf 73' lang='lat' dir='ltr'><em>ltinsualrumamtate‚caudare</em></span> <span class='ocrx_word' id='word_1_535' title='bbox 593 4447 751 4520; x_wconf 78' lang='lat' dir='ltr'><em>quoquest</em></span> <span class='ocrx_word' id='word_1_536' title='bbox 769 4439 817 4523; x_wconf 70' lang='lat' dir='ltr'><em>iu:</em></span> <span class='ocrx_word' id='word_1_537' title='bbox 871 4446 996 4510; x_wconf 87' lang='lat' dir='ltr'><em>aliorum</em></span> <span class='ocrx_word' id='word_1_538' title='bbox 1018 4447 1160 4526; x_wconf 83' lang='lat' dir='ltr'><em>deinceps</em></span> <span class='ocrx_word' id='word_1_539' title='bbox 1181 4464 1235 4508; x_wconf 82' lang='lat' dir='ltr'><em>sex</em></span> <span class='ocrx_word' id='word_1_540' title='bbox 1269 4449 1465 4518; x_wconf 79' lang='lat' dir='ltr'><em>Postidmm,</em></span> <span class='ocrx_word' id='word_1_541' title='bbox 1492 4445 1590 4505; x_wconf 84' lang='lat' dir='ltr'><em>donno</em></span> 
     </span>
     <span class='ocr_line' id='line_1_48' title="bbox 80 4534 1591 4615; baseline -0.005 -15"><span class='ocrx_word' id='word_1_542' title='bbox 80 4538 224 4610; x_wconf 66' lang='lat' dir='ltr'><em>utnon,</em></span> <span class='ocrx_word' id='word_1_543' title='bbox 255 4537 345 4600; x_wconf 80' lang='lat' dir='ltr'><em>inem</em></span> <span class='ocrx_word' id='word_1_544' title='bbox 373 4551 437 4594; x_wconf 85' lang='lat' dir='ltr'><em>rcm</em></span> <span class='ocrx_word' id='word_1_545' title='bbox 467 4549 581 4595; x_wconf 86' lang='lat' dir='ltr'><em>omnam</em></span> <span class='ocrx_word' id='word_1_546' title='bbox 603 4549 681 4594; x_wconf 82' lang='lat' dir='ltr'><em>curo</em></span> <span class='ocrx_word' id='word_1_547' title='bbox 706 4534 818 4615; x_wconf 85' lang='lat' dir='ltr'><em>scripto</em></span> <span class='ocrx_word' id='word_1_548' title='bbox 873 4541 959 4598; x_wconf 82' lang='grc'><strong>0000</strong></span> <span class='ocrx_word' id='word_1_549' title='bbox 980 4541 1058 4601; x_wconf 88' lang='grc'><strong>0053</strong></span> <span class='ocrx_word' id='word_1_550' title='bbox 1080 4547 1137 4601; x_wconf 89' lang='lat' dir='ltr'><em>aet.</em></span> <span class='ocrx_word' id='word_1_551' title='bbox 1159 4539 1208 4602; x_wconf 79' lang='grc'><em>73.</em></span> <span class='ocrx_word' id='word_1_552' title='bbox 1229 4543 1320 4602; x_wconf 78' lang='lat' dir='ltr'><em>Roma</em></span> <span class='ocrx_word' id='word_1_553' title='bbox 1338 4541 1444 4600; x_wconf 84' lang='lat' dir='ltr'><em>relicta</em></span> <span class='ocrx_word' id='word_1_554' title='bbox 1471 4537 1591 4596; x_wconf 79' lang='lat' dir='ltr'><em>moren-</em></span> 
     </span>
    </p>
   </div>
   <div class='ocr_carea' id='block_1_4' title="bbox 4 4624 1590 4912">
    <p class='ocr_par' dir='ltr' id='par_1_4' title="bbox 4 4624 1590 4912">
     <span class='ocr_line' id='line_1_49' title="bbox 81 4624 1590 4712; baseline -0.003 -22"><span class='ocrx_word' id='word_1_555' title='bbox 81 4628 243 4712; x_wconf 63' lang='grc' dir='ltr'><strong>00ῃὶ0)υο</strong></span> <span class='ocrx_word' id='word_1_556' title='bbox 263 4626 381 4701; x_wconf 70' lang='lat' dir='ltr'><em>dioilo,</em></span> <span class='ocrx_word' id='word_1_557' title='bbox 403 4625 459 4706; x_wconf 84' lang='lat' dir='ltr'><em>qui</em></span> <span class='ocrx_word' id='word_1_558' title='bbox 477 4630 506 4684; x_wconf 86' lang='lat' dir='ltr'><em>et</em></span> <span class='ocrx_word' id='word_1_559' title='bbox 534 4624 633 4685; x_wconf 81' lang='lat' dir='ltr'><em>adnue</em></span> <span class='ocrx_word' id='word_1_560' title='bbox 665 4625 762 4705; x_wconf 80' lang='lat' dir='ltr'><em>spirat</em></span> <span class='ocrx_word' id='word_1_561' title='bbox 782 4645 818 4687; x_wconf 89' lang='lat' dir='ltr'><em>nc</em></span> <span class='ocrx_word' id='word_1_562' title='bbox 874 4631 946 4690; x_wconf 83' lang='lat' dir='ltr'><em>tiam</em></span> <span class='ocrx_word' id='word_1_563' title='bbox 979 4639 1143 4710; x_wconf 85' lang='lat' dir='ltr'><em>repetens,</em></span> <span class='ocrx_word' id='word_1_564' title='bbox 1176 4634 1213 4693; x_wconf 87' lang='lat' dir='ltr'><em>ibi</em></span> <span class='ocrx_word' id='word_1_565' title='bbox 1244 4631 1399 4692; x_wconf 74' lang='lat' dir='ltr'><em>leonardo</em></span> <span class='ocrx_word' id='word_1_566' title='bbox 1424 4637 1454 4690; x_wconf 89' lang='lat' dir='ltr'><em>ct</em></span> <span class='ocrx_word' id='word_1_567' title='bbox 1485 4629 1590 4690; x_wconf 86' lang='lat' dir='ltr'><em>Carolo</em></span> 
     </span>
     <span class='ocr_line' id='line_1_50' title="bbox 4 4711 1590 4800; baseline 0 -20"><span class='ocrx_word' id='word_1_568' title='bbox 4 4711 5 4722; x_wconf 72' lang='grc'>’</span> <span class='ocrx_word' id='word_1_569' title='bbox 82 4727 172 4784; x_wconf 84' lang='lat' dir='ltr'><em>inter</em></span> <span class='ocrx_word' id='word_1_570' title='bbox 198 4723 313 4784; x_wconf 83' lang='lat' dir='ltr'>BEDAE</span> <span class='ocrx_word' id='word_1_571' title='bbox 334 4713 599 4800; x_wconf 67' lang='lat' dir='ltr'><em>epitomatorem</em></span> <span class='ocrx_word' id='word_1_572' title='bbox 620 4723 819 4798; x_wconf 88' lang='lat' dir='ltr'><em>occupatnon</em></span> <span class='ocrx_word' id='word_1_573' title='bbox 875 4723 998 4786; x_wconf 79' lang='lat' dir='ltr'><em>Aretino</em></span> <span class='ocrx_word' id='word_1_574' title='bbox 1015 4728 1163 4788; x_wconf 87' lang='lat' dir='ltr'><em>successit</em></span> <span class='ocrx_word' id='word_1_575' title='bbox 1184 4726 1213 4784; x_wconf 91' lang='lat' dir='ltr'><em>in</em></span> <span class='ocrx_word' id='word_1_576' title='bbox 1236 4740 1360 4789; x_wconf 86' lang='lat' dir='ltr'><em>munere</em></span> <span class='ocrx_word' id='word_1_577' title='bbox 1376 4723 1590 4785; x_wconf 84' lang='lat' dir='ltr'><em>lrouastissimo</em></span> 
     </span>
     <span class='ocr_line' id='line_1_51' title="bbox 4 4809 1589 4912; baseline 0 -40"><span class='ocrx_word' id='word_1_578' title='bbox 4 4835 6 4912; x_wconf 54' lang='grc'><em>0</em></span> <span class='ocrx_word' id='word_1_579' title='bbox 83 4809 606 4895; x_wconf 67' lang='grc' dir='ltr'><strong>0090000000.Ηο0000100000000.</strong></span> <span class='ocrx_word' id='word_1_580' title='bbox 626 4811 739 4874; x_wconf 64' lang='lat' dir='ltr'><em>triani</em></span> <span class='ocrx_word' id='word_1_581' title='bbox 760 4829 819 4888; x_wconf 84' lang='lat' dir='ltr'><em>quo</em></span> <span class='ocrx_word' id='word_1_582' title='bbox 876 4815 1052 4877; x_wconf 81' lang='lat' dir='ltr'><em>Cancellarii</em></span> <span class='ocrx_word' id='word_1_583' title='bbox 1072 4820 1152 4895; x_wconf 85' lang='lat' dir='ltr'><em>licip.</em></span> <span class='ocrx_word' id='word_1_584' title='bbox 1175 4817 1315 4893; x_wconf 79' lang='lat' dir='ltr'><em>diemque</em></span> <span class='ocrx_word' id='word_1_585' title='bbox 1334 4816 1407 4875; x_wconf 87' lang='lat' dir='ltr'><em>obiit</em></span> <span class='ocrx_word' id='word_1_586' title='bbox 1433 4813 1489 4874; x_wconf 82' lang='grc'><em>00.</em></span> <span class='ocrx_word' id='word_1_587' title='bbox 1510 4815 1589 4876; x_wconf 87' lang='grc'><strong>0050</strong></span> 
     </span>
    </p>
   </div>
   <div class='ocr_carea' id='block_1_5' title="bbox 1293 4937 1349 4996">
    <p class='ocr_par' dir='ltr' id='par_1_5' title="bbox 1293 4937 1349 4996">
     <span class='ocr_line' id='line_1_52' title="bbox 1293 4937 1349 4996; baseline -0.036 0"><span class='ocrx_word' id='word_1_588' title='bbox 1293 4937 1349 4996; x_wconf 82' lang='grc'><em>088</em></span> 
     </span>
    </p>
   </div>
   <div class='ocr_carea' id='block_1_6' title="bbox 0 0 1844 5408">
    <p class='ocr_par' dir='ltr' id='par_1_6' title="bbox 0 0 1844 5408">
     <span class='ocr_line' id='line_1_53' title="bbox 0 0 1844 5408; baseline 0 0"><span class='ocrx_word' id='word_1_589' title='bbox 0 0 1844 5408; x_wconf 95' lang='lat' dir='ltr'><em> </em></span> 
     </span>
    </p>
   </div>
  </div>
 </body>
</html>
