<?xml version="1.0" encoding="UTF-8"?>
<!DOCTYPE html PUBLIC "-//W3C//DTD XHTML 1.0 Transitional//EN"
    "http://www.w3.org/TR/xhtml1/DTD/xhtml1-transitional.dtd">
<html xmlns="http://www.w3.org/1999/xhtml" xml:lang="en" lang="en">
 <head>
  <title>
</title>
<meta http-equiv="Content-Type" content="text/html;charset=utf-8" />
  <meta name='ocr-system' content='tesseract 3.04.00' />
  <meta name='ocr-capabilities' content='ocr_page ocr_carea ocr_par ocr_line ocrx_word'/>
</head>
<body>
  <div class='ocr_page' id='page_1' title='image "./bibliothecalati01gallgoog_0387.png"; bbox 0 0 3368 5362; ppageno 0'>
   <div class='ocr_carea' id='block_1_1' title="bbox 172 208 1060 288">
    <p class='ocr_par' dir='ltr' id='par_1_1' title="bbox 172 208 1060 288">
     <span class='ocr_line' id='line_1_1' title="bbox 172 208 1060 288; baseline -0.006 -16"><span class='ocrx_word' id='word_1_1' title='bbox 172 223 233 288; x_wconf 71' lang='lat'><strong>302</strong></span> <span class='ocrx_word' id='word_1_2' title='bbox 775 208 1060 273; x_wconf 86' lang='lat' dir='ltr'>areouous</span> 
     </span>
    </p>
   </div>
   <div class='ocr_carea' id='block_1_2' title="bbox 168 312 1651 1051">
    <p class='ocr_par' dir='ltr' id='par_1_2' title="bbox 168 312 1651 1051">
     <span class='ocr_line' id='line_1_2' title="bbox 171 312 1648 400; baseline -0.007 -11"><span class='ocrx_word' id='word_1_3' title='bbox 171 336 289 394; x_wconf 81' lang='lat' dir='ltr'>textum</span> <span class='ocrx_word' id='word_1_4' title='bbox 312 326 437 387; x_wconf 87' lang='lat' dir='ltr'>latinum</span> <span class='ocrx_word' id='word_1_5' title='bbox 459 329 489 385; x_wconf 89' lang='lat' dir='ltr'><strong>et</strong></span> <span class='ocrx_word' id='word_1_6' title='bbox 510 338 650 400; x_wconf 85' lang='lat' dir='ltr'>graecum</span> <span class='ocrx_word' id='word_1_7' title='bbox 669 320 811 383; x_wconf 78' lang='lat' dir='ltr'>exhibet.</span> <span class='ocrx_word' id='word_1_8' title='bbox 830 321 884 379; x_wconf 90' lang='grc'><strong>00-</strong></span> <span class='ocrx_word' id='word_1_9' title='bbox 977 315 1119 381; x_wconf 79' lang='grc'><strong>04004004</strong></span> <span class='ocrx_word' id='word_1_10' title='bbox 1140 312 1347 386; x_wconf 80' lang='grc'><strong>4440040448,</strong></span> <span class='ocrx_word' id='word_1_11' title='bbox 1365 314 1579 393; x_wconf 75' lang='lat' dir='ltr'>Florentium,</span> <span class='ocrx_word' id='word_1_12' title='bbox 1601 318 1648 379; x_wconf 86' lang='grc'><strong>004</strong></span> 
     </span>
     <span class='ocr_line' id='line_1_3' title="bbox 173 407 1651 496; baseline -0.009 -13"><span class='ocrx_word' id='word_1_13' title='bbox 173 422 220 483; x_wconf 89' lang='grc'><strong>041.</strong></span> <span class='ocrx_word' id='word_1_14' title='bbox 237 418 324 481; x_wconf 80' lang='grc'><strong>4500.</strong></span> <span class='ocrx_word' id='word_1_15' title='bbox 339 418 367 479; x_wconf 83' lang='grc'><strong>0.</strong></span> <span class='ocrx_word' id='word_1_16' title='bbox 381 412 531 496; x_wconf 82' lang='lat' dir='ltr'>Epistulas</span> <span class='ocrx_word' id='word_1_17' title='bbox 544 412 586 474; x_wconf 88' lang='lat' dir='ltr'><strong>od</strong></span> <span class='ocrx_word' id='word_1_18' title='bbox 599 410 763 475; x_wconf 70' lang='lat' dir='ltr'><strong><em>Ecclesiam</em></strong></span> <span class='ocrx_word' id='word_1_19' title='bbox 778 409 885 471; x_wconf 87' lang='lat' dir='ltr'>trium·</span> <span class='ocrx_word' id='word_1_20' title='bbox 940 410 1029 471; x_wconf 85' lang='lat' dir='ltr'>tinem</span> <span class='ocrx_word' id='word_1_21' title='bbox 1052 408 1151 473; x_wconf 82' lang='grc'><strong>000014</strong></span> <span class='ocrx_word' id='word_1_22' title='bbox 1171 409 1234 471; x_wconf 87' lang='grc'><strong>440.</strong></span> <span class='ocrx_word' id='word_1_23' title='bbox 1256 408 1386 486; x_wconf 87' lang='lat' dir='ltr'>Scripsit</span> <span class='ocrx_word' id='word_1_24' title='bbox 1411 407 1578 471; x_wconf 75' lang='lat' dir='ltr'>[littorium</span> <span class='ocrx_word' id='word_1_25' title='bbox 1598 408 1651 473; x_wconf 78' lang='grc'><strong>440</strong></span> 
     </span>
     <span class='ocr_line' id='line_1_4' title="bbox 168 499 1650 593; baseline -0.008 -16"><span class='ocrx_word' id='word_1_26' title='bbox 168 513 330 593; x_wconf 79' lang='lat' dir='ltr'>plumam,</span> <span class='ocrx_word' id='word_1_27' title='bbox 352 512 378 569; x_wconf 87' lang='lat' dir='ltr'><strong>t.</strong></span> <span class='ocrx_word' id='word_1_28' title='bbox 401 505 544 571; x_wconf 74' lang='lat' dir='ltr'><strong>Libellum</strong></span> <span class='ocrx_word' id='word_1_29' title='bbox 564 506 606 569; x_wconf 84' lang='grc'><strong>00</strong></span> <span class='ocrx_word' id='word_1_30' title='bbox 625 506 760 569; x_wconf 76' lang='lat' dir='ltr'>oenones</span> <span class='ocrx_word' id='word_1_31' title='bbox 782 503 886 565; x_wconf 75' lang='lat' dir='ltr'>Orien</span> <span class='ocrx_word' id='word_1_32' title='bbox 941 502 1111 577; x_wconf 81' lang='lat' dir='ltr'>reatinam,</span> <span class='ocrx_word' id='word_1_33' title='bbox 1133 517 1212 579; x_wconf 88' lang='lat' dir='ltr'>quaa</span> <span class='ocrx_word' id='word_1_34' title='bbox 1233 516 1304 562; x_wconf 88' lang='lat' dir='ltr'>cunr</span> <span class='ocrx_word' id='word_1_35' title='bbox 1337 500 1409 565; x_wconf 88' lang='lat' dir='ltr'>aliis</span> <span class='ocrx_word' id='word_1_36' title='bbox 1430 499 1500 578; x_wconf 86' lang='lat' dir='ltr'>ejus</span> <span class='ocrx_word' id='word_1_37' title='bbox 1526 502 1650 565; x_wconf 70' lang='lat' dir='ltr'>historiae</span> 
     </span>
     <span class='ocr_line' id='line_1_5' title="bbox 171 592 1648 679; baseline -0.005 -15"><span class='ocrx_word' id='word_1_38' title='bbox 171 603 265 679; x_wconf 83' lang='grc'><strong>40400,</strong></span> <span class='ocrx_word' id='word_1_39' title='bbox 285 600 321 665; x_wconf 80' lang='lat' dir='ltr'>dr</span> <span class='ocrx_word' id='word_1_40' title='bbox 340 599 513 663; x_wconf 81' lang='grc'><strong>0440040400</strong></span> <span class='ocrx_word' id='word_1_41' title='bbox 536 595 886 675; x_wconf 60' lang='lat' dir='ltr'>alemannorumque·</span> <span class='ocrx_word' id='word_1_42' title='bbox 943 594 1150 673; x_wconf 71' lang='lat' dir='ltr'>scriptoribus</span> <span class='ocrx_word' id='word_1_43' title='bbox 1188 609 1285 671; x_wconf 81' lang='lat' dir='ltr'>nuper</span> <span class='ocrx_word' id='word_1_44' title='bbox 1319 592 1487 657; x_wconf 77' lang='lat' dir='ltr'><strong>admodum</strong></span> <span class='ocrx_word' id='word_1_45' title='bbox 1526 599 1648 674; x_wconf 85' lang='lat' dir='ltr'>promissa</span> 
     </span>
     <span class='ocr_line' id='line_1_6' title="bbox 170 686 1647 767; baseline -0.007 -8"><span class='ocrx_word' id='word_1_46' title='bbox 170 696 213 759; x_wconf 83' lang='lat' dir='ltr'><strong>las</strong></span> <span class='ocrx_word' id='word_1_47' title='bbox 226 701 256 756; x_wconf 85' lang='grc'><strong>04</strong></span> <span class='ocrx_word' id='word_1_48' title='bbox 268 692 491 757; x_wconf 65' lang='lat' dir='ltr'>mahumetanos</span> <span class='ocrx_word' id='word_1_49' title='bbox 517 690 650 753; x_wconf 86' lang='lat' dir='ltr'>Historia</span> <span class='ocrx_word' id='word_1_50' title='bbox 661 692 887 753; x_wconf 84' lang='lat' dir='ltr'>Saracenorum</span> <span class='ocrx_word' id='word_1_51' title='bbox 942 697 992 751; x_wconf 86' lang='lat' dir='ltr'><strong>est</strong></span> <span class='ocrx_word' id='word_1_52' title='bbox 1012 691 1057 764; x_wconf 81' lang='lat' dir='ltr'><strong>a),</strong></span> <span class='ocrx_word' id='word_1_53' title='bbox 1089 687 1142 750; x_wconf 90' lang='lat' dir='ltr'><strong>aed</strong></span> <span class='ocrx_word' id='word_1_54' title='bbox 1182 686 1242 751; x_wconf 89' lang='lat' dir='ltr'><strong>huc</strong></span> <span class='ocrx_word' id='word_1_55' title='bbox 1264 702 1363 763; x_wconf 82' lang='lat' dir='ltr'>usquo</span> <span class='ocrx_word' id='word_1_56' title='bbox 1396 686 1534 751; x_wconf 88' lang='lat' dir='ltr'>nondum</span> <span class='ocrx_word' id='word_1_57' title='bbox 1554 688 1647 767; x_wconf 90' lang='lat' dir='ltr'>prodiit</span> 
     </span>
     <span class='ocr_line' id='line_1_7' title="bbox 171 779 1648 866; baseline -0.004 -17"><span class='ocrx_word' id='word_1_58' title='bbox 171 805 239 851; x_wconf 87' lang='lat' dir='ltr'><strong>cum</strong></span> <span class='ocrx_word' id='word_1_59' title='bbox 259 802 401 846; x_wconf 85' lang='lat' dir='ltr'>errorum</span> <span class='ocrx_word' id='word_1_60' title='bbox 421 783 598 866; x_wconf 73' lang='lat' dir='ltr'><strong><em>refutatione</em></strong></span> <span class='ocrx_word' id='word_1_61' title='bbox 620 785 674 861; x_wconf 87' lang='lat' dir='ltr'>ipsi</span> <span class='ocrx_word' id='word_1_62' title='bbox 693 784 835 846; x_wconf 79' lang='lat' dir='ltr'>tribuitur</span> <span class='ocrx_word' id='word_1_63' title='bbox 857 782 886 847; x_wconf 91' lang='lat' dir='ltr'><strong>in</strong></span> <span class='ocrx_word' id='word_1_64' title='bbox 986 783 1069 860; x_wconf 77' lang='grc'><strong>(005.</strong></span> <span class='ocrx_word' id='word_1_65' title='bbox 1091 781 1219 858; x_wconf 79' lang='lat' dir='ltr'>Scripsit</span> <span class='ocrx_word' id='word_1_66' title='bbox 1239 779 1343 841; x_wconf 86' lang='lat' dir='ltr'>italice</span> <span class='ocrx_word' id='word_1_67' title='bbox 1364 795 1466 857; x_wconf 83' lang='lat' dir='ltr'>usque</span> <span class='ocrx_word' id='word_1_68' title='bbox 1487 781 1525 841; x_wconf 89' lang='lat' dir='ltr'><strong>ad</strong></span> <span class='ocrx_word' id='word_1_69' title='bbox 1542 798 1568 845; x_wconf 88' lang='grc'><strong>0.</strong></span> <span class='ocrx_word' id='word_1_70' title='bbox 1581 782 1648 844; x_wconf 84' lang='lat' dir='ltr'>rtet.</span> 
     </span>
     <span class='ocr_line' id='line_1_8' title="bbox 169 872 1647 955; baseline -0.006 -11"><span class='ocrx_word' id='word_1_71' title='bbox 169 881 277 944; x_wconf 89' lang='lat' dir='ltr'>Codice</span> <span class='ocrx_word' id='word_1_72' title='bbox 288 881 464 943; x_wconf 83' lang='lat' dir='ltr'>Tauricanai</span> <span class='ocrx_word' id='word_1_73' title='bbox 479 880 620 955; x_wconf 83' lang='lat' dir='ltr'>superins</span> <span class='ocrx_word' id='word_1_74' title='bbox 632 881 807 937; x_wconf 87' lang='lat' dir='ltr'>memerato.</span> <span class='ocrx_word' id='word_1_75' title='bbox 820 875 889 934; x_wconf 88' lang='lat' dir='ltr'>Pan-</span> <span class='ocrx_word' id='word_1_76' title='bbox 944 884 977 937; x_wconf 85' lang='lat' dir='ltr'><strong>et</strong></span> <span class='ocrx_word' id='word_1_77' title='bbox 998 893 1045 953; x_wconf 92' lang='lat' dir='ltr'><strong>op.</strong></span> <span class='ocrx_word' id='word_1_78' title='bbox 1068 880 1154 936; x_wconf 79' lang='lat' dir='ltr'>artat</span> <span class='ocrx_word' id='word_1_79' title='bbox 1175 872 1236 935; x_wconf 86' lang='lat' dir='ltr'>tts.</span> <span class='ocrx_word' id='word_1_80' title='bbox 1261 872 1434 935; x_wconf 79' lang='lat' dir='ltr'>Florentiae</span> <span class='ocrx_word' id='word_1_81' title='bbox 1456 876 1487 934; x_wconf 94' lang='lat' dir='ltr'><strong>in</strong></span> <span class='ocrx_word' id='word_1_82' title='bbox 1510 876 1579 937; x_wconf 89' lang='grc'><strong>04444.</strong></span> <span class='ocrx_word' id='word_1_83' title='bbox 1600 877 1647 936; x_wconf 85' lang='lat' dir='ltr'>lic·</span> 
     </span>
     <span class='ocr_line' id='line_1_9' title="bbox 173 962 1635 1051; baseline -0.003 -16"><span class='ocrx_word' id='word_1_84' title='bbox 173 983 235 1038; x_wconf 88' lang='lat' dir='ltr'><strong>tem</strong></span> <span class='ocrx_word' id='word_1_85' title='bbox 258 962 378 1051; x_wconf 73' lang='lat' dir='ltr'>quosue</span> <span class='ocrx_word' id='word_1_86' title='bbox 393 972 533 1037; x_wconf 82' lang='grc'><strong>04004004</strong></span> <span class='ocrx_word' id='word_1_87' title='bbox 555 972 645 1030; x_wconf 86' lang='lat' dir='ltr'>latine</span> <span class='ocrx_word' id='word_1_88' title='bbox 667 971 796 1031; x_wconf 88' lang='lat' dir='ltr'>vertisse</span> <span class='ocrx_word' id='word_1_89' title='bbox 817 967 889 1029; x_wconf 89' lang='lat' dir='ltr'>dicit</span> <span class='ocrx_word' id='word_1_90' title='bbox 941 969 1083 1030; x_wconf 78' lang='lat' dir='ltr'>candiana</span> <span class='ocrx_word' id='word_1_91' title='bbox 1096 1012 1104 1041; x_wconf 85' lang='lat'>‚</span> <span class='ocrx_word' id='word_1_92' title='bbox 1119 985 1169 1029; x_wconf 90' lang='lat' dir='ltr'><strong>ma</strong></span> <span class='ocrx_word' id='word_1_93' title='bbox 1185 984 1278 1046; x_wconf 87' lang='lat' dir='ltr'>prope</span> <span class='ocrx_word' id='word_1_94' title='bbox 1299 974 1332 1026; x_wconf 92' lang='lat' dir='ltr'><strong>et</strong></span> <span class='ocrx_word' id='word_1_95' title='bbox 1352 966 1439 1029; x_wconf 87' lang='lat' dir='ltr'>alibi.</span> <span class='ocrx_word' id='word_1_96' title='bbox 1459 968 1511 1031; x_wconf 88' lang='grc'><strong>404.</strong></span> <span class='ocrx_word' id='word_1_97' title='bbox 1532 970 1584 1031; x_wconf 84' lang='lat' dir='ltr'>vol.</span> <span class='ocrx_word' id='word_1_98' title='bbox 1598 971 1635 1043; x_wconf 79' lang='grc'><strong>44</strong></span> 
     </span>
    </p>
   </div>
   <div class='ocr_carea' id='block_1_3' title="bbox 164 1062 891 3193">
    <p class='ocr_par' dir='ltr' id='par_1_3' title="bbox 169 1062 890 1703">
     <span class='ocr_line' id='line_1_10' title="bbox 171 1062 886 1141; baseline -0.007 -13"><span class='ocrx_word' id='word_1_99' title='bbox 171 1068 376 1139; x_wconf 75' lang='lat' dir='ltr'>Paestanum,</span> <span class='ocrx_word' id='word_1_100' title='bbox 393 1067 482 1129; x_wconf 87' lang='lat' dir='ltr'>cuius</span> <span class='ocrx_word' id='word_1_101' title='bbox 500 1065 568 1125; x_wconf 86' lang='lat' dir='ltr'>vide</span> <span class='ocrx_word' id='word_1_102' title='bbox 584 1063 759 1141; x_wconf 73' lang='lat' dir='ltr'>catalogum</span> <span class='ocrx_word' id='word_1_103' title='bbox 777 1062 886 1138; x_wconf 88' lang='lat' dir='ltr'>Script.</span> 
     </span>
     <span class='ocr_line' id='line_1_11' title="bbox 171 1152 887 1237; baseline -0.011 -17"><span class='ocrx_word' id='word_1_104' title='bbox 171 1160 535 1237; x_wconf 56' lang='lat' dir='ltr'>Placentinorumpmst.</span> <span class='ocrx_word' id='word_1_105' title='bbox 546 1157 608 1217; x_wconf 85' lang='grc'><strong>400.</strong></span> <span class='ocrx_word' id='word_1_106' title='bbox 620 1155 724 1228; x_wconf 82' lang='grc'><strong>000444</strong></span> <span class='ocrx_word' id='word_1_107' title='bbox 732 1152 769 1215; x_wconf 86' lang='grc'><strong>00</strong></span> <span class='ocrx_word' id='word_1_108' title='bbox 780 1153 887 1229; x_wconf 72' lang='lat' dir='ltr'>script.</span> 
     </span>
     <span class='ocr_line' id='line_1_12' title="bbox 170 1244 889 1326; baseline -0.015 -12"><span class='ocrx_word' id='word_1_109' title='bbox 170 1252 233 1314; x_wconf 88' lang='lat' dir='ltr'>ord.</span> <span class='ocrx_word' id='word_1_110' title='bbox 249 1251 489 1315; x_wconf 87' lang='lat' dir='ltr'>Praedicatorum</span> <span class='ocrx_word' id='word_1_111' title='bbox 505 1258 526 1310; x_wconf 90' lang='lat' dir='ltr'><strong>t.</strong></span> <span class='ocrx_word' id='word_1_112' title='bbox 543 1251 563 1311; x_wconf 95' lang='lat' dir='ltr'><strong>l.</strong></span> <span class='ocrx_word' id='word_1_113' title='bbox 581 1268 609 1326; x_wconf 92' lang='lat' dir='ltr'><strong>p.</strong></span> <span class='ocrx_word' id='word_1_114' title='bbox 627 1250 695 1310; x_wconf 84' lang='grc'><strong>504.</strong></span> <span class='ocrx_word' id='word_1_115' title='bbox 712 1246 826 1308; x_wconf 90' lang='grc'><strong>4044004</strong></span> <span class='ocrx_word' id='word_1_116' title='bbox 839 1244 889 1305; x_wconf 88' lang='lat' dir='ltr'><strong>Ni-</strong></span> 
     </span>
     <span class='ocr_line' id='line_1_13' title="bbox 170 1338 890 1425; baseline -0.014 -17"><span class='ocrx_word' id='word_1_117' title='bbox 170 1363 258 1425; x_wconf 88' lang='lat' dir='ltr'>grum</span> <span class='ocrx_word' id='word_1_118' title='bbox 275 1345 312 1408; x_wconf 96' lang='grc'><strong>00</strong></span> <span class='ocrx_word' id='word_1_119' title='bbox 329 1347 473 1422; x_wconf 88' lang='lat' dir='ltr'>Scriptor.</span> <span class='ocrx_word' id='word_1_120' title='bbox 491 1344 672 1407; x_wconf 77' lang='lat' dir='ltr'>Florentinis</span> <span class='ocrx_word' id='word_1_121' title='bbox 690 1360 719 1420; x_wconf 92' lang='lat' dir='ltr'><strong>p.</strong></span> <span class='ocrx_word' id='word_1_122' title='bbox 735 1338 805 1401; x_wconf 81' lang='lat' dir='ltr'>tat.</span> <span class='ocrx_word' id='word_1_123' title='bbox 818 1338 890 1404; x_wconf 80' lang='lat' dir='ltr'>dm·</span> 
     </span>
     <span class='ocr_line' id='line_1_14' title="bbox 169 1433 887 1516; baseline -0.015 -16"><span class='ocrx_word' id='word_1_124' title='bbox 169 1440 249 1501; x_wconf 86' lang='lat' dir='ltr'>bros.</span> <span class='ocrx_word' id='word_1_125' title='bbox 265 1438 305 1499; x_wconf 88' lang='grc'><strong>044</strong></span> <span class='ocrx_word' id='word_1_126' title='bbox 317 1437 473 1499; x_wconf 78' lang='grc'><strong>4440444040</strong></span> <span class='ocrx_word' id='word_1_127' title='bbox 489 1454 555 1516; x_wconf 86' lang='lat' dir='ltr'>pag.</span> <span class='ocrx_word' id='word_1_128' title='bbox 571 1437 619 1495; x_wconf 84' lang='lat'><strong>86.</strong></span> <span class='ocrx_word' id='word_1_129' title='bbox 633 1433 787 1496; x_wconf 89' lang='lat' dir='ltr'>Oudinum</span> <span class='ocrx_word' id='word_1_130' title='bbox 803 1433 887 1495; x_wconf 82' lang='lat' dir='ltr'>etit.</span> 
     </span>
     <span class='ocr_line' id='line_1_15' title="bbox 171 1526 888 1613; baseline -0.017 -19"><span class='ocrx_word' id='word_1_131' title='bbox 171 1532 326 1613; x_wconf 70' lang='lat' dir='ltr'>papilii.</span> <span class='ocrx_word' id='word_1_132' title='bbox 349 1532 473 1595; x_wconf 86' lang='grc'><strong>00044044</strong></span> <span class='ocrx_word' id='word_1_133' title='bbox 497 1530 570 1593; x_wconf 76' lang='lat' dir='ltr'>hihi.</span> <span class='ocrx_word' id='word_1_134' title='bbox 592 1530 736 1591; x_wconf 78' lang='lat' dir='ltr'>Graecam</span> <span class='ocrx_word' id='word_1_135' title='bbox 760 1526 818 1589; x_wconf 87' lang='lat' dir='ltr'>vol.</span> <span class='ocrx_word' id='word_1_136' title='bbox 841 1526 888 1584; x_wconf 94' lang='grc'><strong>04.</strong></span> 
     </span>
     <span class='ocr_line' id='line_1_16' title="bbox 173 1623 653 1703; baseline -0.008 -18"><span class='ocrx_word' id='word_1_137' title='bbox 173 1642 239 1703; x_wconf 87' lang='lat' dir='ltr'>pag.</span> <span class='ocrx_word' id='word_1_138' title='bbox 262 1627 332 1689; x_wconf 86' lang='grc'><strong>094.</strong></span> <span class='ocrx_word' id='word_1_139' title='bbox 355 1625 413 1684; x_wconf 91' lang='lat' dir='ltr'>vol.</span> <span class='ocrx_word' id='word_1_140' title='bbox 436 1626 473 1685; x_wconf 83' lang='lat' dir='ltr'><strong>X.</strong></span> <span class='ocrx_word' id='word_1_141' title='bbox 496 1641 561 1702; x_wconf 86' lang='lat' dir='ltr'>pag.</span> <span class='ocrx_word' id='word_1_142' title='bbox 585 1623 653 1682; x_wconf 83' lang='lat'>389.</span> 
     </span>
    </p>

    <p class='ocr_par' dir='ltr' id='par_1_4' title="bbox 164 1713 891 3004">
     <span class='ocr_line' id='line_1_17' title="bbox 210 1713 888 1788; baseline -0.01 -8"><span class='ocrx_word' id='word_1_143' title='bbox 210 1716 227 1755; x_wconf 64' lang='lat'>⁴</span> <span class='ocrx_word' id='word_1_144' title='bbox 246 1715 330 1788; x_wconf 83' lang='lat' dir='ltr'>Quod</span> <span class='ocrx_word' id='word_1_145' title='bbox 349 1719 377 1777; x_wconf 93' lang='lat' dir='ltr'><strong>in</strong></span> <span class='ocrx_word' id='word_1_146' title='bbox 394 1716 503 1779; x_wconf 80' lang='lat' dir='ltr'>Codice</span> <span class='ocrx_word' id='word_1_147' title='bbox 524 1717 590 1777; x_wconf 80' lang='grc'><strong>400.</strong></span> <span class='ocrx_word' id='word_1_148' title='bbox 609 1716 700 1776; x_wconf 93' lang='lat' dir='ltr'>latino</span> <span class='ocrx_word' id='word_1_149' title='bbox 720 1713 793 1777; x_wconf 85' lang='lat' dir='ltr'>Bibl.</span> <span class='ocrx_word' id='word_1_150' title='bbox 811 1715 888 1774; x_wconf 90' lang='lat' dir='ltr'>Tau·</span> 
     </span>
     <span class='ocr_line' id='line_1_18' title="bbox 168 1808 887 1887; baseline -0.001 -19"><span class='ocrx_word' id='word_1_151' title='bbox 168 1813 298 1871; x_wconf 87' lang='lat' dir='ltr'>rinensia</span> <span class='ocrx_word' id='word_1_152' title='bbox 318 1817 402 1873; x_wconf 84' lang='grc'><strong>04404</strong></span> <span class='ocrx_word' id='word_1_153' title='bbox 424 1809 537 1871; x_wconf 90' lang='grc'><strong>44400404</strong></span> <span class='ocrx_word' id='word_1_154' title='bbox 560 1808 747 1887; x_wconf 86' lang='lat' dir='ltr'>Opuseuium</span> <span class='ocrx_word' id='word_1_155' title='bbox 782 1808 887 1868; x_wconf 88' lang='lat' dir='ltr'>inscri-</span> 
     </span>
     <span class='ocr_line' id='line_1_19' title="bbox 169 1898 889 1979; baseline 0 -19"><span class='ocrx_word' id='word_1_156' title='bbox 169 1909 253 1979; x_wconf 92' lang='lat' dir='ltr'>ptum</span> <span class='ocrx_word' id='word_1_157' title='bbox 275 1909 338 1962; x_wconf 88' lang='lat' dir='ltr'>est:</span> <span class='ocrx_word' id='word_1_158' title='bbox 360 1901 495 1963; x_wconf 83' lang='lat' dir='ltr'>Historia</span> <span class='ocrx_word' id='word_1_159' title='bbox 517 1900 633 1963; x_wconf 84' lang='lat' dir='ltr'>iiicoidi</span> <span class='ocrx_word' id='word_1_160' title='bbox 652 1898 754 1963; x_wconf 82' lang='grc'><strong>440000</strong></span> <span class='ocrx_word' id='word_1_161' title='bbox 778 1899 814 1960; x_wconf 84' lang='lat' dir='ltr'>dc</span> <span class='ocrx_word' id='word_1_162' title='bbox 834 1916 889 1961; x_wconf 87' lang='grc'><strong>00·</strong></span> 
     </span>
     <span class='ocr_line' id='line_1_20' title="bbox 164 1993 889 2073; baseline -0.004 -19"><span class='ocrx_word' id='word_1_163' title='bbox 164 1994 221 2059; x_wconf 82' lang='lat' dir='ltr'>riis</span> <span class='ocrx_word' id='word_1_164' title='bbox 241 1993 453 2073; x_wconf 74' lang='lat' dir='ltr'>Religionibus·</span> <span class='ocrx_word' id='word_1_165' title='bbox 475 1997 520 2054; x_wconf 88' lang='lat' dir='ltr'><strong>ltn</strong></span> <span class='ocrx_word' id='word_1_166' title='bbox 544 2012 616 2055; x_wconf 85' lang='lat' dir='ltr'>vero</span> <span class='ocrx_word' id='word_1_167' title='bbox 637 1993 742 2052; x_wconf 86' lang='lat' dir='ltr'>eadem</span> <span class='ocrx_word' id='word_1_168' title='bbox 766 1994 889 2052; x_wconf 91' lang='lat' dir='ltr'>omnino</span> 
     </span>
     <span class='ocr_line' id='line_1_21' title="bbox 169 2086 890 2162; baseline -0.001 -15"><span class='ocrx_word' id='word_1_169' title='bbox 169 2090 210 2151; x_wconf 88' lang='lat' dir='ltr'><strong>sit</strong></span> <span class='ocrx_word' id='word_1_170' title='bbox 230 2105 298 2149; x_wconf 89' lang='lat' dir='ltr'><strong>cum</strong></span> <span class='ocrx_word' id='word_1_171' title='bbox 320 2090 386 2149; x_wconf 89' lang='lat' dir='ltr'>eiua</span> <span class='ocrx_word' id='word_1_172' title='bbox 408 2089 561 2147; x_wconf 88' lang='lat' dir='ltr'>itinerario</span> <span class='ocrx_word' id='word_1_173' title='bbox 582 2086 733 2162; x_wconf 83' lang='lat' dir='ltr'>ambigere</span> <span class='ocrx_word' id='word_1_174' title='bbox 758 2102 792 2145; x_wconf 84' lang='lat' dir='ltr'><strong>aa</strong></span> <span class='ocrx_word' id='word_1_175' title='bbox 823 2102 890 2162; x_wconf 87' lang='lat' dir='ltr'>pro·</span> 
     </span>
     <span class='ocr_line' id='line_1_22' title="bbox 171 2177 887 2253; baseline -0.006 -10"><span class='ocrx_word' id='word_1_176' title='bbox 171 2180 295 2243; x_wconf 84' lang='lat' dir='ltr'>litentur</span> <span class='ocrx_word' id='word_1_177' title='bbox 309 2180 524 2241; x_wconf 87' lang='lat' dir='ltr'>Bibliothecarii</span> <span class='ocrx_word' id='word_1_178' title='bbox 539 2178 704 2239; x_wconf 76' lang='lat' dir='ltr'>doctissimi</span> <span class='ocrx_word' id='word_1_179' title='bbox 719 2220 725 2249; x_wconf 84' lang='lat'>‚</span> <span class='ocrx_word' id='word_1_180' title='bbox 741 2177 793 2253; x_wconf 87' lang='lat' dir='ltr'><strong>qui</strong></span> <span class='ocrx_word' id='word_1_181' title='bbox 805 2193 887 2239; x_wconf 90' lang='lat' dir='ltr'>com·</span> 
     </span>
     <span class='ocr_line' id='line_1_23' title="bbox 168 2270 888 2335; baseline -0.003 -2"><span class='ocrx_word' id='word_1_182' title='bbox 168 2274 348 2334; x_wconf 89' lang='lat' dir='ltr'>mentarium</span> <span class='ocrx_word' id='word_1_183' title='bbox 371 2273 408 2334; x_wconf 88' lang='lat' dir='ltr'><strong>de</strong></span> <span class='ocrx_word' id='word_1_184' title='bbox 429 2271 507 2335; x_wconf 82' lang='lat' dir='ltr'>MSS.</span> <span class='ocrx_word' id='word_1_185' title='bbox 534 2271 627 2335; x_wconf 83' lang='lat' dir='ltr'>codd.</span> <span class='ocrx_word' id='word_1_186' title='bbox 655 2271 749 2333; x_wconf 85' lang='lat' dir='ltr'>etusd.</span> <span class='ocrx_word' id='word_1_187' title='bbox 783 2270 888 2331; x_wconf 87' lang='lat' dir='ltr'>Biblio-</span> 
     </span>
     <span class='ocr_line' id='line_1_24' title="bbox 169 2364 891 2446; baseline -0.003 -21"><span class='ocrx_word' id='word_1_188' title='bbox 169 2367 273 2429; x_wconf 81' lang='lat' dir='ltr'>thecae</span> <span class='ocrx_word' id='word_1_189' title='bbox 288 2370 482 2446; x_wconf 87' lang='lat' dir='ltr'>seripserunt.</span> <span class='ocrx_word' id='word_1_190' title='bbox 507 2368 541 2428; x_wconf 87' lang='grc' dir='ltr'><strong>Τ.</strong></span> <span class='ocrx_word' id='word_1_191' title='bbox 556 2364 592 2427; x_wconf 91' lang='lat' dir='ltr'><strong>ll.</strong></span> <span class='ocrx_word' id='word_1_192' title='bbox 612 2383 640 2444; x_wconf 88' lang='lat' dir='ltr'><strong>p.</strong></span> <span class='ocrx_word' id='word_1_193' title='bbox 657 2366 702 2425; x_wconf 86' lang='grc'><strong>40.</strong></span> <span class='ocrx_word' id='word_1_194' title='bbox 718 2381 789 2427; x_wconf 90' lang='lat' dir='ltr'><strong>cum</strong></span> <span class='ocrx_word' id='word_1_195' title='bbox 807 2379 891 2441; x_wconf 89' lang='lat' dir='ltr'>prae-</span> 
     </span>
     <span class='ocr_line' id='line_1_25' title="bbox 169 2457 888 2538; baseline -0.003 -20"><span class='ocrx_word' id='word_1_196' title='bbox 169 2463 273 2523; x_wconf 88' lang='lat' dir='ltr'>sertim</span> <span class='ocrx_word' id='word_1_197' title='bbox 303 2463 412 2525; x_wconf 86' lang='lat' dir='ltr'>irustra</span> <span class='ocrx_word' id='word_1_198' title='bbox 446 2462 483 2524; x_wconf 89' lang='lat' dir='ltr'><strong>ibi</strong></span> <span class='ocrx_word' id='word_1_199' title='bbox 516 2460 703 2538; x_wconf 76' lang='lat' dir='ltr'>quaesierint</span> <span class='ocrx_word' id='word_1_200' title='bbox 733 2457 888 2536; x_wconf 80' lang='lat' dir='ltr'>prologum</span> 
     </span>
     <span class='ocr_line' id='line_1_26' title="bbox 168 2551 890 2633; baseline -0.004 -19"><span class='ocrx_word' id='word_1_201' title='bbox 168 2555 312 2616; x_wconf 88' lang='lat' dir='ltr'>itinerarii</span> <span class='ocrx_word' id='word_1_202' title='bbox 330 2557 367 2618; x_wconf 89' lang='lat' dir='ltr'><strong>ab</strong></span> <span class='ocrx_word' id='word_1_203' title='bbox 384 2555 519 2617; x_wconf 87' lang='lat' dir='ltr'>Eccardo</span> <span class='ocrx_word' id='word_1_204' title='bbox 538 2554 706 2633; x_wconf 86' lang='lat' dir='ltr'>vulgatum.</span> <span class='ocrx_word' id='word_1_205' title='bbox 732 2551 890 2628; x_wconf 73' lang='lat' dir='ltr'>excerpto</span> 
     </span>
     <span class='ocr_line' id='line_1_27' title="bbox 166 2643 886 2709; baseline -0.008 -2"><span class='ocrx_word' id='word_1_206' title='bbox 166 2665 209 2708; x_wconf 79' lang='lat' dir='ltr'><strong>am</strong></span> <span class='ocrx_word' id='word_1_207' title='bbox 229 2645 315 2708; x_wconf 84' lang='lat' dir='ltr'>lidrr&#39;a</span> <span class='ocrx_word' id='word_1_208' title='bbox 338 2646 469 2709; x_wconf 84' lang='lat' dir='ltr'>lliccoidi</span> <span class='ocrx_word' id='word_1_209' title='bbox 487 2666 507 2706; x_wconf 92' lang='lat' dir='ltr'>n</span> <span class='ocrx_word' id='word_1_210' title='bbox 531 2647 630 2708; x_wconf 85' lang='grc'><strong>440040</strong></span> <span class='ocrx_word' id='word_1_211' title='bbox 651 2645 686 2704; x_wconf 87' lang='grc'><strong>00</strong></span> <span class='ocrx_word' id='word_1_212' title='bbox 709 2644 807 2706; x_wconf 80' lang='lat' dir='ltr'>Gracc</span> <span class='ocrx_word' id='word_1_213' title='bbox 830 2643 886 2703; x_wconf 86' lang='lat' dir='ltr'><strong>Do·</strong></span> 
     </span>
     <span class='ocr_line' id='line_1_28' title="bbox 166 2735 887 2804; baseline 0.001 -5"><span class='ocrx_word' id='word_1_214' title='bbox 166 2740 313 2803; x_wconf 81' lang='lat' dir='ltr'>mimenni</span> <span class='ocrx_word' id='word_1_215' title='bbox 331 2747 436 2803; x_wconf 86' lang='lat' dir='ltr'>contra</span> <span class='ocrx_word' id='word_1_216' title='bbox 460 2743 633 2804; x_wconf 83' lang='lat' dir='ltr'>Saracenos</span> <span class='ocrx_word' id='word_1_217' title='bbox 655 2744 685 2800; x_wconf 87' lang='grc'><strong>04</strong></span> <span class='ocrx_word' id='word_1_218' title='bbox 703 2735 887 2800; x_wconf 72' lang='lat' dir='ltr'>alcoranum</span> 
     </span>
     <span class='ocr_line' id='line_1_29' title="bbox 166 2829 885 2910; baseline -0.003 -17"><span class='ocrx_word' id='word_1_219' title='bbox 166 2849 219 2910; x_wconf 89' lang='lat' dir='ltr'><strong>par</strong></span> <span class='ocrx_word' id='word_1_220' title='bbox 240 2834 339 2893; x_wconf 83' lang='lat' dir='ltr'>Barth.</span> <span class='ocrx_word' id='word_1_221' title='bbox 362 2835 500 2896; x_wconf 78' lang='lat' dir='ltr'>Fortium</span> <span class='ocrx_word' id='word_1_222' title='bbox 522 2841 626 2896; x_wconf 86' lang='lat' dir='ltr'>serrat</span> <span class='ocrx_word' id='word_1_223' title='bbox 644 2830 701 2894; x_wconf 81' lang='lat' dir='ltr'>ttS.</span> <span class='ocrx_word' id='word_1_224' title='bbox 724 2829 801 2893; x_wconf 84' lang='lat' dir='ltr'>Gnd.</span> <span class='ocrx_word' id='word_1_225' title='bbox 820 2830 885 2891; x_wconf 87' lang='grc'><strong>4440·</strong></span> 
     </span>
     <span class='ocr_line' id='line_1_30' title="bbox 167 2922 863 3004; baseline -0.003 -18"><span class='ocrx_word' id='word_1_226' title='bbox 167 2926 327 2989; x_wconf 81' lang='lat' dir='ltr'>candianus</span> <span class='ocrx_word' id='word_1_227' title='bbox 347 2928 441 2989; x_wconf 82' lang='lat' dir='ltr'>catal.</span> <span class='ocrx_word' id='word_1_228' title='bbox 461 2927 533 2989; x_wconf 88' lang='grc'><strong>04444.</strong></span> <span class='ocrx_word' id='word_1_229' title='bbox 556 2926 690 2988; x_wconf 87' lang='grc'><strong>44400040.</strong></span> <span class='ocrx_word' id='word_1_230' title='bbox 713 2943 742 3004; x_wconf 91' lang='lat' dir='ltr'><strong>p.</strong></span> <span class='ocrx_word' id='word_1_231' title='bbox 762 2922 863 2985; x_wconf 57' lang='lat' dir='ltr'>diist</span> 
     </span>
    </p>

    <p class='ocr_par' dir='ltr' id='par_1_5' title="bbox 167 3015 884 3193">
     <span class='ocr_line' id='line_1_31' title="bbox 206 3015 884 3095; baseline -0.004 -16"><span class='ocrx_word' id='word_1_232' title='bbox 206 3019 422 3083; x_wconf 81' lang='lat' dir='ltr'>htcotetttts</span> <span class='ocrx_word' id='word_1_233' title='bbox 444 3019 646 3095; x_wconf 73' lang='lat' dir='ltr'>dolomense,</span> <span class='ocrx_word' id='word_1_234' title='bbox 667 3019 737 3079; x_wconf 91' lang='grc'><strong>000.</strong></span> <span class='ocrx_word' id='word_1_235' title='bbox 767 3015 884 3079; x_wconf 85' lang='lat' dir='ltr'>Praedi-</span> 
     </span>
     <span class='ocr_line' id='line_1_32' title="bbox 167 3106 883 3193; baseline 0.003 -22"><span class='ocrx_word' id='word_1_236' title='bbox 167 3118 302 3173; x_wconf 84' lang='lat' dir='ltr'>caturum</span> <span class='ocrx_word' id='word_1_237' title='bbox 317 3129 378 3173; x_wconf 91' lang='lat' dir='ltr'>sac.</span> <span class='ocrx_word' id='word_1_238' title='bbox 392 3114 469 3174; x_wconf 84' lang='lat' dir='ltr'>xlv.</span> <span class='ocrx_word' id='word_1_239' title='bbox 485 3115 605 3190; x_wconf 82' lang='lat' dir='ltr'>scripsit</span> <span class='ocrx_word' id='word_1_240' title='bbox 619 3129 713 3193; x_wconf 83' lang='lat' dir='ltr'>super</span> <span class='ocrx_word' id='word_1_241' title='bbox 727 3112 775 3171; x_wconf 91' lang='grc'><strong>40.</strong></span> <span class='ocrx_word' id='word_1_242' title='bbox 789 3106 883 3173; x_wconf 81' lang='lat' dir='ltr'>libros</span> 
     </span>
    </p>
   </div>
   <div class='ocr_carea' id='block_1_4' title="bbox 937 1061 1645 3196">
    <p class='ocr_par' dir='ltr' id='par_1_6' title="bbox 943 1061 1645 2075">
     <span class='ocr_line' id='line_1_33' title="bbox 981 1061 1645 1137; baseline -0.002 -13"><span class='ocrx_word' id='word_1_243' title='bbox 981 1062 1176 1137; x_wconf 84' lang='lat' dir='ltr'>ltlFEiilUS,</span> <span class='ocrx_word' id='word_1_244' title='bbox 1202 1061 1250 1122; x_wconf 88' lang='lat' dir='ltr'><strong>vei</strong></span> <span class='ocrx_word' id='word_1_245' title='bbox 1283 1062 1515 1137; x_wconf 80' lang='lat' dir='ltr'>lllFFEltlUS,</span> <span class='ocrx_word' id='word_1_246' title='bbox 1537 1063 1645 1124; x_wconf 84' lang='grc'><strong>00044004</strong></span> 
     </span>
     <span class='ocr_line' id='line_1_34' title="bbox 943 1152 1644 1236; baseline -0.006 -18"><span class='ocrx_word' id='word_1_247' title='bbox 943 1163 1072 1236; x_wconf 87' lang='lat' dir='ltr'>quartus</span> <span class='ocrx_word' id='word_1_248' title='bbox 1092 1152 1215 1231; x_wconf 89' lang='lat' dir='ltr'>majoris</span> <span class='ocrx_word' id='word_1_249' title='bbox 1235 1156 1399 1217; x_wconf 78' lang='lat' dir='ltr'>cannatae</span> <span class='ocrx_word' id='word_1_250' title='bbox 1423 1158 1525 1229; x_wconf 81' lang='lat' dir='ltr'>Prior,</span> <span class='ocrx_word' id='word_1_251' title='bbox 1539 1164 1568 1217; x_wconf 88' lang='lat' dir='ltr'><strong>et</strong></span> <span class='ocrx_word' id='word_1_252' title='bbox 1581 1156 1644 1218; x_wconf 82' lang='grc'><strong>0404</strong></span> 
     </span>
     <span class='ocr_line' id='line_1_35' title="bbox 946 1249 1644 1324; baseline -0.004 -13"><span class='ocrx_word' id='word_1_253' title='bbox 946 1254 992 1311; x_wconf 89' lang='lat' dir='ltr'><strong>nis</strong></span> <span class='ocrx_word' id='word_1_254' title='bbox 1013 1249 1169 1311; x_wconf 84' lang='lat' dir='ltr'>Genemlis</span> <span class='ocrx_word' id='word_1_255' title='bbox 1190 1264 1241 1308; x_wconf 88' lang='lat' dir='ltr'><strong>nn.</strong></span> <span class='ocrx_word' id='word_1_256' title='bbox 1264 1249 1355 1309; x_wconf 77' lang='lat' dir='ltr'>tata.</span> <span class='ocrx_word' id='word_1_257' title='bbox 1376 1251 1644 1324; x_wconf 64' lang='lat' dir='ltr'>constituturum</span> 
     </span>
     <span class='ocr_line' id='line_1_36' title="bbox 944 1341 1644 1420; baseline -0.004 -15"><span class='ocrx_word' id='word_1_258' title='bbox 944 1363 992 1405; x_wconf 90' lang='lat' dir='ltr'><strong>un.</strong></span> <span class='ocrx_word' id='word_1_259' title='bbox 1012 1344 1099 1405; x_wconf 79' lang='grc'><strong>4004.</strong></span> <span class='ocrx_word' id='word_1_260' title='bbox 1119 1344 1248 1420; x_wconf 84' lang='lat' dir='ltr'>Scripsit</span> <span class='ocrx_word' id='word_1_261' title='bbox 1265 1341 1510 1404; x_wconf 82' lang='lat' dir='ltr'>Cerreuatudimss</span> <span class='ocrx_word' id='word_1_262' title='bbox 1527 1342 1644 1403; x_wconf 75' lang='lat' dir='ltr'>smodi</span> 
     </span>
     <span class='ocr_line' id='line_1_37' title="bbox 944 1435 1644 1516; baseline 0.001 -20"><span class='ocrx_word' id='word_1_263' title='bbox 944 1437 1012 1511; x_wconf 85' lang='lat' dir='ltr'>rtis,</span> <span class='ocrx_word' id='word_1_264' title='bbox 1035 1454 1113 1516; x_wconf 88' lang='lat' dir='ltr'>quae</span> <span class='ocrx_word' id='word_1_265' title='bbox 1144 1454 1225 1496; x_wconf 90' lang='lat' dir='ltr'>nunc</span> <span class='ocrx_word' id='word_1_266' title='bbox 1247 1435 1384 1514; x_wconf 79' lang='lat' dir='ltr'>Amtr&#39;quu</span> <span class='ocrx_word' id='word_1_267' title='bbox 1413 1440 1532 1497; x_wconf 83' lang='grc'><strong>04044440</strong></span> <span class='ocrx_word' id='word_1_268' title='bbox 1555 1453 1644 1498; x_wconf 77' lang='lat' dir='ltr'>nunes·</span> 
     </span>
     <span class='ocr_line' id='line_1_38' title="bbox 945 1530 1642 1611; baseline -0.004 -19"><span class='ocrx_word' id='word_1_269' title='bbox 945 1539 1064 1611; x_wconf 85' lang='lat' dir='ltr'>pantur.</span> <span class='ocrx_word' id='word_1_270' title='bbox 1086 1530 1226 1593; x_wconf 85' lang='lat' dir='ltr'>Oudinus</span> <span class='ocrx_word' id='word_1_271' title='bbox 1260 1535 1335 1589; x_wconf 87' lang='lat' dir='ltr'>tam.</span> <span class='ocrx_word' id='word_1_272' title='bbox 1357 1530 1411 1589; x_wconf 94' lang='grc'><strong>444.</strong></span> <span class='ocrx_word' id='word_1_273' title='bbox 1445 1546 1512 1608; x_wconf 83' lang='lat' dir='ltr'>pag.</span> <span class='ocrx_word' id='word_1_274' title='bbox 1532 1530 1593 1592; x_wconf 73' lang='lat' dir='ltr'>stt.</span> <span class='ocrx_word' id='word_1_275' title='bbox 1607 1530 1642 1589; x_wconf 88' lang='lat' dir='ltr'>illa</span> 
     </span>
     <span class='ocr_line' id='line_1_39' title="bbox 945 1623 1642 1700; baseline -0.004 -14"><span class='ocrx_word' id='word_1_276' title='bbox 945 1625 1080 1686; x_wconf 72' lang='lat' dir='ltr'>Basileus</span> <span class='ocrx_word' id='word_1_277' title='bbox 1097 1625 1182 1684; x_wconf 89' lang='grc'><strong>4540.</strong></span> <span class='ocrx_word' id='word_1_278' title='bbox 1200 1624 1209 1699; x_wconf 77' lang='lat' dir='ltr'><strong>i</strong></span> <span class='ocrx_word' id='word_1_279' title='bbox 1218 1640 1287 1683; x_wconf 89' lang='lat' dir='ltr'><strong>nam</strong></span> <span class='ocrx_word' id='word_1_280' title='bbox 1301 1639 1455 1684; x_wconf 86' lang='lat' dir='ltr'>numerus</span> <span class='ocrx_word' id='word_1_281' title='bbox 1468 1623 1555 1685; x_wconf 77' lang='grc'><strong>4240.</strong></span> <span class='ocrx_word' id='word_1_282' title='bbox 1567 1624 1642 1700; x_wconf 78' lang='lat' dir='ltr'>lapus</span> 
     </span>
     <span class='ocr_line' id='line_1_40' title="bbox 944 1714 1640 1797; baseline -0.013 -17"><span class='ocrx_word' id='word_1_283' title='bbox 944 1727 993 1780; x_wconf 91' lang='lat' dir='ltr'><strong>est</strong></span> <span class='ocrx_word' id='word_1_284' title='bbox 1013 1714 1210 1797; x_wconf 74' lang='lat' dir='ltr'>typographi)</span> <span class='ocrx_word' id='word_1_285' title='bbox 1243 1718 1397 1795; x_wconf 85' lang='lat' dir='ltr'>impressa</span> <span class='ocrx_word' id='word_1_286' title='bbox 1428 1733 1501 1778; x_wconf 84' lang='lat' dir='ltr'>asse</span> <span class='ocrx_word' id='word_1_287' title='bbox 1533 1722 1640 1776; x_wconf 75' lang='lat' dir='ltr'>tenatur.</span> 
     </span>
     <span class='ocr_line' id='line_1_41' title="bbox 943 1806 1638 1888; baseline -0.01 -15"><span class='ocrx_word' id='word_1_288' title='bbox 943 1811 1056 1873; x_wconf 82' lang='grc'><strong>044000.</strong></span> <span class='ocrx_word' id='word_1_289' title='bbox 1079 1809 1187 1888; x_wconf 83' lang='lat' dir='ltr'>Patreji</span> <span class='ocrx_word' id='word_1_290' title='bbox 1209 1810 1282 1871; x_wconf 84' lang='lat' dir='ltr'>ltihl.</span> <span class='ocrx_word' id='word_1_291' title='bbox 1305 1810 1495 1872; x_wconf 83' lang='lat' dir='ltr'>Cartusiana</span> <span class='ocrx_word' id='word_1_292' title='bbox 1513 1824 1573 1888; x_wconf 87' lang='lat' dir='ltr'>pag.</span> <span class='ocrx_word' id='word_1_293' title='bbox 1589 1806 1638 1867; x_wconf 85' lang='grc'><strong>444</strong></span> 
     </span>
     <span class='ocr_line' id='line_1_42' title="bbox 944 1897 1639 1967; baseline -0.01 0"><span class='ocrx_word' id='word_1_294' title='bbox 944 1906 1012 1967; x_wconf 82' lang='lat' dir='ltr'>Gar.</span> <span class='ocrx_word' id='word_1_295' title='bbox 1033 1905 1094 1963; x_wconf 85' lang='grc'><strong>400.</strong></span> <span class='ocrx_word' id='word_1_296' title='bbox 1116 1903 1228 1965; x_wconf 85' lang='grc' dir='ltr'><strong>440οο444</strong></span> <span class='ocrx_word' id='word_1_297' title='bbox 1259 1902 1431 1964; x_wconf 78' lang='lat' dir='ltr'>Theatrum</span> <span class='ocrx_word' id='word_1_298' title='bbox 1462 1902 1574 1964; x_wconf 87' lang='lat' dir='ltr'>Gronol.</span> <span class='ocrx_word' id='word_1_299' title='bbox 1588 1897 1639 1960; x_wconf 88' lang='grc'><strong>004.</strong></span> 
     </span>
     <span class='ocr_line' id='line_1_43' title="bbox 945 1995 1276 2075; baseline -0.012 -16"><span class='ocrx_word' id='word_1_300' title='bbox 945 1999 1115 2059; x_wconf 88' lang='lat' dir='ltr'>Cartusiani</span> <span class='ocrx_word' id='word_1_301' title='bbox 1139 2012 1203 2075; x_wconf 84' lang='lat' dir='ltr'>pag.</span> <span class='ocrx_word' id='word_1_302' title='bbox 1226 1995 1276 2055; x_wconf 80' lang='lat'><strong>23.</strong></span> 
     </span>
    </p>

    <p class='ocr_par' dir='ltr' id='par_1_7' title="bbox 945 2085 1639 2261">
     <span class='ocr_line' id='line_1_44' title="bbox 986 2085 1639 2163; baseline -0.011 -12"><span class='ocrx_word' id='word_1_303' title='bbox 986 2088 1276 2163; x_wconf 72' lang='lat' dir='ltr'>cluanensem.</span> <span class='ocrx_word' id='word_1_304' title='bbox 1293 2089 1402 2149; x_wconf 86' lang='lat' dir='ltr'>Prsed.</span> <span class='ocrx_word' id='word_1_305' title='bbox 1421 2107 1486 2151; x_wconf 87' lang='lat' dir='ltr'>sec.</span> <span class='ocrx_word' id='word_1_306' title='bbox 1503 2091 1574 2153; x_wconf 86' lang='grc'><strong>44444.</strong></span> <span class='ocrx_word' id='word_1_307' title='bbox 1588 2085 1639 2147; x_wconf 85' lang='lat' dir='ltr'>stri</span> 
     </span>
     <span class='ocr_line' id='line_1_45' title="bbox 945 2179 1636 2261; baseline -0.004 -20"><span class='ocrx_word' id='word_1_308' title='bbox 945 2184 1004 2261; x_wconf 89' lang='lat' dir='ltr'>psit</span> <span class='ocrx_word' id='word_1_309' title='bbox 1036 2183 1067 2243; x_wconf 90' lang='lat' dir='ltr'><strong>in</strong></span> <span class='ocrx_word' id='word_1_310' title='bbox 1098 2179 1190 2242; x_wconf 81' lang='lat' dir='ltr'>turm</span> <span class='ocrx_word' id='word_1_311' title='bbox 1211 2181 1451 2244; x_wconf 81' lang='lat' dir='ltr'>Sententiarum.</span> <span class='ocrx_word' id='word_1_312' title='bbox 1473 2181 1572 2257; x_wconf 81' lang='lat' dir='ltr'>Quadi</span> <span class='ocrx_word' id='word_1_313' title='bbox 1586 2182 1604 2241; x_wconf 92' lang='lat' dir='ltr'><strong>l.</strong></span> <span class='ocrx_word' id='word_1_314' title='bbox 1617 2193 1636 2238; x_wconf 89' lang='grc'><strong>0.</strong></span> 
     </span>
    </p>

    <p class='ocr_par' dir='ltr' id='par_1_8' title="bbox 937 2340 1641 3196">
     <span class='ocr_line' id='line_1_46' title="bbox 988 2340 1641 2443; baseline -0.005 -11"><span class='ocrx_word' id='word_1_315' title='bbox 988 2368 1264 2432; x_wconf 79' lang='lat' dir='ltr'>moereamus</span> <span class='ocrx_word' id='word_1_316' title='bbox 1296 2371 1347 2430; x_wconf 70' lang='lat' dir='ltr'><strong>tor</strong></span> <span class='ocrx_word' id='word_1_317' title='bbox 1372 2340 1578 2443; x_wconf 82' lang='lat' dir='ltr'>oreatous&#39;,</span> <span class='ocrx_word' id='word_1_318' title='bbox 1593 2368 1641 2429; x_wconf 77' lang='lat' dir='ltr'><strong>rna</strong></span> 
     </span>
     <span class='ocr_line' id='line_1_47' title="bbox 945 2461 1639 2543; baseline -0.012 -16"><span class='ocrx_word' id='word_1_319' title='bbox 945 2481 1066 2543; x_wconf 79' lang='lat' dir='ltr'>quoqm</span> <span class='ocrx_word' id='word_1_320' title='bbox 1087 2461 1290 2543; x_wconf 70' lang='lat' dir='ltr'>diminutius,</span> <span class='ocrx_word' id='word_1_321' title='bbox 1313 2481 1353 2523; x_wconf 83' lang='lat' dir='ltr'><strong>ex</strong></span> <span class='ocrx_word' id='word_1_322' title='bbox 1375 2463 1504 2525; x_wconf 86' lang='lat' dir='ltr'>Ordinis</span> <span class='ocrx_word' id='word_1_323' title='bbox 1526 2467 1639 2526; x_wconf 86' lang='lat' dir='ltr'>ltinomn</span> 
     </span>
     <span class='ocr_line' id='line_1_48' title="bbox 945 2557 1641 2638; baseline -0.001 -20"><span class='ocrx_word' id='word_1_324' title='bbox 945 2561 1048 2619; x_wconf 86' lang='lat' dir='ltr'>Fratre</span> <span class='ocrx_word' id='word_1_325' title='bbox 1064 2565 1096 2617; x_wconf 88' lang='lat' dir='ltr'><strong>et</strong></span> <span class='ocrx_word' id='word_1_326' title='bbox 1112 2559 1241 2618; x_wconf 88' lang='lat' dir='ltr'>Doctora</span> <span class='ocrx_word' id='word_1_327' title='bbox 1263 2558 1403 2619; x_wconf 82' lang='lat' dir='ltr'>Parisino</span> <span class='ocrx_word' id='word_1_328' title='bbox 1422 2557 1641 2638; x_wconf 70' lang='lat' dir='ltr'>Archiepisoopu</span> 
     </span>
     <span class='ocr_line' id='line_1_49' title="bbox 944 2647 1640 2728; baseline 0.007 -18"><span class='ocrx_word' id='word_1_329' title='bbox 944 2651 1197 2728; x_wconf 83' lang='lat' dir='ltr'>Rotomagenais,</span> <span class='ocrx_word' id='word_1_330' title='bbox 1233 2655 1323 2708; x_wconf 88' lang='lat' dir='ltr'>mort.</span> <span class='ocrx_word' id='word_1_331' title='bbox 1356 2666 1386 2710; x_wconf 91' lang='lat' dir='ltr'><strong>a.</strong></span> <span class='ocrx_word' id='word_1_332' title='bbox 1423 2650 1515 2713; x_wconf 77' lang='lat' dir='ltr'>rats.</span> <span class='ocrx_word' id='word_1_333' title='bbox 1544 2647 1640 2727; x_wconf 69' lang='grc'><strong>5044414</strong></span> 
     </span>
     <span class='ocr_line' id='line_1_50' title="bbox 941 2740 1640 2824; baseline -0.001 -20"><span class='ocrx_word' id='word_1_334' title='bbox 941 2745 1098 2804; x_wconf 81' lang='lat' dir='ltr'>Sermones</span> <span class='ocrx_word' id='word_1_335' title='bbox 1119 2741 1156 2803; x_wconf 88' lang='lat' dir='ltr'>dc</span> <span class='ocrx_word' id='word_1_336' title='bbox 1177 2747 1314 2820; x_wconf 81' lang='lat' dir='ltr'>tempora</span> <span class='ocrx_word' id='word_1_337' title='bbox 1329 2759 1388 2804; x_wconf 89' lang='lat' dir='ltr'><strong>seu</strong></span> <span class='ocrx_word' id='word_1_338' title='bbox 1405 2742 1550 2824; x_wconf 73' lang='grc'><strong>4400040444</strong></span> <span class='ocrx_word' id='word_1_339' title='bbox 1566 2740 1640 2804; x_wconf 69' lang='lat' dir='ltr'>cist*</span> 
     </span>
     <span class='ocr_line' id='line_1_51' title="bbox 940 2833 1641 2915; baseline -0.001 -21"><span class='ocrx_word' id='word_1_340' title='bbox 940 2836 973 2895; x_wconf 86' lang='lat' dir='ltr'><strong>di</strong></span> <span class='ocrx_word' id='word_1_341' title='bbox 984 2881 991 2911; x_wconf 81' lang='lat'>‚</span> <span class='ocrx_word' id='word_1_342' title='bbox 1015 2835 1251 2898; x_wconf 73' lang='lat' dir='ltr'>commentores</span> <span class='ocrx_word' id='word_1_343' title='bbox 1275 2836 1307 2895; x_wconf 88' lang='lat' dir='ltr'><strong>in</strong></span> <span class='ocrx_word' id='word_1_344' title='bbox 1328 2843 1474 2915; x_wconf 80' lang='lat' dir='ltr'>quatuor</span> <span class='ocrx_word' id='word_1_345' title='bbox 1495 2834 1580 2897; x_wconf 84' lang='grc'><strong>444000</strong></span> <span class='ocrx_word' id='word_1_346' title='bbox 1599 2833 1641 2893; x_wconf 77' lang='lat' dir='ltr'><strong>ao</strong></span> 
     </span>
     <span class='ocr_line' id='line_1_52' title="bbox 939 2925 1639 3009; baseline 0 -19"><span class='ocrx_word' id='word_1_347' title='bbox 939 2928 1000 2997; x_wconf 77' lang='lat' dir='ltr'>sie,</span> <span class='ocrx_word' id='word_1_348' title='bbox 1023 2925 1160 2988; x_wconf 75' lang='lat' dir='ltr'>Pserimos</span> <span class='ocrx_word' id='word_1_349' title='bbox 1181 2933 1211 2987; x_wconf 84' lang='lat' dir='ltr'><strong>ct</strong></span> <span class='ocrx_word' id='word_1_350' title='bbox 1227 2925 1400 3006; x_wconf 75' lang='lat' dir='ltr'>Evangelio</span> <span class='ocrx_word' id='word_1_351' title='bbox 1415 2976 1423 3005; x_wconf 85' lang='lat'>,</span> <span class='ocrx_word' id='word_1_352' title='bbox 1439 2932 1474 2990; x_wconf 90' lang='lat' dir='ltr'><strong>it.</strong></span> <span class='ocrx_word' id='word_1_353' title='bbox 1491 2930 1523 2995; x_wconf 81' lang='lat' dir='ltr'><strong>tn</strong></span> <span class='ocrx_word' id='word_1_354' title='bbox 1536 2932 1639 3009; x_wconf 74' lang='grc'><strong>0004400</strong></span> 
     </span>
     <span class='ocr_line' id='line_1_53' title="bbox 938 3017 1640 3095; baseline 0 -14"><span class='ocrx_word' id='word_1_355' title='bbox 938 3019 1030 3082; x_wconf 81' lang='lat' dir='ltr'>libres</span> <span class='ocrx_word' id='word_1_356' title='bbox 1046 3020 1271 3083; x_wconf 80' lang='lat' dir='ltr'>Sententiarum</span> <span class='ocrx_word' id='word_1_357' title='bbox 1281 3040 1291 3095; x_wconf 92' lang='lat'><strong>‚·</strong></span> <span class='ocrx_word' id='word_1_358' title='bbox 1308 3020 1363 3080; x_wconf 89' lang='lat' dir='ltr'><strong>sed</strong></span> <span class='ocrx_word' id='word_1_359' title='bbox 1386 3022 1466 3083; x_wconf 88' lang='lat' dir='ltr'>nihil</span> <span class='ocrx_word' id='word_1_360' title='bbox 1488 3017 1640 3084; x_wconf 78' lang='grc'><strong>4400040044</strong></span> 
     </span>
     <span class='ocr_line' id='line_1_54' title="bbox 937 3110 1641 3196; baseline -0.001 -23"><span class='ocrx_word' id='word_1_361' title='bbox 937 3121 1002 3175; x_wconf 88' lang='grc'><strong>4004</strong></span> <span class='ocrx_word' id='word_1_362' title='bbox 1024 3121 1081 3173; x_wconf 89' lang='lat' dir='ltr'>est.</span> <span class='ocrx_word' id='word_1_363' title='bbox 1104 3115 1183 3174; x_wconf 88' lang='lat' dir='ltr'>Sunt</span> <span class='ocrx_word' id='word_1_364' title='bbox 1204 3115 1255 3193; x_wconf 93' lang='lat' dir='ltr'><strong>qui</strong></span> <span class='ocrx_word' id='word_1_365' title='bbox 1279 3114 1372 3174; x_wconf 91' lang='lat' dir='ltr'>illum</span> <span class='ocrx_word' id='word_1_366' title='bbox 1393 3113 1595 3196; x_wconf 71' lang='lat' dir='ltr'>haymardus</span> <span class='ocrx_word' id='word_1_367' title='bbox 1607 3110 1641 3172; x_wconf 85' lang='lat' dir='ltr'>tr·-</span> 
     </span>
    </p>
   </div>
   <div class='ocr_carea' id='block_1_5' title="bbox 110 3200 1643 4667">
    <p class='ocr_par' dir='ltr' id='par_1_9' title="bbox 167 3200 1643 3285">
     <span class='ocr_line' id='line_1_55' title="bbox 167 3200 1643 3285; baseline -0.001 -19"><span class='ocrx_word' id='word_1_368' title='bbox 167 3204 397 3267; x_wconf 72' lang='lat' dir='ltr'>Sententiarum.</span> <span class='ocrx_word' id='word_1_369' title='bbox 421 3207 530 3278; x_wconf 88' lang='lat' dir='ltr'>Quetii.</span> <span class='ocrx_word' id='word_1_370' title='bbox 553 3206 571 3266; x_wconf 94' lang='lat' dir='ltr'><strong>l.</strong></span> <span class='ocrx_word' id='word_1_371' title='bbox 594 3224 619 3265; x_wconf 92' lang='lat' dir='ltr'>c.</span> <span class='ocrx_word' id='word_1_372' title='bbox 643 3224 708 3285; x_wconf 88' lang='lat' dir='ltr'>pag.</span> <span class='ocrx_word' id='word_1_373' title='bbox 734 3205 802 3266; x_wconf 82' lang='grc'><strong>044.</strong></span> <span class='ocrx_word' id='word_1_374' title='bbox 826 3200 884 3262; x_wconf 89' lang='lat' dir='ltr'><strong>Ne·</strong></span> <span class='ocrx_word' id='word_1_375' title='bbox 935 3205 1069 3284; x_wconf 82' lang='lat' dir='ltr'>paudum</span> <span class='ocrx_word' id='word_1_376' title='bbox 1091 3212 1222 3282; x_wconf 90' lang='lat' dir='ltr'>vocant,</span> <span class='ocrx_word' id='word_1_377' title='bbox 1245 3205 1300 3266; x_wconf 85' lang='lat' dir='ltr'><strong>sed</strong></span> <span class='ocrx_word' id='word_1_378' title='bbox 1332 3223 1509 3285; x_wconf 83' lang='lat' dir='ltr'>perperam.</span> <span class='ocrx_word' id='word_1_379' title='bbox 1527 3207 1643 3282; x_wconf 75' lang='lat' dir='ltr'>sterque</span> 
     </span>
    </p>

    <p class='ocr_par' dir='ltr' id='par_1_10' title="bbox 126 3297 1642 4496">
     <span class='ocr_line' id='line_1_56' title="bbox 126 3297 1642 3380; baseline 0.003 -22"><span class='ocrx_word' id='word_1_380' title='bbox 126 3326 131 3335; x_wconf 92' lang='lat'>·</span> <span class='ocrx_word' id='word_1_381' title='bbox 166 3302 285 3360; x_wconf 88' lang='lat' dir='ltr'>sctoan</span> <span class='ocrx_word' id='word_1_382' title='bbox 308 3299 387 3359; x_wconf 85' lang='lat' dir='ltr'>idern</span> <span class='ocrx_word' id='word_1_383' title='bbox 418 3302 458 3360; x_wconf 91' lang='lat' dir='ltr'><strong>sit</strong></span> <span class='ocrx_word' id='word_1_384' title='bbox 489 3297 625 3380; x_wconf 74' lang='grc'><strong>4440044440</strong></span> <span class='ocrx_word' id='word_1_385' title='bbox 647 3300 882 3370; x_wconf 68' lang='lat' dir='ltr'>nomentanus,</span> <span class='ocrx_word' id='word_1_386' title='bbox 937 3317 998 3377; x_wconf 85' lang='lat' dir='ltr'><strong>que</strong></span> <span class='ocrx_word' id='word_1_387' title='bbox 1019 3316 1036 3359; x_wconf 87' lang='grc'><strong>0</strong></span> <span class='ocrx_word' id='word_1_388' title='bbox 1058 3300 1209 3360; x_wconf 88' lang='grc'><strong>0044440040</strong></span> <span class='ocrx_word' id='word_1_389' title='bbox 1231 3300 1309 3360; x_wconf 88' lang='grc'><strong>0444.</strong></span> <span class='ocrx_word' id='word_1_390' title='bbox 1337 3300 1535 3364; x_wconf 86' lang='lat' dir='ltr'>cardinalem</span> <span class='ocrx_word' id='word_1_391' title='bbox 1550 3300 1642 3379; x_wconf 73' lang='lat' dir='ltr'>euno</span> 
     </span>
     <span class='ocr_line' id='line_1_57' title="bbox 165 3390 1642 3472; baseline -0.002 -19"><span class='ocrx_word' id='word_1_392' title='bbox 165 3392 254 3469; x_wconf 86' lang='lat' dir='ltr'>cujus</span> <span class='ocrx_word' id='word_1_393' title='bbox 276 3393 350 3453; x_wconf 87' lang='lat' dir='ltr'>liber</span> <span class='ocrx_word' id='word_1_394' title='bbox 371 3391 407 3452; x_wconf 85' lang='lat' dir='ltr'><strong>de</strong></span> <span class='ocrx_word' id='word_1_395' title='bbox 428 3392 595 3472; x_wconf 84' lang='lat' dir='ltr'>irruptione</span> <span class='ocrx_word' id='word_1_396' title='bbox 615 3391 647 3452; x_wconf 87' lang='lat' dir='ltr'><strong>in</strong></span> <span class='ocrx_word' id='word_1_397' title='bbox 668 3398 787 3453; x_wconf 83' lang='lat' dir='ltr'>terrum</span> <span class='ocrx_word' id='word_1_398' title='bbox 806 3390 883 3453; x_wconf 75' lang='grc'><strong>8040</strong></span> <span class='ocrx_word' id='word_1_399' title='bbox 937 3411 1009 3471; x_wconf 90' lang='lat' dir='ltr'><strong>pum</strong></span> <span class='ocrx_word' id='word_1_400' title='bbox 1032 3395 1233 3453; x_wconf 88' lang='lat' dir='ltr'>Pertuensem</span> <span class='ocrx_word' id='word_1_401' title='bbox 1256 3399 1288 3452; x_wconf 86' lang='lat' dir='ltr'><strong>ct</strong></span> <span class='ocrx_word' id='word_1_402' title='bbox 1310 3393 1342 3454; x_wconf 89' lang='lat' dir='ltr'><strong>S.</strong></span> <span class='ocrx_word' id='word_1_403' title='bbox 1365 3393 1520 3469; x_wconf 84' lang='grc'><strong>44044000,</strong></span> <span class='ocrx_word' id='word_1_404' title='bbox 1540 3405 1642 3455; x_wconf 84' lang='lat' dir='ltr'>necnon</span> 
     </span>
     <span class='ocr_line' id='line_1_58' title="bbox 163 3483 1640 3564; baseline 0.001 -20"><span class='ocrx_word' id='word_1_405' title='bbox 163 3492 241 3547; x_wconf 89' lang='lat' dir='ltr'>ctum</span> <span class='ocrx_word' id='word_1_406' title='bbox 258 3501 316 3563; x_wconf 84' lang='lat' dir='ltr'><strong>per</strong></span> <span class='ocrx_word' id='word_1_407' title='bbox 338 3487 525 3549; x_wconf 81' lang='grc'><strong>8004000004</strong></span> <span class='ocrx_word' id='word_1_408' title='bbox 543 3484 599 3546; x_wconf 73' lang='lat' dir='ltr'>hid.</span> <span class='ocrx_word' id='word_1_409' title='bbox 618 3493 666 3544; x_wconf 84' lang='lat' dir='ltr'><strong>eat</strong></span> <span class='ocrx_word' id='word_1_410' title='bbox 685 3488 712 3543; x_wconf 90' lang='lat' dir='ltr'><strong>in</strong></span> <span class='ocrx_word' id='word_1_411' title='bbox 734 3484 806 3545; x_wconf 89' lang='grc'><strong>04444.</strong></span> <span class='ocrx_word' id='word_1_412' title='bbox 827 3483 883 3545; x_wconf 82' lang='lat' dir='ltr'><strong>vo·</strong></span> <span class='ocrx_word' id='word_1_413' title='bbox 936 3488 1111 3564; x_wconf 82' lang='lat' dir='ltr'>Magistrum</span> <span class='ocrx_word' id='word_1_414' title='bbox 1146 3487 1174 3546; x_wconf 88' lang='lat' dir='ltr'><strong>S.</strong></span> <span class='ocrx_word' id='word_1_415' title='bbox 1213 3485 1317 3545; x_wconf 82' lang='lat' dir='ltr'>Palatii</span> <span class='ocrx_word' id='word_1_416' title='bbox 1356 3490 1562 3549; x_wconf 90' lang='lat' dir='ltr'>constitutum</span> <span class='ocrx_word' id='word_1_417' title='bbox 1589 3496 1640 3544; x_wconf 69' lang='lat' dir='ltr'><strong>ssa</strong></span> 
     </span>
     <span class='ocr_line' id='line_1_59' title="bbox 164 3576 1641 3656; baseline -0.003 -17"><span class='ocrx_word' id='word_1_418' title='bbox 164 3581 272 3639; x_wconf 83' lang='grc'><strong>440000.</strong></span> <span class='ocrx_word' id='word_1_419' title='bbox 287 3582 373 3639; x_wconf 84' lang='lat' dir='ltr'>Baro.</span> <span class='ocrx_word' id='word_1_420' title='bbox 388 3578 426 3637; x_wconf 88' lang='lat' dir='ltr'><strong>de</strong></span> <span class='ocrx_word' id='word_1_421' title='bbox 442 3580 602 3640; x_wconf 85' lang='grc'><strong>4404444000.</strong></span> <span class='ocrx_word' id='word_1_422' title='bbox 618 3578 691 3639; x_wconf 88' lang='grc'><strong>04444.</strong></span> <span class='ocrx_word' id='word_1_423' title='bbox 708 3577 781 3638; x_wconf 88' lang='grc'><strong>04444.</strong></span> <span class='ocrx_word' id='word_1_424' title='bbox 800 3576 881 3637; x_wconf 84' lang='lat' dir='ltr'>MSS.</span> <span class='ocrx_word' id='word_1_425' title='bbox 937 3579 1042 3656; x_wconf 81' lang='lat' dir='ltr'>ajunt,</span> <span class='ocrx_word' id='word_1_426' title='bbox 1073 3578 1127 3638; x_wconf 85' lang='lat' dir='ltr'><strong>sed</strong></span> <span class='ocrx_word' id='word_1_427' title='bbox 1163 3581 1230 3639; x_wconf 88' lang='grc'><strong>0400</strong></span> <span class='ocrx_word' id='word_1_428' title='bbox 1264 3579 1435 3640; x_wconf 84' lang='lat' dir='ltr'>sufficienti</span> <span class='ocrx_word' id='word_1_429' title='bbox 1470 3581 1641 3642; x_wconf 80' lang='lat' dir='ltr'>turonorum</span> 
     </span>
     <span class='ocr_line' id='line_1_60' title="bbox 165 3664 1641 3750; baseline 0.001 -19"><span class='ocrx_word' id='word_1_430' title='bbox 165 3690 193 3750; x_wconf 93' lang='lat' dir='ltr'><strong>p.</strong></span> <span class='ocrx_word' id='word_1_431' title='bbox 209 3672 258 3732; x_wconf 81' lang='lat' dir='ltr'><strong>tt.</strong></span> <span class='ocrx_word' id='word_1_432' title='bbox 273 3673 340 3748; x_wconf 77' lang='grc'><strong>(404</strong></span> <span class='ocrx_word' id='word_1_433' title='bbox 357 3672 414 3743; x_wconf 84' lang='grc'><strong>004</strong></span> <span class='ocrx_word' id='word_1_434' title='bbox 443 3674 545 3733; x_wconf 82' lang='lat' dir='ltr'>verius</span> <span class='ocrx_word' id='word_1_435' title='bbox 568 3664 678 3732; x_wconf 88' lang='grc'><strong>0400404</strong></span> <span class='ocrx_word' id='word_1_436' title='bbox 695 3687 713 3730; x_wconf 87' lang='grc'><strong>0</strong></span> <span class='ocrx_word' id='word_1_437' title='bbox 731 3671 830 3731; x_wconf 87' lang='lat' dir='ltr'>hiante</span> <span class='ocrx_word' id='word_1_438' title='bbox 845 3666 883 3729; x_wconf 88' lang='lat' dir='ltr'><strong>de</strong></span> <span class='ocrx_word' id='word_1_439' title='bbox 938 3672 1012 3733; x_wconf 88' lang='lat' dir='ltr'>Vide</span> <span class='ocrx_word' id='word_1_440' title='bbox 1035 3672 1139 3732; x_wconf 89' lang='lat' dir='ltr'>Willot</span> <span class='ocrx_word' id='word_1_441' title='bbox 1161 3672 1303 3733; x_wconf 75' lang='lat' dir='ltr'>Athenas</span> <span class='ocrx_word' id='word_1_442' title='bbox 1324 3671 1460 3733; x_wconf 87' lang='lat' dir='ltr'>sodalitii</span> <span class='ocrx_word' id='word_1_443' title='bbox 1483 3668 1641 3735; x_wconf 81' lang='grc'><strong>0000044000</strong></span> 
     </span>
     <span class='ocr_line' id='line_1_61' title="bbox 169 3761 1642 3846; baseline -0.003 -21"><span class='ocrx_word' id='word_1_444' title='bbox 169 3766 286 3837; x_wconf 81' lang='lat' dir='ltr'>Cruda,</span> <span class='ocrx_word' id='word_1_445' title='bbox 303 3764 340 3823; x_wconf 86' lang='lat' dir='ltr'><strong>de</strong></span> <span class='ocrx_word' id='word_1_446' title='bbox 357 3783 416 3843; x_wconf 83' lang='lat' dir='ltr'>quo</span> <span class='ocrx_word' id='word_1_447' title='bbox 438 3783 527 3843; x_wconf 90' lang='lat' dir='ltr'>supra</span> <span class='ocrx_word' id='word_1_448' title='bbox 550 3771 581 3824; x_wconf 87' lang='lat' dir='ltr'><strong>et</strong></span> <span class='ocrx_word' id='word_1_449' title='bbox 599 3766 627 3825; x_wconf 89' lang='grc'><strong>0.</strong></span> <span class='ocrx_word' id='word_1_450' title='bbox 647 3765 680 3824; x_wconf 88' lang='grc'><strong>0.</strong></span> <span class='ocrx_word' id='word_1_451' title='bbox 699 3761 834 3824; x_wconf 84' lang='lat' dir='ltr'>Pineschi</span> <span class='ocrx_word' id='word_1_452' title='bbox 853 3763 882 3819; x_wconf 91' lang='lat' dir='ltr'><strong>in</strong></span> <span class='ocrx_word' id='word_1_453' title='bbox 938 3784 968 3843; x_wconf 85' lang='lat' dir='ltr'><strong>p.</strong></span> <span class='ocrx_word' id='word_1_454' title='bbox 989 3766 1057 3827; x_wconf 87' lang='grc'><strong>344.</strong></span> <span class='ocrx_word' id='word_1_455' title='bbox 1081 3767 1288 3824; x_wconf 85' lang='lat' dir='ltr'>Passerinum</span> <span class='ocrx_word' id='word_1_456' title='bbox 1313 3770 1391 3824; x_wconf 91' lang='lat' dir='ltr'>tem.</span> <span class='ocrx_word' id='word_1_457' title='bbox 1413 3767 1439 3826; x_wconf 94' lang='grc'><strong>44</strong></span> <span class='ocrx_word' id='word_1_458' title='bbox 1460 3766 1642 3846; x_wconf 77' lang='lat' dir='ltr'>Appamtuap</span> 
     </span>
     <span class='ocr_line' id='line_1_62' title="bbox 165 3854 1640 3938; baseline -0.003 -20"><span class='ocrx_word' id='word_1_459' title='bbox 165 3857 220 3934; x_wconf 90' lang='lat' dir='ltr'><strong>Op.</strong></span> <span class='ocrx_word' id='word_1_460' title='bbox 235 3860 375 3919; x_wconf 76' lang='lat' dir='ltr'>Memoria</span> <span class='ocrx_word' id='word_1_461' title='bbox 395 3857 476 3938; x_wconf 74' lang='lat' dir='ltr'>degli</span> <span class='ocrx_word' id='word_1_462' title='bbox 499 3861 578 3919; x_wconf 85' lang='lat' dir='ltr'>ilem.</span> <span class='ocrx_word' id='word_1_463' title='bbox 605 3855 724 3919; x_wconf 80' lang='grc'><strong>44400404</strong></span> <span class='ocrx_word' id='word_1_464' title='bbox 742 3854 774 3915; x_wconf 90' lang='lat' dir='ltr'><strong>di</strong></span> <span class='ocrx_word' id='word_1_465' title='bbox 796 3856 827 3915; x_wconf 78' lang='lat' dir='ltr'><strong>a.</strong></span> <span class='ocrx_word' id='word_1_466' title='bbox 846 3854 884 3914; x_wconf 83' lang='lat' dir='ltr'><strong>li·</strong></span> <span class='ocrx_word' id='word_1_467' title='bbox 940 3857 1010 3918; x_wconf 87' lang='grc'><strong>347.</strong></span> <span class='ocrx_word' id='word_1_468' title='bbox 1023 3857 1140 3917; x_wconf 90' lang='lat' dir='ltr'>Oldoini</span> <span class='ocrx_word' id='word_1_469' title='bbox 1153 3856 1346 3918; x_wconf 79' lang='lat' dir='ltr'>Athenaeum</span> <span class='ocrx_word' id='word_1_470' title='bbox 1362 3857 1534 3921; x_wconf 79' lang='lat' dir='ltr'>Romanum</span> <span class='ocrx_word' id='word_1_471' title='bbox 1554 3875 1579 3936; x_wconf 92' lang='lat' dir='ltr'><strong>p.</strong></span> <span class='ocrx_word' id='word_1_472' title='bbox 1592 3854 1640 3917; x_wconf 81' lang='lat' dir='ltr'><strong>stt</strong></span> 
     </span>
     <span class='ocr_line' id='line_1_63' title="bbox 169 3947 1640 4029; baseline 0 -22"><span class='ocrx_word' id='word_1_473' title='bbox 169 3948 301 4010; x_wconf 87' lang='lat' dir='ltr'>Nouello.</span> <span class='ocrx_word' id='word_1_474' title='bbox 323 3952 450 4012; x_wconf 80' lang='grc'><strong>0400000</strong></span> <span class='ocrx_word' id='word_1_475' title='bbox 474 3952 562 4015; x_wconf 80' lang='lat' dir='ltr'>ttae.</span> <span class='ocrx_word' id='word_1_476' title='bbox 584 3951 634 4022; x_wconf 72' lang='lat' dir='ltr'>lo.)</span> <span class='ocrx_word' id='word_1_477' title='bbox 941 3957 1016 4010; x_wconf 89' lang='lat' dir='ltr'>ante</span> <span class='ocrx_word' id='word_1_478' title='bbox 1033 3966 1140 4010; x_wconf 85' lang='lat' dir='ltr'>omnes</span> <span class='ocrx_word' id='word_1_479' title='bbox 1157 3949 1399 4011; x_wconf 86' lang='lat' dir='ltr'>veroOudinum</span> <span class='ocrx_word' id='word_1_480' title='bbox 1415 3959 1491 4013; x_wconf 90' lang='lat' dir='ltr'>tom.</span> <span class='ocrx_word' id='word_1_481' title='bbox 1506 3953 1542 4013; x_wconf 92' lang='grc'><strong>444</strong></span> <span class='ocrx_word' id='word_1_482' title='bbox 1556 3968 1580 4029; x_wconf 92' lang='lat' dir='ltr'><strong>p.</strong></span> <span class='ocrx_word' id='word_1_483' title='bbox 1593 3947 1640 4007; x_wconf 87' lang='grc'><strong>444.</strong></span> 
     </span>
     <span class='ocr_line' id='line_1_64' title="bbox 208 4041 1639 4123; baseline 0.005 -25"><span class='ocrx_word' id='word_1_484' title='bbox 208 4042 392 4105; x_wconf 72' lang='grc'><strong>4444404005</strong></span> <span class='ocrx_word' id='word_1_485' title='bbox 405 4088 411 4115; x_wconf 83' lang='grc'><strong>,</strong></span> <span class='ocrx_word' id='word_1_486' title='bbox 426 4047 593 4121; x_wconf 87' lang='lat' dir='ltr'>Episcopus</span> <span class='ocrx_word' id='word_1_487' title='bbox 615 4042 842 4104; x_wconf 84' lang='lat' dir='ltr'>Suessionensis</span> <span class='ocrx_word' id='word_1_488' title='bbox 856 4056 882 4099; x_wconf 90' lang='grc'><strong>0.</strong></span> <span class='ocrx_word' id='word_1_489' title='bbox 979 4041 1195 4113; x_wconf 76' lang='lat' dir='ltr'>aracaeus,</span> <span class='ocrx_word' id='word_1_490' title='bbox 1218 4042 1266 4102; x_wconf 88' lang='lat' dir='ltr'>alii</span> <span class='ocrx_word' id='word_1_491' title='bbox 1302 4042 1466 4119; x_wconf 72' lang='grc'><strong>4449040004</strong></span> <span class='ocrx_word' id='word_1_492' title='bbox 1483 4052 1515 4107; x_wconf 85' lang='lat' dir='ltr'><strong>et</strong></span> <span class='ocrx_word' id='word_1_493' title='bbox 1535 4042 1639 4123; x_wconf 66' lang='grc'><strong>44400441</strong></span> 
     </span>
     <span class='ocr_line' id='line_1_65' title="bbox 168 4132 1639 4217; baseline 0.002 -27"><span class='ocrx_word' id='word_1_494' title='bbox 168 4132 235 4191; x_wconf 85' lang='grc'><strong>800.</strong></span> <span class='ocrx_word' id='word_1_495' title='bbox 251 4137 369 4210; x_wconf 86' lang='lat' dir='ltr'>scripsit</span> <span class='ocrx_word' id='word_1_496' title='bbox 385 4136 646 4213; x_wconf 79' lang='lat' dir='ltr'>Conruturtomm,</span> <span class='ocrx_word' id='word_1_497' title='bbox 663 4139 728 4196; x_wconf 87' lang='lat' dir='ltr'>aive</span> <span class='ocrx_word' id='word_1_498' title='bbox 743 4136 883 4195; x_wconf 84' lang='lat' dir='ltr'>Canones</span> <span class='ocrx_word' id='word_1_499' title='bbox 936 4136 1095 4209; x_wconf 83' lang='lat' dir='ltr'>scribunt,</span> <span class='ocrx_word' id='word_1_500' title='bbox 1118 4133 1252 4196; x_wconf 82' lang='grc'><strong>44004000</strong></span> <span class='ocrx_word' id='word_1_501' title='bbox 1275 4134 1404 4213; x_wconf 90' lang='lat' dir='ltr'>Philippi</span> <span class='ocrx_word' id='word_1_502' title='bbox 1427 4137 1570 4217; x_wconf 78' lang='lat' dir='ltr'>Augusti,</span> <span class='ocrx_word' id='word_1_503' title='bbox 1599 4132 1639 4193; x_wconf 76' lang='grc'><strong>440</strong></span> 
     </span>
     <span class='ocr_line' id='line_1_66' title="bbox 167 4224 1638 4308; baseline -0.003 -17"><span class='ocrx_word' id='word_1_504' title='bbox 167 4227 395 4291; x_wconf 82' lang='lat' dir='ltr'>Ecclesiasticus</span> <span class='ocrx_word' id='word_1_505' title='bbox 426 4229 521 4291; x_wconf 84' lang='lat' dir='ltr'>editos</span> <span class='ocrx_word' id='word_1_506' title='bbox 551 4233 679 4307; x_wconf 90' lang='lat' dir='ltr'>primum</span> <span class='ocrx_word' id='word_1_507' title='bbox 701 4247 718 4289; x_wconf 88' lang='lat' dir='ltr'><strong>a</strong></span> <span class='ocrx_word' id='word_1_508' title='bbox 739 4230 784 4288; x_wconf 89' lang='grc'><strong>40.</strong></span> <span class='ocrx_word' id='word_1_509' title='bbox 812 4228 881 4287; x_wconf 84' lang='lat' dir='ltr'>Cor·</span> <span class='ocrx_word' id='word_1_510' title='bbox 938 4231 984 4306; x_wconf 84' lang='lat' dir='ltr'><strong>gis</strong></span> <span class='ocrx_word' id='word_1_511' title='bbox 1004 4224 1638 4308; x_wconf 69' lang='grc' dir='ltr'><strong>0014400,οῑ0404000008.4)40444044,040</strong></span> 
     </span>
     <span class='ocr_line' id='line_1_67' title="bbox 165 4317 1637 4404; baseline -0.003 -22"><span class='ocrx_word' id='word_1_512' title='bbox 165 4322 328 4383; x_wconf 88' lang='lat' dir='ltr'>desiccum</span> <span class='ocrx_word' id='word_1_513' title='bbox 341 4322 880 4400; x_wconf 79' lang='grc' dir='ltr'><strong>00000014044400444004,Ρο040.4040.</strong></span> <span class='ocrx_word' id='word_1_514' title='bbox 939 4324 999 4384; x_wconf 88' lang='grc'><strong>0044</strong></span> <span class='ocrx_word' id='word_1_515' title='bbox 1020 4340 1045 4382; x_wconf 91' lang='grc'><strong>0.</strong></span> <span class='ocrx_word' id='word_1_516' title='bbox 1070 4323 1158 4383; x_wconf 65' lang='lat' dir='ltr'>lidi).</span> <span class='ocrx_word' id='word_1_517' title='bbox 1182 4323 1310 4399; x_wconf 87' lang='lat' dir='ltr'>Scripsit</span> <span class='ocrx_word' id='word_1_518' title='bbox 1335 4322 1433 4384; x_wconf 86' lang='lat' dir='ltr'>Vitam</span> <span class='ocrx_word' id='word_1_519' title='bbox 1461 4317 1637 4404; x_wconf 70' lang='lat' dir='ltr'>Philippiis</span> 
     </span>
     <span class='ocr_line' id='line_1_68' title="bbox 169 4408 1636 4496; baseline -0.002 -19"><span class='ocrx_word' id='word_1_520' title='bbox 169 4434 196 4493; x_wconf 84' lang='lat' dir='ltr'><strong>p.</strong></span> <span class='ocrx_word' id='word_1_521' title='bbox 214 4416 282 4477; x_wconf 87' lang='grc'><strong>085.</strong></span> <span class='ocrx_word' id='word_1_522' title='bbox 303 4415 412 4477; x_wconf 87' lang='grc'><strong>004400</strong></span> <span class='ocrx_word' id='word_1_523' title='bbox 433 4418 462 4476; x_wconf 89' lang='lat' dir='ltr'><strong>in</strong></span> <span class='ocrx_word' id='word_1_524' title='bbox 485 4418 626 4479; x_wconf 81' lang='lat' dir='ltr'>Consiliis</span> <span class='ocrx_word' id='word_1_525' title='bbox 641 4418 747 4479; x_wconf 85' lang='lat' dir='ltr'>Lahbei</span> <span class='ocrx_word' id='word_1_526' title='bbox 763 4422 794 4478; x_wconf 89' lang='lat' dir='ltr'><strong>et</strong></span> <span class='ocrx_word' id='word_1_527' title='bbox 811 4417 883 4477; x_wconf 81' lang='lat' dir='ltr'>Cos·</span> <span class='ocrx_word' id='word_1_528' title='bbox 936 4415 1035 4496; x_wconf 79' lang='lat' dir='ltr'>pusii,</span> <span class='ocrx_word' id='word_1_529' title='bbox 1056 4413 1145 4489; x_wconf 82' lang='lat' dir='ltr'>cujus</span> <span class='ocrx_word' id='word_1_530' title='bbox 1168 4415 1259 4491; x_wconf 85' lang='lat' dir='ltr'>rebus</span> <span class='ocrx_word' id='word_1_531' title='bbox 1280 4418 1425 4478; x_wconf 87' lang='lat' dir='ltr'>omnibus</span> <span class='ocrx_word' id='word_1_532' title='bbox 1448 4408 1636 4487; x_wconf 54' lang='lat' dir='ltr'>interluunt</span> 
     </span>
    </p>

    <p class='ocr_par' dir='ltr' id='par_1_11' title="bbox 110 4504 1635 4667">
     <span class='ocr_line' id='line_1_69' title="bbox 110 4504 1635 4591; baseline -0.001 -24"><span class='ocrx_word' id='word_1_533' title='bbox 110 4576 114 4585; x_wconf 47' lang='grc'><strong><em>,</em></strong></span> <span class='ocrx_word' id='word_1_534' title='bbox 167 4511 271 4585; x_wconf 82' lang='lat' dir='ltr'>sortii,</span> <span class='ocrx_word' id='word_1_535' title='bbox 288 4512 317 4569; x_wconf 94' lang='lat' dir='ltr'><strong>in</strong></span> <span class='ocrx_word' id='word_1_536' title='bbox 335 4509 407 4571; x_wconf 89' lang='lat' dir='ltr'>edit.</span> <span class='ocrx_word' id='word_1_537' title='bbox 425 4528 499 4571; x_wconf 86' lang='lat' dir='ltr'>vero</span> <span class='ocrx_word' id='word_1_538' title='bbox 516 4511 660 4574; x_wconf 80' lang='lat' dir='ltr'>Hnrduini</span> <span class='ocrx_word' id='word_1_539' title='bbox 674 4518 696 4571; x_wconf 86' lang='lat' dir='ltr'><strong>t.</strong></span> <span class='ocrx_word' id='word_1_540' title='bbox 709 4511 745 4572; x_wconf 90' lang='grc'><strong>04</strong></span> <span class='ocrx_word' id='word_1_541' title='bbox 771 4528 800 4589; x_wconf 90' lang='lat' dir='ltr'><strong>p.</strong></span> <span class='ocrx_word' id='word_1_542' title='bbox 815 4509 883 4570; x_wconf 75' lang='lat' dir='ltr'>tta.</span> <span class='ocrx_word' id='word_1_543' title='bbox 938 4527 964 4569; x_wconf 88' lang='grc'><strong>0.</strong></span> <span class='ocrx_word' id='word_1_544' title='bbox 990 4507 1076 4569; x_wconf 69' lang='lat' dir='ltr'>lidi.</span> <span class='ocrx_word' id='word_1_545' title='bbox 1101 4510 1113 4568; x_wconf 90' lang='grc'><strong>4</strong></span> <span class='ocrx_word' id='word_1_546' title='bbox 1121 4506 1190 4568; x_wconf 76' lang='grc'><strong>044.</strong></span> <span class='ocrx_word' id='word_1_547' title='bbox 1207 4515 1238 4567; x_wconf 91' lang='grc'><strong>04</strong></span> <span class='ocrx_word' id='word_1_548' title='bbox 1257 4507 1411 4570; x_wconf 85' lang='lat' dir='ltr'>Ludevico</span> <span class='ocrx_word' id='word_1_549' title='bbox 1426 4509 1488 4570; x_wconf 85' lang='lat' dir='ltr'>lilio</span> <span class='ocrx_word' id='word_1_550' title='bbox 1505 4504 1635 4591; x_wconf 76' lang='lat' dir='ltr'>dedicarit</span> 
     </span>
     <span class='ocr_line' id='line_1_70' title="bbox 207 4593 1635 4667; baseline -0.004 -4"><span class='ocrx_word' id='word_1_551' title='bbox 207 4603 818 4667; x_wconf 74' lang='grc'><strong>0400044448004444000400440044004</strong></span> <span class='ocrx_word' id='word_1_552' title='bbox 833 4618 884 4662; x_wconf 89' lang='lat' dir='ltr'><strong>au·</strong></span> <span class='ocrx_word' id='word_1_553' title='bbox 940 4600 1048 4663; x_wconf 81' lang='lat' dir='ltr'>Editus</span> <span class='ocrx_word' id='word_1_554' title='bbox 1072 4607 1119 4661; x_wconf 91' lang='lat' dir='ltr'><strong>est</strong></span> <span class='ocrx_word' id='word_1_555' title='bbox 1141 4617 1158 4661; x_wconf 91' lang='lat' dir='ltr'><strong>a</strong></span> <span class='ocrx_word' id='word_1_556' title='bbox 1181 4602 1212 4660; x_wconf 92' lang='lat' dir='ltr'><strong>P.</strong></span> <span class='ocrx_word' id='word_1_557' title='bbox 1234 4601 1356 4661; x_wconf 90' lang='lat' dir='ltr'>Pithoeo</span> <span class='ocrx_word' id='word_1_558' title='bbox 1380 4619 1439 4662; x_wconf 89' lang='lat' dir='ltr'>rrca</span> <span class='ocrx_word' id='word_1_559' title='bbox 1456 4619 1526 4663; x_wconf 87' lang='lat' dir='ltr'><strong>cnm</strong></span> <span class='ocrx_word' id='word_1_560' title='bbox 1541 4593 1635 4662; x_wconf 80' lang='lat' dir='ltr'>Guilirl</span> 
     </span>
    </p>
   </div>
   <div class='ocr_carea' id='block_1_6' title="bbox 168 4690 1678 4772">
    <p class='ocr_par' dir='ltr' id='par_1_12' title="bbox 168 4690 1678 4772">
     <span class='ocr_line' id='line_1_71' title="bbox 168 4690 1678 4772; baseline 0.003 -21"><span class='ocrx_word' id='word_1_561' title='bbox 168 4712 221 4771; x_wconf 86' lang='lat' dir='ltr'><strong>pra</strong></span> <span class='ocrx_word' id='word_1_562' title='bbox 242 4700 261 4755; x_wconf 93' lang='lat' dir='ltr'><strong>t.</strong></span> <span class='ocrx_word' id='word_1_563' title='bbox 282 4698 314 4755; x_wconf 87' lang='lat' dir='ltr'><strong>V.</strong></span> <span class='ocrx_word' id='word_1_564' title='bbox 332 4696 397 4757; x_wconf 76' lang='grc'><strong>404.</strong></span> <span class='ocrx_word' id='word_1_565' title='bbox 418 4700 487 4760; x_wconf 66' lang='lat' dir='ltr'>stc.</span> <span class='ocrx_word' id='word_1_566' title='bbox 507 4697 741 4761; x_wconf 82' lang='lat' dir='ltr'>Botcimlrnmus.</span> <span class='ocrx_word' id='word_1_567' title='bbox 943 4711 991 4754; x_wconf 89' lang='lat' dir='ltr'><strong>ruo</strong></span> <span class='ocrx_word' id='word_1_568' title='bbox 1015 4694 1154 4766; x_wconf 87' lang='lat' dir='ltr'>Britone,</span> <span class='ocrx_word' id='word_1_569' title='bbox 1177 4694 1314 4754; x_wconf 86' lang='lat' dir='ltr'>Francot.</span> <span class='ocrx_word' id='word_1_570' title='bbox 1337 4695 1426 4755; x_wconf 79' lang='grc'><strong>4504.</strong></span> <span class='ocrx_word' id='word_1_571' title='bbox 1450 4696 1499 4756; x_wconf 89' lang='lat' dir='ltr'>tol.</span> <span class='ocrx_word' id='word_1_572' title='bbox 1516 4690 1633 4772; x_wconf 73' lang='grc'><strong>40004440</strong></span> <span class='ocrx_word' id='word_1_573' title='bbox 1676 4760 1678 4769; x_wconf 63' lang='grc'>,</span> 
     </span>
    </p>
   </div>
   <div class='ocr_carea' id='block_1_7' title="bbox 210 4891 891 4959">
    <p class='ocr_par' dir='ltr' id='par_1_13' title="bbox 210 4891 891 4959">
     <span class='ocr_line' id='line_1_72' title="bbox 210 4891 891 4959; baseline 0.007 -22"><span class='ocrx_word' id='word_1_574' title='bbox 210 4891 235 4949; x_wconf 82' lang='grc'><strong>0)</strong></span> <span class='ocrx_word' id='word_1_575' title='bbox 258 4893 441 4956; x_wconf 79' lang='lat' dir='ltr'>liuttirrpiseire</span> <span class='ocrx_word' id='word_1_576' title='bbox 453 4897 569 4959; x_wconf 77' lang='lat' dir='ltr'>phlrlrrtc</span> <span class='ocrx_word' id='word_1_577' title='bbox 580 4898 694 4959; x_wconf 74' lang='grc'><strong>4044000</strong></span> <span class='ocrx_word' id='word_1_578' title='bbox 709 4910 734 4958; x_wconf 88' lang='lat' dir='ltr'><strong>p.</strong></span> <span class='ocrx_word' id='word_1_579' title='bbox 751 4895 820 4947; x_wconf 76' lang='lat' dir='ltr'>tlte.</span> <span class='ocrx_word' id='word_1_580' title='bbox 838 4893 891 4944; x_wconf 76' lang='lat' dir='ltr'>tus.</span> 
     </span>
    </p>
   </div>
   <div class='ocr_carea' id='block_1_8' title="bbox 0 0 1688 5362">
    <p class='ocr_par' dir='ltr' id='par_1_14' title="bbox 0 0 1688 5362">
     <span class='ocr_line' id='line_1_73' title="bbox 0 0 1688 5362; baseline 0 5"><span class='ocrx_word' id='word_1_581' title='bbox 0 0 1688 5362; x_wconf 95' lang='lat' dir='ltr'><strong> </strong></span> 
     </span>
    </p>
   </div>
  </div>
 </body>
</html>
