3368 5362
138 116 242 239 1110*
757 169 1050 233 Nicotaus

189 282 379 345 NlCOLAUS
411 278 581 356 Euboicus,
603 280 668 337 sive
697 279 870 356 Euriponti-
906 272 1028 359 ’μικτον
1048 287 1166 358 quarto.
1184 275 1322 339 Nondum
1341 276 1436 338 etlam
1455 276 1550 336 lucem
1568 274 1633 347 vidit

149 395 226 450 nus,
254 377 301 452 (di
324 375 531 453 Negropoutel
554 390 612 432 non
636 372 821 450 Saguntinus
842 372 869 442 al
923 376 948 434 si
976 390 1112 449 unquam
1145 372 1264 432 exstitit
1296 371 1400 430 versio
1433 367 1573 428 librorum
1601 384 1635 428 so

148 472 261 548 patria,
285 485 382 546 nequo
402 468 586 543 Saguntinus
599 467 627 524 in
642 466 781 541 Hispania
798 464 870 542 Epi·
924 474 1004 546 ptem
1029 464 1158 526 Arriani
1179 465 1217 525 da
1238 462 1404 524 Alexandri
1427 464 1466 523 ld.
1488 460 1577 521 rebus
1598 477 1635 538 ge

148 579 278 641 scopus,
300 562 327 634 b)
350 560 401 620 sed
436 557 626 636 Sagudinens
657 555 870 634 (Segundiuus
925 563 1001 637 stis,
1034 557 1208 639 Seguudiuo
1239 563 1384 630 auctore,
1417 555 1472 633 qui
1505 553 1636 615 4444444440

149 652 355 724 Secundinusl
376 654 493 730 proprio
517 653 658 723 nomine,
679 648 717 709 de
744 665 803 726 quo
824 665 871 708 ac·
928 671 1013 717 maso
1024 655 1110 714 Facio
1124 651 1246 712 eosdem
1265 648 1359 710 libros
1375 649 1512 708 vementi
1530 664 1586 708 non
1599 645 1638 706 de

148 753 401 809 curatcauctores
416 745 506 804 Diarii
522 742 707 803 eruditurum
730 741 830 800 ltaliae
853 747 873 799 t.
929 750 993 810 tuit,
1013 749 1117 824 Neque
1138 745 1299 824 quisquam
1321 743 1352 800 in
1375 741 1478 802 luoeru
1506 739 1636 800 haetenus

147 838 257 903 XXIV.
279 856 344 918 pag.
367 837 434 898 375.
457 852 521 912 seq.
544 837 596 895 ilio
618 842 665 894 est
687 852 703 893 e
725 833 874 893 Matthaen
929 839 1053 921 protulit
1073 833 1239 919 Epistulam
1257 832 1300 894 ad
1318 831 1529 894 Andronicum
1564 829 1639 896 Galli·

147 933 291 994 Palmerio
312 931 347 992 ad
370 929 406 991 Λ.
429 930 517 991 itas.
541 927 664 989 Latinae
685 935 715 989 et
738 927 873 987 Graecae
927 938 1007 995 stum
1031 929 1241 1008 Philosophum
1262 927 1381 989 Labbeo
1400 927 1433 1004 u)
1456 933 1638 989 memoratam

146 1025 281 1105 linquae
300 1028 391 1103 atque
412 1020 576 1100 elepantiae
594 1021 735 1100 princeps
768 1019 873 1080 lauda·
927 1043 961 1089 ac
979 1027 1138 1105 Syiburgio
1158 1026 1184 1100 c)
1206 1023 1244 1084 de
1264 1022 1422 1083 Michaelis
1443 1020 1588 1100 Apostoli
1600 1019 1640 1080 ad·

41 1106 45 1119 '
90 1130 94 1140 “
146 1117 302 1190 tissimus,
324 1115 378 1194 qui
397 1112 549 1194 frequenti
581 1111 712 1175 Concilio
734 1114 872 1188 (Floren-
926 1135 1036 1180 versus
1057 1114 1249 1178 Theodorum
1269 1115 1383 1177 Gazam
1406 1112 1511 1174 libello
1533 1112 1639 1174 vitoni

146 1212 229 1286 tino)
257 1207 373 1269 medius
392 1207 557 1280 assistens,
576 1204 678 1267 multis
698 1210 727 1265 et
745 1204 872 1266 tunditis
926 1215 1037 1290 scripto
1059 1211 1115 1272 Au.
1145 1210 1234 1271 tica.
1255 1209 1334 1288 stylo
1356 1209 1435 1269 satis
1467 1207 1594 1286 eleganti
1610 1206 1640 1266 de

146 1301 226 1364 vnis
246 1296 456 1371 audientibus,
478 1316 524 1359 me
545 1315 661 1378 quoque
683 1302 754 1358 teste
775 1297 872 1358 visen
925 1304 1085 1368 Aristotele
1116 1310 1145 1364 et
1179 1303 1309 1363 Plutone.
1342 1302 1449 1378 Neque
1471 1297 1640 1364 Consolatio

149 1398 176 1455 te
196 1391 414 1471 nuditateque,
437 1390 653 1470 disputantium
670 1388 765 1451 verba
785 1395 876 1469 atque
925 1414 990 1457 nem
1021 1395 1058 1456 ad
1091 1395 1236 1457 iacobum
1269 1393 1438 1454 Antonium
1459 1392 1641 1465 4444004404,

148 1485 308 1548 seutentios
329 1490 392 1545 tum
410 1484 524 1544 Graeco
547 1490 611 1544 tum
640 1484 741 1544 istim
768 1481 871 1561 prolo-
925 1491 1086 1552 Patricium
1107 1490 1258 1549 Venantum
1277 1487 1316 1548 de
1337 1487 1424 1548 obitu
1446 1486 1559 1547 Valerii
1577 1485 1640 1546 tilii:

149 1585 218 1654 tas,
250 1579 330 1639 mira
370 1575 520 1639 celeritate
552 1576 632 1638 ultro
668 1577 804 1656 citroque
841 1577 872 1636 in
926 1601 1025 1662 neque
1048 1581 1220 1643 Orationem
1240 1579 1364 1657 Neapoli
1378 1578 1416 1641 Α.
1436 1575 1530 1640 44443.
1547 1577 1583 1638 ad
1597 1581 1640 1638 lio—

147 1677 310 1751 utromque
342 1670 474 1750 linquam
493 1669 665 1750 fidelissimo
697 1677 727 1731 et
757 1687 872 1731 summo
926 1671 995 1756 goin
1018 1673 1416 1754 drogonumdlphonsum
1437 1671 1584 1733 ¹habitam
1610 1670 1641 1731 de

146 1769 257 1824 ornatu
272 1761 425 1826 reddebat.
445 1765 626 1824 Graecorum
652 1760 872 1842 confessionem
926 1771 1059 1849 potentis
1092 1767 1199 1828 Teucri
1232 1767 1450 1844 (imperatoris
1488 1766 1641 1828 Tuscorum

147 1856 183 1919 de
197 1855 299 1918 uerbis
313 1856 546 1918 consecrationis
562 1853 873 1916 ottranssubstantia-
926 1858 1116 1924 Muhamedis
1149 1860 1205 1936 il.)
1236 1865 1268 1918 et
1299 1857 1367 1936 eius
1387 1874 1546 1937 persona,
1567 1858 1641 1918 mori·

148 1949 236 2011 tionis
254 1953 271 2010 a
288 1950 469 2011 Bessorione
491 1952 519 2009 iu
543 1950 592 2009 illo
614 1949 747 2009 Concilio
769 1966 874 2027 propo·
926 1956 1003 2026 bus,
1027 1952 1184 2013 intellectu
1215 1956 1247 2011 et
1278 1950 1440 2027 supientia.
1461 1949 1525 2012 seu
1547 1951 1641 2010 iterum

150 2045 239 2104 sitam
263 2061 299 2102 ex
323 2045 427 2101 Latina
449 2032 558 2101 Nicolai
591 2041 777 2117 Euripontini
806 2058 874 2100 ver·
927 2050 1098 2124 iterumque
1119 2045 1217 2106 lucem
1240 2042 1316 2103 vidit
1344 2043 1452 2102 Latina
1484 2042 1643 2110 444444000-

149 2137 233 2195 sione
254 2133 348 2193 edidit
368 2133 555 2194 Mabiilouius
576 2140 649 2192 tom.
672 2135 683 2193 4
706 2132 798 2192 Musei
816 2133 875 2192 lta-
926 2137 1035 2200 sundri
1053 2137 1091 2197 de
1111 2136 1232 2215 Optimo
1252 2137 1396 2212 imperat
1418 2134 1577 2197 versioni
1600 2134 1643 2194 ai

147 2227 195 2286 lici
215 2243 282 2304 pag.
303 2228 371 2287 ata.
394 2227 549 2303 protessus
570 2244 636 2305 pag.
657 2227 726 2285 246.
756 2228 873 2285 nescire
927 2233 1080 2313 pheneum
1101 2231 1233 2307 Regem,
1255 2228 1390 2288 venetiis
1419 2245 1492 2288 cnm
1514 2228 1642 2306 Vegetio,

146 2335 181 2389 su
205 2335 278 2378 uum
302 2317 381 2377 idem
406 2318 454 2378 ilie
477 2321 517 2377 sit
538 2335 606 2379 cum
629 2317 747 2378 Nicoiao
764 2317 875 2378 Euboi·
927 2333 959 2386 ur
980 2324 1113 2386 Basileae
1136 2324 1225 2384 4544.
1248 2321 1336 2383 4558.
1360 2319 1454 2381 4570.
1470 2322 1503 2381 8.
1519 2322 1578 2382 Nec
1593 2337 1642 2379 non

147 2429 202 2480 co,
223 2410 261 2471 de
281 2429 341 2490 quo
357 2429 415 2472 non
435 2419 482 2472 est
504 2409 725 2471 dubitandum:
748 2409 873 2491 perinde
928 2415 1086 2479 Platorem
1104 2416 1142 2476 no
1163 2415 1250 2477 civiti
1284 2413 1504 2488 institutione,
1524 2413 1560 2475 od
1580 2416 1643 2474 itan

147 2506 192 2566 uti
213 2512 332 2566 constat
353 2505 433 2566 hunc
450 2519 518 2564 esse
534 2504 684 2564 Nicolaum
697 2499 874 2579 4004444404
929 2526 999 2571 cum
1021 2511 1194 2582 Donatum,
1215 2505 1377 2568 Patricium
1400 2505 1573 2569 Venenum,-
1591 2506 1644 2566 uri

147 2594 273 2674 spossus
306 2596 395 2674 cujus
431 2599 620 2658 versionemae
638 2597 783 2657 Graecam
815 2596 876 2655 dis·
930 2605 998 2663 siae
1020 2601 1108 2663 itta.
1129 2601 1158 2660 8.
1178 2600 1289 2660 Exstat
1303 2599 1396 2659 etiam
1416 2599 1447 2659 in
1466 2601 1572 2661 Latino
1586 2599 1643 2659 Plu

147 2694 320 2752 saltationis
340 2692 507 2763 intitul,
528 2688 698 2750 cardinalis
716 2691 745 2750 S.
765 2689 870 2768 iugali
925 2696 1029 2757 mecho
1051 2695 1085 2756 il.
1107 2693 1253 2773 Stephani
1277 2699 1298 2754 t
1322 2692 1340 2752 3
1362 2691 1524 2754 moralium
1555 2710 1582 2771 p.
1603 2689 1642 2751 47.

148 2783 186 2842 de
207 2785 383 2860 quaestione
405 2783 452 2842 ilia
475 2798 516 2840 an
537 2780 626 2840 liceat
655 2779 793 2859 symbolo
823 2780 872 2840 Fi·
966 2786 1063 2849 *Nou
1082 2794 1153 2847 aute
1170 2788 1282 2848 multus
1299 2802 1397 2847 anuos
1416 2785 1530 2864 prodiit
1551 2786 1580 2844 iu
1606 2784 1643 2844 ln

149 2872 200 2934 dei
217 2871 334 2952 aliquid
363 2871 475 2933 flddert
507 2871 596 2933 elium
618 2872 648 2934 tl
665 2889 791 2943 verum,
813 2876 872 2934 lla·
925 2896 991 2941 cem
1009 2879 1119 2941 Nicolai
1136 2880 1229 2940 huius
1246 2877 1412 2957 Sagundini
1431 2880 1499 2953 (sic
1520 2879 1642 2938 enimse

151 2969 336 3044 adscriptam
372 2967 401 3024 ln
434 2965 508 3025 Bibl·
538 2965 687 3025 Caesareo
725 2974 872 3026 memorat
925 2972 1056 3052 appellat
1086 2972 1214 3049 epistola
1242 2971 1311 3032 data
1338 2971 1476 3032 venetiis
1503 2972 1559 3032 xii
1586 2969 1643 3030 4404

149 3057 329 3118 Lambecius
346 3065 418 3117 tom.
441 3058 464 3115 V
487 3073 554 3134 pag.
578 3058 644 3117 iss.
668 3056 819 3117 Laudatur
834 3060 872 3119 ab
906 3066 1013 3143 ·Sept.
1030 3064 1067 3124 ad
1095 3063 1184 3124 Card.
1203 3063 1411 3124 Tusculanum
1429 3106 1436 3137 ,
1454 3064 1484 3121 in
1507 3080 1567 3142 qna
1587 3063 1643 3122 uso

149 3149 248 3212 AEnen
270 3149 375 3226 Sylvio
396 3152 426 3208 in
449 3149 682 3228 Gosmographia
714 3167 779 3229 pag.
804 3152 871 3212 4544.
926 3155 1069 3217 describit
1107 3156 1262 3218 historiam
1295 3156 1441 3233 nauuagii
1475 3159 1546 3230 sui,
1573 3151 1644 3232 qnod

149 3249 180 3301 et
203 3260 267 3320 pag.
300 3240 367 3301 307.
400 3259 460 3318 quo
492 3243 656 3320 posteriore
688 3242 753 3303 loco
779 3245 871 3305 etiam
927 3264 1037 3327 passus
1059 3249 1117 3309 luit
1138 3248 1219 3311 haud
1239 3248 1342 3328 procul
1374 3265 1391 3309 a
1420 3249 1538 3310 venato
1566 3255 1644 3326 portu

150 3332 263 3391 mentio
279 3330 344 3419 libri
362 3329 398 3391 tle
415 3329 529 3409 oripine
544 3335 574 3390 et
584 3327 704 3411 familia
723 3331 871 3392 Ottoman-
926 3341 999 3401 dum
1022 3343 1051 3399 iu
1083 3341 1231 3402 (laudium
1261 3341 1645 3421 pergeret.vid.tuu.1l

148 3440 270 3500 mmm,
284 3431 381 3502 “1¹10‘ss
399 3422 511 3485 AEllffle
526 3422 697 3498 dedlffivllr
715 3425 870 3486 laudatum
926 3431 1118 3494 Miscellaneo
1132 3433 1166 3495 di
1179 3433 1267 3496 uarie
1284 3437 1414 3513 operette
1436 3435 1547 3495 Venet.
1566 3435 1644 3496 tito.

67 3576 74 3586 ,
146 3519 232 3578 40440
253 3534 288 3578 ao
309 3518 662 3596 cuspiniano,a)atque
684 3519 742 3579 luci
765 3518 869 3580 datum
926 3542 986 3604 quo
1000 3528 1029 3584 in
1048 3543 1137 3605 opere
1150 3528 1245 3588 altera
1263 3526 1406 3588 adiuuem
1420 3535 1472 3588 eut
1491 3530 1572 3589 Petri
1587 3529 1646 3588 Pur-

149 3613 272 3673 Lovanii
293 3611 456 3672 edentulo.
470 3613 563 3671 444440
583 3609 618 3670 Α.
642 3611 729 3672 4553.
747 3613 774 3670 44
792 3613 820 3671 8.
842 3619 874 3672 04
927 3618 1022 3678 leonis
1036 3615 1237 3680 Ariminensis
1253 3620 1456 3680 consolatoria
1468 3620 1509 3680 ad
1524 3620 1645 3683 eundem

151 3721 221 3764 cum
244 3706 371 3764 Leonico
391 3701 598 3781 Chalcondylu
631 3704 764 3763 Basiieae
785 3705 872 3765 4566.
929 3710 1136 3790 Suguudiuum
1153 3712 1344 3790 naufragium
1366 3710 1441 3774 iilud
1463 3727 1645 3792 perpessum.

149 3796 196 3856 iol.
228 3794 302 3855 Vide
329 3793 486 3855 laudatum
517 3796 652 3855 Diarinm
684 3793 871 3857 eruditorum
969 3801 1158 3866 Nicotaus
1173 3803 1646 3865 FacitneamussiveFalrinlton

147 3886 249 3946 ltaliae
271 3893 343 3944 tou.
367 3886 404 3946 ⁴8
426 3904 493 3965 pag.
512 3889 580 3947 tte.
600 3886 748 3947 ineditam
769 3896 871 3948 autem
927 3896 1160 3958 Noroioiciensis
1181 3895 1317 3976 angios,
1338 3896 1412 3957 ord.
1433 3899 1539 3959 444404.
1566 3897 1647 3974 riagi-

148 3975 185 4036 de
206 3977 426 4055 expuqnatione
458 3978 784 4059 Constantinopolitano
804 3998 873 4042 nar·
927 3997 992 4049 ster
1022 3991 1234 4064 Prouincialis,
1270 3990 1441 4068 Theologne
1471 3990 1647 4052 Oxoniensis

149 4071 316 4143 rationem,
338 4087 429 4147 quam
453 4073 546 4133 inisse
568 4073 647 4153 apud
680 4075 873 4134 Franciscum
928 4082 1003 4141 obiit
1025 4083 1057 4143 Α.
1082 4081 1171 4143 itti.
1192 4084 1268 4160 Ejus
1289 4085 1422 4162 scripta:
1444 4083 1482 4144 de
1510 4081 1647 4163 frotoni-

150 4163 353 4222 Sausovinum
375 4160 504 4223 traditur
535 4166 564 4223 in
595 4165 701 4226 eodem
729 4165 829 4226 Dianio
850 4172 872 4225 t.
928 4179 987 4234 tute
1001 4173 1469 4237 curisuuuu:dusolu'smatlbus
1487 4175 1645 4239 Ecclesiae:

149 4254 218 4314 XlV
239 4269 305 4331 pag.
328 4252 398 4312 3814.
415 4254 580 4318 NlCOLAO
598 4257 746 4335 Fulginall
768 4259 873 4319 tribuit
927 4284 1021 4346 super
1040 4268 1149 4328 unione
1171 4267 1335 4330 Ecclesiae,
1356 4271 1396 4331 El
1416 4276 1523 4331 conum
1545 4269 1648 4332 chle·

150 4343 298 4417 Allatins,
318 4345 370 4421 qni
392 4361 459 4404 eam
479 4346 569 4408 edere
591 4350 687 4409 voluit
708 4349 782 4410 libro
803 4369 873 4430 συμ-
929 4362 998 4421 fisus
1021 4359 1056 4421 de
1077 4359 1185 4422 valore
1205 4362 1337 4438 Musae,
1356 4361 1391 4423 de
1408 4362 1570 4442 appropi&
1589 4360 1647 4424 uu.

193 4543 218 4601 ι)
240 4546 278 4591 144
294 4546 347 4594 iiic.
364 4548 497 4597 Antonius.
516 4554 534 4596 t.
551 4547 566 4594 2
590 4549 652 4601 444444.
674 4552 779 4612 4444040.
799 4556 875 4602 veter.
968 4560 995 4622 o)
1009 4563 1070 4613 vide
1081 4563 1199 4613 voseium
1216 4573 1273 4624 pag,
1286 4560 1343 4613 not,

145 4633 171 4681 p.
189 4617 243 4666 ¹9⁴·
259 4618 282 4680 S·
299 4616 357 4667 5⁸⁰·
968 4635 997 4694 44)
1008 4637 1072 4687 tibi.
1085 4639 1273 4698 tiannsertptuo
1291 4648 1347 4698 eng.
1365 4635 1420 4687 tot.

190 4692 217 4751 b)
231 4695 266 4741 io
279 4694 381 4742 votum
403 4704 461 4756 nes·
477 4693 534 4744 ⁰⁰¹·
552 4697 604 4756 (cui
633 4698 724 4746 vitiose
752 4700 872 4748 aarum
965 4708 989 4769 o)
1002 4713 1060 4770 ru.
1077 4710 1118 4760 40.
1131 4710 1246 4771 orriolo
1264 4713 1495 4773 nroosonouroo
1522 4710 1584 4760 4444.
1599 4712 1645 4757 ra·

145 4767 290 4817 440040004
307 4765 465 4829 1400040444.)
482 4770 577 4819 caveus
594 4770 625 4820 ad
642 4774 688 4820 44.
700 4768 770 4825 ttae.
782 4775 808 4824 in
821 4775 873 4824 nist
921 4781 993 4833 patin.
1010 4783 1078 4832 Addo
1090 4785 1206 4834 niarium
1217 4782 1340 4850 eruditor.
1358 4784 1448 4836 itallae
1466 4791 1519 4835 tom
1536 4783 1575 4834 44.
1594 4794 1644 4849 pas·

29 4908 31 4912 ἱ
145 4840 182 4893 iil.
199 4843 354 4904 scriptorum
371 4843 616 4896 Ecclesinsiioorum.
925 4855 985 4906 587.
1002 4862 1027 4906 et
1038 4863 1098 4908 tom.
1112 4855 1143 4907 45
1155 4870 1213 4921 pau.
1229 4858 1285 4909 50³.
