<?xml version="1.0" encoding="UTF-8"?>
<!DOCTYPE html PUBLIC "-//W3C//DTD XHTML 1.0 Transitional//EN"
    "http://www.w3.org/TR/xhtml1/DTD/xhtml1-transitional.dtd">
<html xmlns="http://www.w3.org/1999/xhtml" xml:lang="en" lang="en">
 <head>
  <title>
</title>
<meta http-equiv="Content-Type" content="text/html;charset=utf-8" />
  <meta name='ocr-system' content='tesseract 3.04.00' />
  <meta name='ocr-capabilities' content='ocr_page ocr_carea ocr_par ocr_line ocrx_word'/>
</head>
<body>
  <div class='ocr_page' id='page_1' title='image "./bibliothecalati01gallgoog_0159.png"; bbox 0 0 3368 5362; ppageno 0'>
   <div class='ocr_carea' id='block_1_1' title="bbox 164 143 1034 211">
    <p class='ocr_par' dir='ltr' id='par_1_1' title="bbox 164 143 1034 211">
     <span class='ocr_line' id='line_1_1' title="bbox 164 143 1034 211; baseline -0.009 0"><span class='ocrx_word' id='word_1_1' title='bbox 164 152 223 211; x_wconf 75' lang='lat' dir='ltr'><strong>toa</strong></span> <span class='ocrx_word' id='word_1_2' title='bbox 774 143 1034 205; x_wconf 78' lang='lat' dir='ltr'>OPTATUS</span> 
     </span>
    </p>
   </div>
   <div class='ocr_carea' id='block_1_2' title="bbox 101 248 1654 4611">
    <p class='ocr_par' dir='ltr' id='par_1_2' title="bbox 101 248 1654 4611">
     <span class='ocr_line' id='line_1_2' title="bbox 161 248 1643 332; baseline -0.003 -16"><span class='ocrx_word' id='word_1_3' title='bbox 161 274 227 317; x_wconf 89' lang='lat' dir='ltr'><strong>mo:</strong></span> <span class='ocrx_word' id='word_1_4' title='bbox 262 263 352 332; x_wconf 79' lang='lat' dir='ltr'><strong>aitque</strong></span> <span class='ocrx_word' id='word_1_5' title='bbox 378 256 485 313; x_wconf 79' lang='lat' dir='ltr'><strong>iteruin</strong></span> <span class='ocrx_word' id='word_1_6' title='bbox 516 253 632 312; x_wconf 90' lang='lat' dir='ltr'><strong>collatis</strong></span> <span class='ocrx_word' id='word_1_7' title='bbox 658 254 724 312; x_wconf 87' lang='lat' dir='ltr'><strong>aliis</strong></span> <span class='ocrx_word' id='word_1_8' title='bbox 762 251 880 312; x_wconf 87' lang='lat' dir='ltr'><strong>dnobus</strong></span> <span class='ocrx_word' id='word_1_9' title='bbox 939 248 1132 324; x_wconf 82' lang='lat' dir='ltr'><strong>Gildomano,</strong></span> <span class='ocrx_word' id='word_1_10' title='bbox 1163 251 1311 329; x_wconf 79' lang='lat' dir='ltr'><strong>Episcopo</strong></span> <span class='ocrx_word' id='word_1_11' title='bbox 1341 248 1584 327; x_wconf 84' lang='lat' dir='ltr'><strong>Tamagadcnsi,</strong></span> <span class='ocrx_word' id='word_1_12' title='bbox 1608 254 1643 312; x_wconf 86' lang='grc'><strong>49-</strong></span> 
     </span>
     <span class='ocr_line' id='line_1_3' title="bbox 160 343 1644 426; baseline -0.004 -15"><span class='ocrx_word' id='word_1_13' title='bbox 160 350 370 426; x_wconf 84' lang='lat' dir='ltr'><strong>biannscriptis</strong></span> <span class='ocrx_word' id='word_1_14' title='bbox 395 347 508 406; x_wconf 87' lang='lat' dir='ltr'><strong>Tiliano</strong></span> <span class='ocrx_word' id='word_1_15' title='bbox 539 354 571 404; x_wconf 86' lang='lat' dir='ltr'><strong>et</strong></span> <span class='ocrx_word' id='word_1_16' title='bbox 597 348 786 406; x_wconf 85' lang='lat' dir='ltr'><strong>htaceracano</strong></span> <span class='ocrx_word' id='word_1_17' title='bbox 814 344 883 405; x_wconf 88' lang='lat' dir='ltr'><strong>ibid.</strong></span> <span class='ocrx_word' id='word_1_18' title='bbox 940 350 1031 403; x_wconf 89' lang='lat' dir='ltr'><strong>vente</strong></span> <span class='ocrx_word' id='word_1_19' title='bbox 1051 346 1236 419; x_wconf 73' lang='lat' dir='ltr'><strong>Donatistis,</strong></span> <span class='ocrx_word' id='word_1_20' title='bbox 1255 343 1294 403; x_wconf 89' lang='lat' dir='ltr'><strong>de</strong></span> <span class='ocrx_word' id='word_1_21' title='bbox 1315 360 1376 420; x_wconf 86' lang='lat' dir='ltr'><strong>qao</strong></span> <span class='ocrx_word' id='word_1_22' title='bbox 1409 344 1644 405; x_wconf 86' lang='lat' dir='ltr'><strong>Tillemontinst</strong></span> 
     </span>
     <span class='ocr_line' id='line_1_4' title="bbox 161 436 1645 518; baseline -0.005 -12"><span class='ocrx_word' id='word_1_23' title='bbox 161 447 248 507; x_wconf 75' lang='lat' dir='ltr'><strong>tuot).</strong></span> <span class='ocrx_word' id='word_1_24' title='bbox 266 445 311 503; x_wconf 82' lang='lat' dir='ltr'><strong>Ex</strong></span> <span class='ocrx_word' id='word_1_25' title='bbox 331 443 426 518; x_wconf 88' lang='lat' dir='ltr'><strong>priore</strong></span> <span class='ocrx_word' id='word_1_26' title='bbox 445 436 581 498; x_wconf 81' lang='lat' dir='ltr'><strong>balduini</strong></span> <span class='ocrx_word' id='word_1_27' title='bbox 599 438 730 498; x_wconf 81' lang='lat' dir='ltr'><strong>editione</strong></span> <span class='ocrx_word' id='word_1_28' title='bbox 749 444 884 515; x_wconf 81' lang='lat' dir='ltr'><strong>expres·</strong></span> <span class='ocrx_word' id='word_1_29' title='bbox 938 439 986 499; x_wconf 92' lang='lat' dir='ltr'><strong>Vl.</strong></span> <span class='ocrx_word' id='word_1_30' title='bbox 1008 440 1174 497; x_wconf 89' lang='lat' dir='ltr'><strong>memoriar.</strong></span> <span class='ocrx_word' id='word_1_31' title='bbox 1191 456 1219 513; x_wconf 94' lang='lat' dir='ltr'><strong>p.</strong></span> <span class='ocrx_word' id='word_1_32' title='bbox 1237 438 1304 497; x_wconf 89' lang='grc'><strong>480.</strong></span> <span class='ocrx_word' id='word_1_33' title='bbox 1323 452 1389 514; x_wconf 86' lang='lat' dir='ltr'><strong>seq.</strong></span> <span class='ocrx_word' id='word_1_34' title='bbox 1409 445 1463 497; x_wconf 88' lang='lat' dir='ltr'><strong>aut</strong></span> <span class='ocrx_word' id='word_1_35' title='bbox 1486 436 1525 496; x_wconf 88' lang='lat' dir='ltr'><strong>de</strong></span> <span class='ocrx_word' id='word_1_36' title='bbox 1554 438 1645 517; x_wconf 87' lang='lat' dir='ltr'><strong>Optato</strong></span> 
     </span>
     <span class='ocr_line' id='line_1_5' title="bbox 160 529 1650 609; baseline -0.004 -12"><span class='ocrx_word' id='word_1_37' title='bbox 160 554 194 597; x_wconf 92' lang='lat' dir='ltr'><strong>sa</strong></span> <span class='ocrx_word' id='word_1_38' title='bbox 214 538 310 595; x_wconf 85' lang='lat' dir='ltr'><strong>versio</strong></span> <span class='ocrx_word' id='word_1_39' title='bbox 324 534 431 591; x_wconf 80' lang='grc'><strong>44944499</strong></span> <span class='ocrx_word' id='word_1_40' title='bbox 452 532 535 591; x_wconf 82' lang='lat' dir='ltr'><strong>Petri</strong></span> <span class='ocrx_word' id='word_1_41' title='bbox 554 531 644 601; x_wconf 73' lang='lat' dir='ltr'><strong>tobit,</strong></span> <span class='ocrx_word' id='word_1_42' title='bbox 663 533 806 603; x_wconf 72' lang='lat' dir='ltr'><strong>&#39;slieologi</strong></span> <span class='ocrx_word' id='word_1_43' title='bbox 829 532 884 589; x_wconf 87' lang='lat' dir='ltr'><strong>Pa·</strong></span> <span class='ocrx_word' id='word_1_44' title='bbox 938 529 1121 591; x_wconf 45' lang='lat' dir='ltr'><strong>[inretiatur</strong></span> <span class='ocrx_word' id='word_1_45' title='bbox 1137 530 1151 589; x_wconf 81' lang='lat' dir='ltr'><strong>i</strong></span> <span class='ocrx_word' id='word_1_46' title='bbox 1168 532 1316 609; x_wconf 81' lang='lat' dir='ltr'>Episcopo</span> <span class='ocrx_word' id='word_1_47' title='bbox 1334 532 1403 590; x_wconf 83' lang='lat' dir='ltr'><strong>Sec.</strong></span> <span class='ocrx_word' id='word_1_48' title='bbox 1426 529 1476 589; x_wconf 86' lang='lat' dir='ltr'><strong>vt.</strong></span> <span class='ocrx_word' id='word_1_49' title='bbox 1494 529 1580 606; x_wconf 84' lang='lat' dir='ltr'><strong>cujus</strong></span> <span class='ocrx_word' id='word_1_50' title='bbox 1598 549 1650 592; x_wconf 84' lang='lat' dir='ltr'><strong>rno-</strong></span> 
     </span>
     <span class='ocr_line' id='line_1_6' title="bbox 160 622 1649 701; baseline -0.002 -13"><span class='ocrx_word' id='word_1_51' title='bbox 160 630 307 698; x_wconf 70' lang='lat' dir='ltr'><strong>ruiensis,</strong></span> <span class='ocrx_word' id='word_1_52' title='bbox 326 626 411 686; x_wconf 79' lang='grc'><strong>4994.</strong></span> <span class='ocrx_word' id='word_1_53' title='bbox 429 626 456 683; x_wconf 88' lang='grc'><strong>8.</strong></span> <span class='ocrx_word' id='word_1_54' title='bbox 470 625 558 700; x_wconf 86' lang='lat' dir='ltr'><strong>cujus</strong></span> <span class='ocrx_word' id='word_1_55' title='bbox 577 627 716 683; x_wconf 86' lang='lat' dir='ltr'><strong>meminit</strong></span> <span class='ocrx_word' id='word_1_56' title='bbox 729 626 883 684; x_wconf 82' lang='lat' dir='ltr'><strong>Crucima-</strong></span> <span class='ocrx_word' id='word_1_57' title='bbox 940 627 1033 685; x_wconf 90' lang='lat' dir='ltr'><strong>moria</strong></span> <span class='ocrx_word' id='word_1_58' title='bbox 1055 625 1104 683; x_wconf 87' lang='grc'><strong>34.</strong></span> <span class='ocrx_word' id='word_1_59' title='bbox 1125 624 1252 701; x_wconf 81' lang='lat' dir='ltr'><strong>Augusti</strong></span> <span class='ocrx_word' id='word_1_60' title='bbox 1275 622 1408 697; x_wconf 86' lang='lat' dir='ltr'><strong>colitur,</strong></span> <span class='ocrx_word' id='word_1_61' title='bbox 1429 622 1469 682; x_wconf 89' lang='lat' dir='ltr'><strong>de.</strong></span> <span class='ocrx_word' id='word_1_62' title='bbox 1496 640 1556 700; x_wconf 88' lang='lat' dir='ltr'><strong>qno</strong></span> <span class='ocrx_word' id='word_1_63' title='bbox 1584 626 1649 685; x_wconf 80' lang='lat' dir='ltr'><strong>hou</strong></span> 
     </span>
     <span class='ocr_line' id='line_1_7' title="bbox 162 714 1495 799; baseline -0.007 -16"><span class='ocrx_word' id='word_1_64' title='bbox 162 724 247 793; x_wconf 87' lang='lat' dir='ltr'><strong>nius,</strong></span> <span class='ocrx_word' id='word_1_65' title='bbox 265 738 328 798; x_wconf 81' lang='lat' dir='ltr'><strong>pag.</strong></span> <span class='ocrx_word' id='word_1_66' title='bbox 340 720 406 799; x_wconf 63' lang='grc'><strong>499,</strong></span> <span class='ocrx_word' id='word_1_67' title='bbox 420 719 492 777; x_wconf 85' lang='grc'><strong>9494.</strong></span> <span class='ocrx_word' id='word_1_68' title='bbox 504 717 643 777; x_wconf 73' lang='lat' dir='ltr'>Gallicae.</span> <span class='ocrx_word' id='word_1_69' title='bbox 660 719 807 777; x_wconf 79' lang='lat' dir='ltr'><strong>Posterior</strong></span> <span class='ocrx_word' id='word_1_70' title='bbox 819 718 885 777; x_wconf 86' lang='lat' dir='ltr'><strong>Dal·</strong></span> <span class='ocrx_word' id='word_1_71' title='bbox 938 719 1074 779; x_wconf 80' lang='lat' dir='ltr'><strong>sanctor.</strong></span> <span class='ocrx_word' id='word_1_72' title='bbox 1097 724 1169 776; x_wconf 91' lang='lat' dir='ltr'><strong>tom.</strong></span> <span class='ocrx_word' id='word_1_73' title='bbox 1192 720 1204 777; x_wconf 96' lang='grc'><strong>4</strong></span> <span class='ocrx_word' id='word_1_74' title='bbox 1231 717 1312 776; x_wconf 83' lang='grc'><strong>49944</strong></span> <span class='ocrx_word' id='word_1_75' title='bbox 1336 733 1404 793; x_wconf 82' lang='lat' dir='ltr'><strong>pag.</strong></span> <span class='ocrx_word' id='word_1_76' title='bbox 1422 714 1495 777; x_wconf 82' lang='grc'><strong>397.</strong></span> 
     </span>
     <span class='ocr_line' id='line_1_8' title="bbox 159 808 1648 887; baseline 0 -12"><span class='ocrx_word' id='word_1_77' title='bbox 159 816 297 875; x_wconf 88' lang='grc'><strong>(49494999</strong></span> <span class='ocrx_word' id='word_1_78' title='bbox 316 828 421 871; x_wconf 88' lang='lat' dir='ltr'><strong>recusa</strong></span> <span class='ocrx_word' id='word_1_79' title='bbox 439 809 652 887; x_wconf 83' lang='lat' dir='ltr'><strong>ilcidnlbcrgac</strong></span> <span class='ocrx_word' id='word_1_80' title='bbox 663 813 689 878; x_wconf 84' lang='lat' dir='ltr'><strong>al</strong></span> <span class='ocrx_word' id='word_1_81' title='bbox 700 809 778 886; x_wconf 86' lang='lat' dir='ltr'><strong>apud</strong></span> <span class='ocrx_word' id='word_1_82' title='bbox 792 809 883 869; x_wconf 78' lang='grc'><strong>(4949-</strong></span> <span class='ocrx_word' id='word_1_83' title='bbox 978 810 1219 871; x_wconf 77' lang='grc'><strong>099944489499</strong></span> <span class='ocrx_word' id='word_1_84' title='bbox 1233 808 1366 869; x_wconf 74' lang='grc'><strong>44999499</strong></span> <span class='ocrx_word' id='word_1_85' title='bbox 1381 812 1507 885; x_wconf 84' lang='lat' dir='ltr'><strong>(vitiose</strong></span> <span class='ocrx_word' id='word_1_86' title='bbox 1524 810 1648 875; x_wconf 81' lang='grc'><strong>0444944444</strong></span> 
     </span>
     <span class='ocr_line' id='line_1_9' title="bbox 162 902 1652 983; baseline -0.004 -15"><span class='ocrx_word' id='word_1_87' title='bbox 162 909 303 968; x_wconf 86' lang='lat' dir='ltr'><strong>melinum</strong></span> <span class='ocrx_word' id='word_1_88' title='bbox 319 906 376 965; x_wconf 83' lang='grc'><strong>449.</strong></span> <span class='ocrx_word' id='word_1_89' title='bbox 390 904 476 964; x_wconf 88' lang='grc'><strong>4599.</strong></span> <span class='ocrx_word' id='word_1_90' title='bbox 489 910 520 961; x_wconf 83' lang='grc'><strong>94</strong></span> <span class='ocrx_word' id='word_1_91' title='bbox 535 905 624 963; x_wconf 83' lang='lat' dir='ltr'><strong>Paris</strong></span> <span class='ocrx_word' id='word_1_92' title='bbox 640 902 725 962; x_wconf 87' lang='grc'><strong>44403.</strong></span> <span class='ocrx_word' id='word_1_93' title='bbox 743 910 835 979; x_wconf 87' lang='lat' dir='ltr'><strong>atquc</strong></span> <span class='ocrx_word' id='word_1_94' title='bbox 853 904 883 960; x_wconf 96' lang='grc'><strong>49</strong></span> <span class='ocrx_word' id='word_1_95' title='bbox 940 905 1099 982; x_wconf 71' lang='lat' dir='ltr'>Presbyter</span> <span class='ocrx_word' id='word_1_96' title='bbox 1120 906 1240 982; x_wconf 78' lang='lat' dir='ltr'><strong>scripsit</strong></span> <span class='ocrx_word' id='word_1_97' title='bbox 1260 904 1297 964; x_wconf 88' lang='lat' dir='ltr'><strong>ad</strong></span> <span class='ocrx_word' id='word_1_98' title='bbox 1320 906 1469 965; x_wconf 86' lang='lat' dir='ltr'><strong>Pacatum</strong></span> <span class='ocrx_word' id='word_1_99' title='bbox 1490 905 1583 979; x_wconf 78' lang='lat' dir='ltr'><strong>[Voss.</strong></span> <span class='ocrx_word' id='word_1_100' title='bbox 1597 922 1652 983; x_wconf 78' lang='lat' dir='ltr'><strong>pag.</strong></span> 
     </span>
     <span class='ocr_line' id='line_1_10' title="bbox 160 994 1652 1075; baseline -0.004 -12"><span class='ocrx_word' id='word_1_101' title='bbox 160 998 475 1063; x_wconf 84' lang='lat' dir='ltr'><strong>PatruurBibiiothecis</strong></span> <span class='ocrx_word' id='word_1_102' title='bbox 487 995 882 1073; x_wconf 76' lang='lat' dir='ltr'><strong>universishiciiigaitium</strong></span> <span class='ocrx_word' id='word_1_103' title='bbox 940 996 1009 1059; x_wconf 79' lang='grc'><strong>994.</strong></span> <span class='ocrx_word' id='word_1_104' title='bbox 1029 998 1176 1071; x_wconf 85' lang='lat' dir='ltr'><strong>Paratum)</strong></span> <span class='ocrx_word' id='word_1_105' title='bbox 1197 995 1361 1075; x_wconf 85' lang='lat' dir='ltr'><strong>Epistoiam</strong></span> <span class='ocrx_word' id='word_1_106' title='bbox 1377 995 1417 1057; x_wconf 70' lang='lat' dir='ltr'><strong>aa</strong></span> <span class='ocrx_word' id='word_1_107' title='bbox 1435 994 1524 1057; x_wconf 81' lang='lat' dir='ltr'><strong>obita</strong></span> <span class='ocrx_word' id='word_1_108' title='bbox 1540 1000 1571 1059; x_wconf 88' lang='lat' dir='ltr'><strong>S.</strong></span> <span class='ocrx_word' id='word_1_109' title='bbox 1585 1000 1652 1057; x_wconf 80' lang='lat' dir='ltr'><strong>Pori·</strong></span> 
     </span>
     <span class='ocr_line' id='line_1_11' title="bbox 161 1088 1651 1169; baseline -0.001 -14"><span class='ocrx_word' id='word_1_110' title='bbox 161 1112 270 1155; x_wconf 89' lang='lat' dir='ltr'><strong>novam</strong></span> <span class='ocrx_word' id='word_1_111' title='bbox 281 1094 383 1169; x_wconf 82' lang='lat' dir='ltr'><strong>optati</strong></span> <span class='ocrx_word' id='word_1_112' title='bbox 400 1091 561 1149; x_wconf 86' lang='lat' dir='ltr'><strong>editionem</strong></span> <span class='ocrx_word' id='word_1_113' title='bbox 590 1088 725 1149; x_wconf 88' lang='lat' dir='ltr'><strong>molitum</strong></span> <span class='ocrx_word' id='word_1_114' title='bbox 753 1095 883 1148; x_wconf 87' lang='lat' dir='ltr'><strong>testatus</strong></span> <span class='ocrx_word' id='word_1_115' title='bbox 940 1090 996 1153; x_wconf 82' lang='grc'><strong>4494</strong></span> <span class='ocrx_word' id='word_1_116' title='bbox 1013 1092 1151 1169; x_wconf 80' lang='lat' dir='ltr'><strong>Episcopi</strong></span> <span class='ocrx_word' id='word_1_117' title='bbox 1174 1092 1276 1152; x_wconf 79' lang='grc'><strong>4494994</strong></span> <span class='ocrx_word' id='word_1_118' title='bbox 1294 1094 1342 1153; x_wconf 90' lang='lat' dir='ltr'><strong>cni</strong></span> <span class='ocrx_word' id='word_1_119' title='bbox 1359 1092 1506 1152; x_wconf 85' lang='lat' dir='ltr'><strong>morienti</strong></span> <span class='ocrx_word' id='word_1_120' title='bbox 1525 1108 1651 1169; x_wconf 83' lang='lat' dir='ltr'><strong>praesens</strong></span> 
     </span>
     <span class='ocr_line' id='line_1_12' title="bbox 159 1180 1651 1262; baseline -0.001 -16"><span class='ocrx_word' id='word_1_121' title='bbox 159 1194 207 1247; x_wconf 89' lang='lat' dir='ltr'><strong>est</strong></span> <span class='ocrx_word' id='word_1_122' title='bbox 226 1186 377 1261; x_wconf 86' lang='lat' dir='ltr'><strong>Launojus</strong></span> <span class='ocrx_word' id='word_1_123' title='bbox 396 1202 461 1261; x_wconf 70' lang='lat' dir='ltr'><strong>pua.</strong></span> <span class='ocrx_word' id='word_1_124' title='bbox 480 1182 621 1243; x_wconf 50' lang='grc'><strong>3494499.</strong></span> <span class='ocrx_word' id='word_1_125' title='bbox 646 1180 683 1240; x_wconf 84' lang='lat' dir='ltr'><strong>dc</strong></span> <span class='ocrx_word' id='word_1_126' title='bbox 700 1182 882 1255; x_wconf 90' lang='lat' dir='ltr'><strong>Victorinis,</strong></span> <span class='ocrx_word' id='word_1_127' title='bbox 940 1185 1035 1245; x_wconf 86' lang='lat' dir='ltr'><strong>ariiuit</strong></span> <span class='ocrx_word' id='word_1_128' title='bbox 1056 1185 1112 1244; x_wconf 78' lang='lat' dir='ltr'><strong>An.</strong></span> <span class='ocrx_word' id='word_1_129' title='bbox 1134 1184 1334 1245; x_wconf 79' lang='lat' dir='ltr'><strong>t3t.Exstat</strong></span> <span class='ocrx_word' id='word_1_130' title='bbox 1365 1184 1450 1262; x_wconf 87' lang='lat' dir='ltr'><strong>apud</strong></span> <span class='ocrx_word' id='word_1_131' title='bbox 1487 1182 1651 1245; x_wconf 80' lang='grc'><strong>59449994</strong></span> 
     </span>
     <span class='ocr_line' id='line_1_13' title="bbox 160 1273 1652 1356; baseline -0.001 -17"><span class='ocrx_word' id='word_1_132' title='bbox 160 1280 212 1339; x_wconf 87' lang='lat' dir='ltr'><strong>scd</strong></span> <span class='ocrx_word' id='word_1_133' title='bbox 232 1280 279 1339; x_wconf 87' lang='lat' dir='ltr'><strong>illa</strong></span> <span class='ocrx_word' id='word_1_134' title='bbox 297 1295 455 1354; x_wconf 83' lang='lat' dir='ltr'><strong>nonquam</strong></span> <span class='ocrx_word' id='word_1_135' title='bbox 475 1277 572 1337; x_wconf 90' lang='lat' dir='ltr'><strong>lucem</strong></span> <span class='ocrx_word' id='word_1_136' title='bbox 594 1274 677 1332; x_wconf 89' lang='lat' dir='ltr'><strong>vidit.</strong></span> <span class='ocrx_word' id='word_1_137' title='bbox 696 1273 808 1334; x_wconf 88' lang='lat' dir='ltr'><strong>Prodiit</strong></span> <span class='ocrx_word' id='word_1_138' title='bbox 833 1290 885 1332; x_wconf 90' lang='lat' dir='ltr'><strong>an·</strong></span> <span class='ocrx_word' id='word_1_139' title='bbox 938 1280 1008 1338; x_wconf 84' lang='lat' dir='ltr'><strong>iun.</strong></span> <span class='ocrx_word' id='word_1_140' title='bbox 1029 1279 1077 1336; x_wconf 73' lang='lat' dir='ltr'><strong>aa.</strong></span> <span class='ocrx_word' id='word_1_141' title='bbox 1097 1285 1128 1337; x_wconf 86' lang='lat' dir='ltr'><strong>et</strong></span> <span class='ocrx_word' id='word_1_142' title='bbox 1144 1295 1213 1338; x_wconf 88' lang='lat' dir='ltr'><strong>cum</strong></span> <span class='ocrx_word' id='word_1_143' title='bbox 1228 1280 1307 1336; x_wconf 88' lang='lat' dir='ltr'><strong>notis</strong></span> <span class='ocrx_word' id='word_1_144' title='bbox 1320 1278 1524 1356; x_wconf 83' lang='lat' dir='ltr'><strong>Papehrochii</strong></span> <span class='ocrx_word' id='word_1_145' title='bbox 1542 1281 1571 1339; x_wconf 92' lang='grc'><strong>49</strong></span> <span class='ocrx_word' id='word_1_146' title='bbox 1584 1280 1652 1340; x_wconf 81' lang='lat' dir='ltr'><strong>Actis</strong></span> 
     </span>
     <span class='ocr_line' id='line_1_14' title="bbox 162 1368 1652 1449; baseline -0.002 -17"><span class='ocrx_word' id='word_1_147' title='bbox 162 1381 223 1432; x_wconf 89' lang='lat' dir='ltr'><strong>tem</strong></span> <span class='ocrx_word' id='word_1_148' title='bbox 241 1374 298 1431; x_wconf 81' lang='grc'><strong>99.</strong></span> <span class='ocrx_word' id='word_1_149' title='bbox 319 1375 404 1431; x_wconf 73' lang='lat' dir='ltr'><strong>tutti.</strong></span> <span class='ocrx_word' id='word_1_150' title='bbox 422 1370 634 1447; x_wconf 82' lang='lat' dir='ltr'><strong>Optatusbis,</strong></span> <span class='ocrx_word' id='word_1_151' title='bbox 652 1368 745 1427; x_wconf 89' lang='lat' dir='ltr'><strong>semel</strong></span> <span class='ocrx_word' id='word_1_152' title='bbox 766 1368 884 1428; x_wconf 84' lang='lat' dir='ltr'><strong>Parisiis</strong></span> <span class='ocrx_word' id='word_1_153' title='bbox 940 1374 1077 1432; x_wconf 87' lang='lat' dir='ltr'><strong>Sanctor.</strong></span> <span class='ocrx_word' id='word_1_154' title='bbox 1098 1380 1169 1431; x_wconf 92' lang='lat' dir='ltr'><strong>tom.</strong></span> <span class='ocrx_word' id='word_1_155' title='bbox 1191 1372 1240 1430; x_wconf 86' lang='grc'><strong>444.</strong></span> <span class='ocrx_word' id='word_1_156' title='bbox 1260 1373 1343 1431; x_wconf 88' lang='grc'><strong>49944</strong></span> <span class='ocrx_word' id='word_1_157' title='bbox 1366 1388 1437 1449; x_wconf 84' lang='lat' dir='ltr'><strong>pag.</strong></span> <span class='ocrx_word' id='word_1_158' title='bbox 1463 1372 1535 1433; x_wconf 88' lang='grc'><strong>498.</strong></span> <span class='ocrx_word' id='word_1_159' title='bbox 1562 1372 1652 1433; x_wconf 72' lang='lat' dir='ltr'><strong>Gonia.—</strong></span> 
     </span>
     <span class='ocr_line' id='line_1_15' title="bbox 163 1460 1651 1527; baseline -0.004 -2"><span class='ocrx_word' id='word_1_160' title='bbox 163 1468 192 1525; x_wconf 92' lang='lat' dir='ltr'><strong>in</strong></span> <span class='ocrx_word' id='word_1_161' title='bbox 218 1465 266 1525; x_wconf 90' lang='grc'><strong>494.</strong></span> <span class='ocrx_word' id='word_1_162' title='bbox 287 1484 366 1524; x_wconf 85' lang='lat' dir='ltr'><strong>carn.</strong></span> <span class='ocrx_word' id='word_1_163' title='bbox 394 1461 655 1522; x_wconf 81' lang='lat' dir='ltr'><strong>observationibus</strong></span> <span class='ocrx_word' id='word_1_164' title='bbox 685 1460 821 1521; x_wconf 87' lang='lat' dir='ltr'><strong>Dalduini</strong></span> <span class='ocrx_word' id='word_1_165' title='bbox 850 1476 884 1519; x_wconf 89' lang='lat' dir='ltr'><strong>ac</strong></span> <span class='ocrx_word' id='word_1_166' title='bbox 939 1464 1160 1525; x_wconf 83' lang='lat' dir='ltr'><strong>rendusetiam</strong></span> <span class='ocrx_word' id='word_1_167' title='bbox 1177 1465 1283 1525; x_wconf 82' lang='lat' dir='ltr'><strong>Petrus</strong></span> <span class='ocrx_word' id='word_1_168' title='bbox 1302 1467 1491 1526; x_wconf 85' lang='lat' dir='ltr'><strong>Franciscus</strong></span> <span class='ocrx_word' id='word_1_169' title='bbox 1513 1465 1651 1527; x_wconf 86' lang='lat' dir='ltr'><strong>Chisscu&#39;us</strong></span> 
     </span>
     <span class='ocr_line' id='line_1_16' title="bbox 164 1554 1295 1633; baseline -0.006 -16"><span class='ocrx_word' id='word_1_170' title='bbox 164 1555 313 1617; x_wconf 84' lang='lat' dir='ltr'><strong>Gobrieiis</strong></span> <span class='ocrx_word' id='word_1_171' title='bbox 332 1555 537 1633; x_wconf 78' lang='lat' dir='ltr'><strong>.iibaspinact&#39;‚</strong></span> <span class='ocrx_word' id='word_1_172' title='bbox 554 1571 650 1630; x_wconf 82' lang='lat' dir='ltr'><strong>nuper</strong></span> <span class='ocrx_word' id='word_1_173' title='bbox 667 1563 740 1614; x_wconf 88' lang='lat' dir='ltr'><strong>tunc</strong></span> <span class='ocrx_word' id='word_1_174' title='bbox 757 1554 882 1613; x_wconf 80' lang='lat' dir='ltr'><strong>extincti</strong></span> <span class='ocrx_word' id='word_1_175' title='bbox 940 1560 968 1617; x_wconf 88' lang='lat' dir='ltr'><strong>ln</strong></span> <span class='ocrx_word' id='word_1_176' title='bbox 992 1556 1113 1617; x_wconf 87' lang='lat' dir='ltr'><strong>Pauline</strong></span> <span class='ocrx_word' id='word_1_177' title='bbox 1136 1557 1295 1616; x_wconf 88' lang='lat' dir='ltr'><strong>illustrate.</strong></span> 
     </span>
     <span class='ocr_line' id='line_1_17' title="bbox 160 1648 1648 1731; baseline -0.001 -20"><span class='ocrx_word' id='word_1_178' title='bbox 160 1652 300 1728; x_wconf 81' lang='lat' dir='ltr'><strong>Episcopi</strong></span> <span class='ocrx_word' id='word_1_179' title='bbox 318 1650 668 1731; x_wconf 59' lang='lat' dir='ltr'><strong>.:t·n·1=tiannusisqatque</strong></span> <span class='ocrx_word' id='word_1_180' title='bbox 687 1649 885 1707; x_wconf 85' lang='lat' dir='ltr'><strong>iterumton·</strong></span> <span class='ocrx_word' id='word_1_181' title='bbox 978 1648 1120 1711; x_wconf 80' lang='lat' dir='ltr'><strong>Nicolous</strong></span> <span class='ocrx_word' id='word_1_182' title='bbox 1140 1648 1176 1709; x_wconf 80' lang='lat' dir='ltr'><strong>de</strong></span> <span class='ocrx_word' id='word_1_183' title='bbox 1207 1648 1418 1725; x_wconf 82' lang='lat' dir='ltr'><strong>onnntttS,</strong></span> <span class='ocrx_word' id='word_1_184' title='bbox 1440 1652 1513 1711; x_wconf 82' lang='lat' dir='ltr'><strong>sive</strong></span> <span class='ocrx_word' id='word_1_185' title='bbox 1544 1652 1648 1713; x_wconf 74' lang='grc'><strong>09940</strong></span> 
     </span>
     <span class='ocr_line' id='line_1_18' title="bbox 159 1738 1380 1821; baseline -0.003 -18"><span class='ocrx_word' id='word_1_186' title='bbox 159 1746 220 1807; x_wconf 91' lang='lat' dir='ltr'><strong>dini</strong></span> <span class='ocrx_word' id='word_1_187' title='bbox 238 1747 266 1803; x_wconf 93' lang='grc'><strong>49</strong></span> <span class='ocrx_word' id='word_1_188' title='bbox 284 1748 311 1802; x_wconf 87' lang='lat'><strong>8.</strong></span> <span class='ocrx_word' id='word_1_189' title='bbox 330 1752 455 1803; x_wconf 78' lang='lat' dir='ltr'><strong>rur-anto</strong></span> <span class='ocrx_word' id='word_1_190' title='bbox 482 1742 596 1801; x_wconf 75' lang='lat' dir='ltr'><strong>Dorico</strong></span> <span class='ocrx_word' id='word_1_191' title='bbox 614 1738 813 1812; x_wconf 72' lang='lat' dir='ltr'><strong>casaubono,</strong></span> <span class='ocrx_word' id='word_1_192' title='bbox 831 1741 881 1815; x_wconf 85' lang='lat' dir='ltr'><strong>qui</strong></span> <span class='ocrx_word' id='word_1_193' title='bbox 940 1745 1019 1820; x_wconf 81' lang='lat' dir='ltr'><strong>Lis,</strong></span> <span class='ocrx_word' id='word_1_194' title='bbox 1039 1761 1130 1821; x_wconf 87' lang='lat' dir='ltr'><strong>supra</strong></span> <span class='ocrx_word' id='word_1_195' title='bbox 1153 1745 1181 1802; x_wconf 90' lang='lat' dir='ltr'><strong>in</strong></span> <span class='ocrx_word' id='word_1_196' title='bbox 1204 1742 1380 1805; x_wconf 78' lang='lat' dir='ltr'><strong>NlCOLAO.</strong></span> 
     </span>
     <span class='ocr_line' id='line_1_19' title="bbox 161 1832 1646 1914; baseline -0.007 -15"><span class='ocrx_word' id='word_1_197' title='bbox 161 1850 192 1899; x_wconf 91' lang='lat' dir='ltr'><strong>et</strong></span> <span class='ocrx_word' id='word_1_198' title='bbox 210 1847 296 1899; x_wconf 89' lang='lat' dir='ltr'><strong>notas</strong></span> <span class='ocrx_word' id='word_1_199' title='bbox 317 1836 450 1896; x_wconf 68' lang='grc'><strong>99944499</strong></span> <span class='ocrx_word' id='word_1_200' title='bbox 468 1836 589 1893; x_wconf 81' lang='grc'><strong>9444444444.</strong></span> <span class='ocrx_word' id='word_1_201' title='bbox 611 1836 767 1895; x_wconf 73' lang='lat' dir='ltr'><strong>parisiensi</strong></span> <span class='ocrx_word' id='word_1_202' title='bbox 781 1832 884 1894; x_wconf 75' lang='lat' dir='ltr'><strong>editio</strong></span> <span class='ocrx_word' id='word_1_203' title='bbox 979 1836 1192 1899; x_wconf 74' lang='lat' dir='ltr'><strong>oniiliiilcUS</strong></span> <span class='ocrx_word' id='word_1_204' title='bbox 1209 1835 1322 1896; x_wconf 73' lang='lat' dir='ltr'><strong>Vitatis.</strong></span> <span class='ocrx_word' id='word_1_205' title='bbox 1337 1852 1446 1914; x_wconf 79' lang='lat' dir='ltr'><strong>supra,</strong></span> <span class='ocrx_word' id='word_1_206' title='bbox 1463 1832 1646 1898; x_wconf 70' lang='lat' dir='ltr'><strong>ODEliiclls</strong></span> 
     </span>
     <span class='ocr_line' id='line_1_20' title="bbox 163 1915 1645 2010; baseline -0.004 -17"><span class='ocrx_word' id='word_1_207' title='bbox 163 1937 192 1995; x_wconf 91' lang='lat' dir='ltr'><strong>ni</strong></span> <span class='ocrx_word' id='word_1_208' title='bbox 205 1979 212 2001; x_wconf 89' lang='lat'><strong>.</strong></span> <span class='ocrx_word' id='word_1_209' title='bbox 227 1950 317 2010; x_wconf 86' lang='lat' dir='ltr'><strong>quam</strong></span> <span class='ocrx_word' id='word_1_210' title='bbox 346 1915 451 1989; x_wconf 73' lang='grc' dir='ltr'><strong>ΙΙ99944</strong></span> <span class='ocrx_word' id='word_1_211' title='bbox 473 1926 604 1989; x_wconf 82' lang='lat' dir='ltr'><strong>Carolus</strong></span> <span class='ocrx_word' id='word_1_212' title='bbox 620 1926 786 2000; x_wconf 80' lang='grc'><strong>99944999,</strong></span> <span class='ocrx_word' id='word_1_213' title='bbox 804 1926 834 1986; x_wconf 89' lang='lat' dir='ltr'><strong>S.</strong></span> <span class='ocrx_word' id='word_1_214' title='bbox 860 1927 884 1985; x_wconf 92' lang='lat'><strong>1.</strong></span> <span class='ocrx_word' id='word_1_215' title='bbox 979 1932 1079 1992; x_wconf 88' lang='grc'><strong>0900</strong></span> <span class='ocrx_word' id='word_1_216' title='bbox 1095 1928 1321 1993; x_wconf 82' lang='lat' dir='ltr'><strong>Conteracaasis</strong></span> <span class='ocrx_word' id='word_1_217' title='bbox 1336 1933 1366 1988; x_wconf 85' lang='lat' dir='ltr'><strong>et</strong></span> <span class='ocrx_word' id='word_1_218' title='bbox 1382 1926 1593 1991; x_wconf 79' lang='lat' dir='ltr'><strong>Atrebatcasis</strong></span> <span class='ocrx_word' id='word_1_219' title='bbox 1606 1927 1645 1987; x_wconf 84' lang='lat' dir='ltr'><strong>Et·</strong></span> 
     </span>
     <span class='ocr_line' id='line_1_21' title="bbox 163 2017 1646 2104; baseline -0.005 -16"><span class='ocrx_word' id='word_1_220' title='bbox 163 2026 305 2104; x_wconf 72' lang='lat' dir='ltr'><strong>abjuncta</strong></span> <span class='ocrx_word' id='word_1_221' title='bbox 324 2031 396 2082; x_wconf 73' lang='lat' dir='ltr'><strong>sir-it</strong></span> <span class='ocrx_word' id='word_1_222' title='bbox 412 2024 492 2080; x_wconf 88' lang='lat' dir='ltr'><strong>varia</strong></span> <span class='ocrx_word' id='word_1_223' title='bbox 512 2029 615 2079; x_wconf 82' lang='lat' dir='ltr'><strong>vetera</strong></span> <span class='ocrx_word' id='word_1_224' title='bbox 635 2027 828 2080; x_wconf 87' lang='lat' dir='ltr'><strong>monumenta</strong></span> <span class='ocrx_word' id='word_1_225' title='bbox 846 2017 884 2078; x_wconf 93' lang='lat' dir='ltr'><strong>ad</strong></span> <span class='ocrx_word' id='word_1_226' title='bbox 940 2023 1047 2086; x_wconf 76' lang='lat' dir='ltr'><strong>elesino</strong></span> <span class='ocrx_word' id='word_1_227' title='bbox 1059 2072 1068 2101; x_wconf 79' lang='lat'><em>,</em></span> <span class='ocrx_word' id='word_1_228' title='bbox 1090 2024 1219 2102; x_wconf 88' lang='lat' dir='ltr'><strong>qualiter</strong></span> <span class='ocrx_word' id='word_1_229' title='bbox 1240 2023 1348 2084; x_wconf 86' lang='lat' dir='ltr'><strong>diebus</strong></span> <span class='ocrx_word' id='word_1_230' title='bbox 1371 2024 1545 2083; x_wconf 82' lang='lat' dir='ltr'><strong>Dominicis</strong></span> <span class='ocrx_word' id='word_1_231' title='bbox 1565 2023 1646 2083; x_wconf 80' lang='lat' dir='ltr'><strong>velic-</strong></span> 
     </span>
     <span class='ocr_line' id='line_1_22' title="bbox 166 2114 1644 2195; baseline -0.001 -17"><span class='ocrx_word' id='word_1_232' title='bbox 166 2120 318 2178; x_wconf 78' lang='lat' dir='ltr'><strong>historiam</strong></span> <span class='ocrx_word' id='word_1_233' title='bbox 345 2116 565 2174; x_wconf 67' lang='lat' dir='ltr'><strong>Donatistarum</strong></span> <span class='ocrx_word' id='word_1_234' title='bbox 593 2114 782 2190; x_wconf 85' lang='lat' dir='ltr'><strong>sprctantia‚</strong></span> <span class='ocrx_word' id='word_1_235' title='bbox 808 2128 885 2188; x_wconf 88' lang='lat' dir='ltr'><strong>qnae</strong></span> <span class='ocrx_word' id='word_1_236' title='bbox 938 2118 1123 2180; x_wconf 87' lang='lat' dir='ltr'><strong>stivitatibus</strong></span> <span class='ocrx_word' id='word_1_237' title='bbox 1149 2120 1328 2178; x_wconf 86' lang='lat' dir='ltr'><strong>Sanctorum</strong></span> <span class='ocrx_word' id='word_1_238' title='bbox 1365 2116 1546 2195; x_wconf 83' lang='lat' dir='ltr'><strong>agendum,</strong></span> <span class='ocrx_word' id='word_1_239' title='bbox 1566 2120 1644 2176; x_wconf 73' lang='lat' dir='ltr'><strong>exstat</strong></span> 
     </span>
     <span class='ocr_line' id='line_1_23' title="bbox 165 2207 1645 2284; baseline -0.001 -12"><span class='ocrx_word' id='word_1_240' title='bbox 165 2212 313 2273; x_wconf 70' lang='lat' dir='ltr'><strong>stanneo</strong></span> <span class='ocrx_word' id='word_1_241' title='bbox 332 2218 403 2268; x_wconf 76' lang='lat' dir='ltr'><strong>toni.</strong></span> <span class='ocrx_word' id='word_1_242' title='bbox 422 2210 440 2267; x_wconf 74' lang='grc'><strong>9</strong></span> <span class='ocrx_word' id='word_1_243' title='bbox 459 2207 495 2265; x_wconf 78' lang='lat' dir='ltr'><strong>dc</strong></span> <span class='ocrx_word' id='word_1_244' title='bbox 514 2209 543 2268; x_wconf 79' lang='lat' dir='ltr'><strong>S·</strong></span> <span class='ocrx_word' id='word_1_245' title='bbox 559 2208 593 2267; x_wconf 73' lang='lat' dir='ltr'><strong>E.</strong></span> <span class='ocrx_word' id='word_1_246' title='bbox 607 2225 634 2284; x_wconf 84' lang='lat' dir='ltr'><strong>n.</strong></span> <span class='ocrx_word' id='word_1_247' title='bbox 651 2207 716 2267; x_wconf 81' lang='grc'><strong>436·</strong></span> <span class='ocrx_word' id='word_1_248' title='bbox 735 2223 798 2283; x_wconf 62' lang='lat' dir='ltr'><strong>seq·</strong></span> <span class='ocrx_word' id='word_1_249' title='bbox 813 2223 886 2265; x_wconf 74' lang='lat' dir='ltr'><strong>enti·</strong></span> <span class='ocrx_word' id='word_1_250' title='bbox 941 2212 977 2273; x_wconf 91' lang='lat' dir='ltr'><strong>ad</strong></span> <span class='ocrx_word' id='word_1_251' title='bbox 1000 2211 1112 2271; x_wconf 88' lang='lat' dir='ltr'><strong>calcem</strong></span> <span class='ocrx_word' id='word_1_252' title='bbox 1131 2209 1248 2269; x_wconf 87' lang='lat' dir='ltr'><strong>Codicis</strong></span> <span class='ocrx_word' id='word_1_253' title='bbox 1261 2211 1422 2271; x_wconf 89' lang='lat' dir='ltr'><strong>Canonum</strong></span> <span class='ocrx_word' id='word_1_254' title='bbox 1440 2210 1645 2271; x_wconf 79' lang='lat' dir='ltr'><strong>Ecclesiaebo</strong></span> 
     </span>
     <span class='ocr_line' id='line_1_24' title="bbox 167 2297 1643 2380; baseline -0.005 -16"><span class='ocrx_word' id='word_1_255' title='bbox 167 2311 329 2364; x_wconf 86' lang='lat' dir='ltr'><strong>morantur.</strong></span> <span class='ocrx_word' id='word_1_256' title='bbox 350 2299 502 2380; x_wconf 80' lang='lat' dir='ltr'><strong>Phiiippus</strong></span> <span class='ocrx_word' id='word_1_257' title='bbox 533 2300 600 2359; x_wconf 83' lang='lat' dir='ltr'><strong>inde¹</strong></span> <span class='ocrx_word' id='word_1_258' title='bbox 629 2297 770 2358; x_wconf 81' lang='lat' dir='ltr'><strong>Priorius</strong></span> <span class='ocrx_word' id='word_1_259' title='bbox 798 2314 885 2356; x_wconf 90' lang='lat' dir='ltr'><strong>omno</strong></span> <span class='ocrx_word' id='word_1_260' title='bbox 943 2322 1067 2377; x_wconf 77' lang='lat' dir='ltr'><strong>monae,</strong></span> <span class='ocrx_word' id='word_1_261' title='bbox 1094 2323 1132 2366; x_wconf 76' lang='lat' dir='ltr'><strong>ox</strong></span> <span class='ocrx_word' id='word_1_262' title='bbox 1166 2303 1239 2364; x_wconf 81' lang='grc'><strong>44494,</strong></span> <span class='ocrx_word' id='word_1_263' title='bbox 1271 2302 1436 2365; x_wconf 77' lang='lat' dir='ltr'><strong>pithoeano</strong></span> <span class='ocrx_word' id='word_1_264' title='bbox 1469 2303 1544 2363; x_wconf 77' lang='lat' dir='ltr'><strong>editi</strong></span> <span class='ocrx_word' id='word_1_265' title='bbox 1575 2305 1643 2365; x_wconf 76' lang='lat' dir='ltr'><strong>Paria</strong></span> 
     </span>
     <span class='ocr_line' id='line_1_25' title="bbox 165 2389 1370 2475; baseline -0.006 -19"><span class='ocrx_word' id='word_1_266' title='bbox 165 2402 310 2475; x_wconf 86' lang='lat' dir='ltr'><strong>punctum</strong></span> <span class='ocrx_word' id='word_1_267' title='bbox 331 2395 400 2453; x_wconf 92' lang='grc'><strong>49444</strong></span> <span class='ocrx_word' id='word_1_268' title='bbox 420 2394 540 2469; x_wconf 77' lang='lat' dir='ltr'><strong>vulgato</strong></span> <span class='ocrx_word' id='word_1_269' title='bbox 558 2394 649 2453; x_wconf 88' lang='lat' dir='ltr'><strong>Paris.</strong></span> <span class='ocrx_word' id='word_1_270' title='bbox 669 2393 754 2453; x_wconf 86' lang='grc'><strong>4679.</strong></span> <span class='ocrx_word' id='word_1_271' title='bbox 767 2391 814 2450; x_wconf 86' lang='grc'><strong>494.</strong></span> <span class='ocrx_word' id='word_1_272' title='bbox 827 2389 886 2468; x_wconf 81' lang='lat' dir='ltr'><strong>Op</strong></span> <span class='ocrx_word' id='word_1_273' title='bbox 943 2398 1030 2460; x_wconf 81' lang='grc'><strong>4687,</strong></span> <span class='ocrx_word' id='word_1_274' title='bbox 1053 2399 1101 2458; x_wconf 84' lang='lat' dir='ltr'><strong>iol,</strong></span> <span class='ocrx_word' id='word_1_275' title='bbox 1124 2416 1189 2475; x_wconf 76' lang='lat' dir='ltr'><strong>pag.</strong></span> <span class='ocrx_word' id='word_1_276' title='bbox 1212 2398 1279 2458; x_wconf 83' lang='lat'><strong>368.</strong></span> <span class='ocrx_word' id='word_1_277' title='bbox 1302 2397 1370 2457; x_wconf 82' lang='grc'><strong>399,</strong></span> 
     </span>
     <span class='ocr_line' id='line_1_26' title="bbox 166 2484 1642 2572; baseline -0.005 -23"><span class='ocrx_word' id='word_1_278' title='bbox 166 2497 228 2551; x_wconf 86' lang='grc'><strong>4949</strong></span> <span class='ocrx_word' id='word_1_279' title='bbox 246 2487 336 2547; x_wconf 90' lang='lat' dir='ltr'><strong>nitido</strong></span> <span class='ocrx_word' id='word_1_280' title='bbox 353 2504 423 2547; x_wconf 88' lang='lat' dir='ltr'><strong>cunr</strong></span> <span class='ocrx_word' id='word_1_281' title='bbox 451 2486 733 2558; x_wconf 80' lang='lat' dir='ltr'><strong>observationibus,</strong></span> <span class='ocrx_word' id='word_1_282' title='bbox 761 2484 885 2561; x_wconf 81' lang='lat' dir='ltr'><strong>paginae</strong></span> <span class='ocrx_word' id='word_1_283' title='bbox 979 2490 1082 2552; x_wconf 83' lang='grc'><strong>044440</strong></span> <span class='ocrx_word' id='word_1_284' title='bbox 1098 2489 1191 2572; x_wconf 77' lang='lat' dir='ltr'><strong>officii</strong></span> <span class='ocrx_word' id='word_1_285' title='bbox 1208 2490 1375 2550; x_wconf 71' lang='lat' dir='ltr'><strong>secuudum</strong></span> <span class='ocrx_word' id='word_1_286' title='bbox 1392 2492 1425 2549; x_wconf 84' lang='grc' dir='ltr'><strong>Β,</strong></span> <span class='ocrx_word' id='word_1_287' title='bbox 1443 2492 1642 2567; x_wconf 71' lang='lat' dir='ltr'><strong>Hieronymum</strong></span> 
     </span>
     <span class='ocr_line' id='line_1_27' title="bbox 165 2576 1643 2659; baseline -0.001 -20"><span class='ocrx_word' id='word_1_288' title='bbox 165 2583 378 2643; x_wconf 79' lang='lat' dir='ltr'><strong>cuivisstutint</strong></span> <span class='ocrx_word' id='word_1_289' title='bbox 407 2580 587 2652; x_wconf 74' lang='lat' dir='ltr'><strong>substratio,</strong></span> <span class='ocrx_word' id='word_1_290' title='bbox 615 2577 770 2651; x_wconf 76' lang='lat' dir='ltr'><strong>lietduini,</strong></span> <span class='ocrx_word' id='word_1_291' title='bbox 799 2576 888 2636; x_wconf 81' lang='lat' dir='ltr'><strong>htba·</strong></span> <span class='ocrx_word' id='word_1_292' title='bbox 940 2586 1066 2645; x_wconf 76' lang='lat' dir='ltr'><strong>ocellos</strong></span> <span class='ocrx_word' id='word_1_293' title='bbox 1088 2585 1139 2644; x_wconf 86' lang='lat' dir='ltr'><strong>SS.</strong></span> <span class='ocrx_word' id='word_1_294' title='bbox 1161 2584 1314 2643; x_wconf 80' lang='lat' dir='ltr'><strong>Ecclesiae</strong></span> <span class='ocrx_word' id='word_1_295' title='bbox 1340 2585 1511 2659; x_wconf 77' lang='lat' dir='ltr'><strong>Doctores,</strong></span> <span class='ocrx_word' id='word_1_296' title='bbox 1533 2584 1643 2659; x_wconf 76' lang='lat' dir='ltr'><strong>scriptus</strong></span> 
     </span>
     <span class='ocr_line' id='line_1_28' title="bbox 166 2668 1644 2754; baseline -0.005 -19"><span class='ocrx_word' id='word_1_297' title='bbox 166 2676 299 2753; x_wconf 89' lang='lat' dir='ltr'><strong>spinaei.</strong></span> <span class='ocrx_word' id='word_1_298' title='bbox 317 2675 414 2733; x_wconf 80' lang='lat' dir='ltr'><strong>hierici</strong></span> <span class='ocrx_word' id='word_1_299' title='bbox 433 2672 624 2741; x_wconf 77' lang='lat' dir='ltr'><strong>casauboni,</strong></span> <span class='ocrx_word' id='word_1_300' title='bbox 643 2672 732 2748; x_wconf 83' lang='lat' dir='ltr'><strong>Casp.</strong></span> <span class='ocrx_word' id='word_1_301' title='bbox 748 2668 884 2742; x_wconf 72' lang='lat' dir='ltr'><strong>neritii,</strong></span> <span class='ocrx_word' id='word_1_302' title='bbox 940 2679 1018 2737; x_wconf 76' lang='lat' dir='ltr'><strong>oiioo</strong></span> <span class='ocrx_word' id='word_1_303' title='bbox 1039 2678 1095 2739; x_wconf 75' lang='lat' dir='ltr'><strong>Ao,</strong></span> <span class='ocrx_word' id='word_1_304' title='bbox 1119 2676 1205 2738; x_wconf 73' lang='grc'><strong>49944,</strong></span> <span class='ocrx_word' id='word_1_305' title='bbox 1228 2683 1259 2735; x_wconf 79' lang='lat' dir='ltr'><strong>ot</strong></span> <span class='ocrx_word' id='word_1_306' title='bbox 1280 2678 1404 2736; x_wconf 76' lang='lat' dir='ltr'><strong>revisus</strong></span> <span class='ocrx_word' id='word_1_307' title='bbox 1427 2694 1483 2754; x_wconf 70' lang='lat' dir='ltr'><strong>por</strong></span> <span class='ocrx_word' id='word_1_308' title='bbox 1505 2678 1539 2737; x_wconf 85' lang='grc'><strong>4),</strong></span> <span class='ocrx_word' id='word_1_309' title='bbox 1560 2672 1644 2737; x_wconf 66' lang='lat' dir='ltr'><strong>llicit</strong></span> 
     </span>
     <span class='ocr_line' id='line_1_29' title="bbox 167 2765 1644 2847; baseline -0.001 -21"><span class='ocrx_word' id='word_1_310' title='bbox 167 2770 371 2845; x_wconf 79' lang='lat' dir='ltr'><strong>propriisque:</strong></span> <span class='ocrx_word' id='word_1_311' title='bbox 390 2766 549 2841; x_wconf 83' lang='lat' dir='ltr'><strong>sirbjnncta</strong></span> <span class='ocrx_word' id='word_1_312' title='bbox 562 2765 662 2823; x_wconf 82' lang='lat' dir='ltr'><strong>itidem</strong></span> <span class='ocrx_word' id='word_1_313' title='bbox 676 2771 812 2824; x_wconf 85' lang='lat' dir='ltr'><strong>veterum</strong></span> <span class='ocrx_word' id='word_1_314' title='bbox 826 2778 887 2821; x_wconf 94' lang='lat' dir='ltr'><strong>mo·</strong></span> <span class='ocrx_word' id='word_1_315' title='bbox 941 2769 1045 2831; x_wconf 73' lang='grc'><strong>49944</strong></span> <span class='ocrx_word' id='word_1_316' title='bbox 1071 2769 1238 2847; x_wconf 68' lang='lat' dir='ltr'><strong>reprimam</strong></span> <span class='ocrx_word' id='word_1_317' title='bbox 1260 2767 1382 2829; x_wconf 79' lang='lat' dir='ltr'><strong>Archid.</strong></span> <span class='ocrx_word' id='word_1_318' title='bbox 1407 2771 1467 2830; x_wconf 78' lang='lat' dir='ltr'><strong>An.</strong></span> <span class='ocrx_word' id='word_1_319' title='bbox 1490 2771 1577 2831; x_wconf 82' lang='grc'><strong>4544.</strong></span> <span class='ocrx_word' id='word_1_320' title='bbox 1599 2768 1644 2828; x_wconf 77' lang='lat' dir='ltr'><strong>lie</strong></span> 
     </span>
     <span class='ocr_line' id='line_1_30' title="bbox 168 2858 1645 2935; baseline 0 -17"><span class='ocrx_word' id='word_1_321' title='bbox 168 2872 381 2921; x_wconf 81' lang='lat' dir='ltr'><strong>numornorum</strong></span> <span class='ocrx_word' id='word_1_322' title='bbox 414 2858 450 2917; x_wconf 87' lang='lat' dir='ltr'><strong>ad</strong></span> <span class='ocrx_word' id='word_1_323' title='bbox 481 2860 655 2917; x_wconf 89' lang='lat' dir='ltr'><strong>Donatistas</strong></span> <span class='ocrx_word' id='word_1_324' title='bbox 684 2858 884 2935; x_wconf 80' lang='lat' dir='ltr'><strong>spectantium</strong></span> <span class='ocrx_word' id='word_1_325' title='bbox 942 2880 1041 2923; x_wconf 78' lang='lat' dir='ltr'><strong>nusoo,</strong></span> <span class='ocrx_word' id='word_1_326' title='bbox 1061 2865 1157 2922; x_wconf 77' lang='lat' dir='ltr'><strong>Lucae</strong></span> <span class='ocrx_word' id='word_1_327' title='bbox 1185 2863 1213 2919; x_wconf 94' lang='lat' dir='ltr'><strong>in</strong></span> <span class='ocrx_word' id='word_1_328' title='bbox 1247 2861 1319 2922; x_wconf 84' lang='lat' dir='ltr'><strong>Bibl.</strong></span> <span class='ocrx_word' id='word_1_329' title='bbox 1342 2860 1371 2921; x_wconf 91' lang='lat' dir='ltr'><strong>S.</strong></span> <span class='ocrx_word' id='word_1_330' title='bbox 1395 2864 1537 2935; x_wconf 80' lang='lat' dir='ltr'><strong>iiartiui,</strong></span> <span class='ocrx_word' id='word_1_331' title='bbox 1557 2870 1645 2923; x_wconf 85' lang='lat' dir='ltr'><strong>utno</strong></span> 
     </span>
     <span class='ocr_line' id='line_1_31' title="bbox 101 2948 1644 3029; baseline -0.001 -17"><span class='ocrx_word' id='word_1_332' title='bbox 101 2976 105 2985; x_wconf 63' lang='lat'><strong><em>¹</em></strong></span> <span class='ocrx_word' id='word_1_333' title='bbox 168 2952 500 3029; x_wconf 60' lang='lat' dir='ltr'><strong>milogonianiprertr</strong></span> <span class='ocrx_word' id='word_1_334' title='bbox 518 2953 728 3015; x_wconf 87' lang='lat' dir='ltr'><strong>meritissimus</strong></span> <span class='ocrx_word' id='word_1_335' title='bbox 746 2949 783 3009; x_wconf 86' lang='lat' dir='ltr'><strong>dr.</strong></span> <span class='ocrx_word' id='word_1_336' title='bbox 812 2948 888 3007; x_wconf 92' lang='lat' dir='ltr'><strong>anti·</strong></span> <span class='ocrx_word' id='word_1_337' title='bbox 941 2962 1037 3015; x_wconf 87' lang='lat' dir='ltr'><strong>tatum</strong></span> <span class='ocrx_word' id='word_1_338' title='bbox 1061 2957 1088 3013; x_wconf 95' lang='grc'><strong>49</strong></span> <span class='ocrx_word' id='word_1_339' title='bbox 1112 2956 1210 3014; x_wconf 86' lang='grc'><strong>04999</strong></span> <span class='ocrx_word' id='word_1_340' title='bbox 1230 2954 1417 3017; x_wconf 86' lang='lat' dir='ltr'><strong>cruditorum</strong></span> <span class='ocrx_word' id='word_1_341' title='bbox 1455 2956 1560 3017; x_wconf 86' lang='lat' dir='ltr'><strong>ltaliae</strong></span> <span class='ocrx_word' id='word_1_342' title='bbox 1590 2960 1644 3012; x_wconf 86' lang='lat' dir='ltr'><strong>ton</strong></span> 
     </span>
     <span class='ocr_line' id='line_1_32' title="bbox 168 3040 1339 3124; baseline -0.005 -19"><span class='ocrx_word' id='word_1_343' title='bbox 168 3046 505 3122; x_wconf 82' lang='lat' dir='ltr'><strong>quitateEcelesiastica</strong></span> <span class='ocrx_word' id='word_1_344' title='bbox 519 3041 748 3103; x_wconf 78' lang='lat' dir='ltr'><strong>tud.Eiiiasda</strong></span> <span class='ocrx_word' id='word_1_345' title='bbox 762 3040 888 3100; x_wconf 84' lang='lat' dir='ltr'><strong>Piacol·</strong></span> <span class='ocrx_word' id='word_1_346' title='bbox 941 3048 990 3108; x_wconf 73' lang='lat'><strong>27.</strong></span> <span class='ocrx_word' id='word_1_347' title='bbox 1013 3065 1079 3124; x_wconf 73' lang='lat' dir='ltr'><strong>pag.</strong></span> <span class='ocrx_word' id='word_1_348' title='bbox 1100 3048 1169 3106; x_wconf 83' lang='lat'><strong>307,</strong></span> <span class='ocrx_word' id='word_1_349' title='bbox 1336 3102 1339 3107; x_wconf 21' lang='lat'><strong>⁴</strong></span> 
     </span>
     <span class='ocr_line' id='line_1_33' title="bbox 168 3136 1648 3219; baseline -0.002 -22"><span class='ocrx_word' id='word_1_350' title='bbox 168 3138 238 3197; x_wconf 86' lang='lat' dir='ltr'><strong>latis</strong></span> <span class='ocrx_word' id='word_1_351' title='bbox 254 3139 388 3214; x_wconf 84' lang='lat' dir='ltr'><strong>quinquo</strong></span> <span class='ocrx_word' id='word_1_352' title='bbox 409 3136 505 3196; x_wconf 81' lang='lat' dir='ltr'><strong>codd.</strong></span> <span class='ocrx_word' id='word_1_353' title='bbox 518 3137 727 3212; x_wconf 85' lang='lat' dir='ltr'><strong>blanuscriptis</strong></span> <span class='ocrx_word' id='word_1_354' title='bbox 743 3136 885 3212; x_wconf 84' lang='lat' dir='ltr'><strong>Optatam</strong></span> <span class='ocrx_word' id='word_1_355' title='bbox 981 3142 998 3177; x_wconf 74' lang='lat'><strong>³*</strong></span> <span class='ocrx_word' id='word_1_356' title='bbox 1020 3141 1105 3201; x_wconf 67' lang='lat' dir='ltr'><strong>iiiior</strong></span> <span class='ocrx_word' id='word_1_357' title='bbox 1122 3142 1178 3200; x_wconf 80' lang='lat' dir='ltr'><strong>isle</strong></span> <span class='ocrx_word' id='word_1_358' title='bbox 1195 3156 1299 3219; x_wconf 82' lang='lat' dir='ltr'><strong>quem.</strong></span> <span class='ocrx_word' id='word_1_359' title='bbox 1312 3139 1412 3201; x_wconf 83' lang='lat' dir='ltr'><strong>adhue</strong></span> <span class='ocrx_word' id='word_1_360' title='bbox 1440 3147 1546 3201; x_wconf 78' lang='lat' dir='ltr'><strong>servat</strong></span> <span class='ocrx_word' id='word_1_361' title='bbox 1563 3136 1648 3198; x_wconf 82' lang='lat' dir='ltr'><strong>Dibio</strong></span> 
     </span>
     <span class='ocr_line' id='line_1_34' title="bbox 169 3228 1648 3308; baseline -0.003 -17"><span class='ocrx_word' id='word_1_362' title='bbox 169 3230 206 3291; x_wconf 88' lang='lat' dir='ltr'><strong>de</strong></span> <span class='ocrx_word' id='word_1_363' title='bbox 228 3232 342 3308; x_wconf 77' lang='lat' dir='ltr'><strong>integro</strong></span> <span class='ocrx_word' id='word_1_364' title='bbox 360 3231 512 3290; x_wconf 81' lang='lat' dir='ltr'><strong>recensuit</strong></span> <span class='ocrx_word' id='word_1_365' title='bbox 539 3237 569 3289; x_wconf 87' lang='lat' dir='ltr'><strong>et</strong></span> <span class='ocrx_word' id='word_1_366' title='bbox 595 3230 730 3307; x_wconf 88' lang='lat' dir='ltr'><strong>pluribus</strong></span> <span class='ocrx_word' id='word_1_367' title='bbox 758 3228 889 3288; x_wconf 89' lang='lat' dir='ltr'><strong>restitnit</strong></span> <span class='ocrx_word' id='word_1_368' title='bbox 943 3234 1029 3293; x_wconf 71' lang='lat' dir='ltr'><strong>eloco</strong></span> <span class='ocrx_word' id='word_1_369' title='bbox 1052 3235 1236 3305; x_wconf 72' lang='lat' dir='ltr'><strong>canonicor,</strong></span> <span class='ocrx_word' id='word_1_370' title='bbox 1252 3234 1283 3295; x_wconf 83' lang='lat' dir='ltr'><strong>s,</strong></span> <span class='ocrx_word' id='word_1_371' title='bbox 1300 3235 1417 3295; x_wconf 68' lang='lat' dir='ltr'><strong>plautini</strong></span> <span class='ocrx_word' id='word_1_372' title='bbox 1440 3230 1648 3303; x_wconf 75' lang='lat' dir='ltr'><strong>Luoeosi5‚ni</strong></span> 
     </span>
     <span class='ocr_line' id='line_1_35' title="bbox 168 3323 1647 3409; baseline -0.003 -25"><span class='ocrx_word' id='word_1_373' title='bbox 168 3324 259 3397; x_wconf 90' lang='lat' dir='ltr'><strong>locis,</strong></span> <span class='ocrx_word' id='word_1_374' title='bbox 277 3340 311 3384; x_wconf 92' lang='lat' dir='ltr'><strong>ac</strong></span> <span class='ocrx_word' id='word_1_375' title='bbox 330 3332 448 3402; x_wconf 89' lang='lat' dir='ltr'><strong>praeter</strong></span> <span class='ocrx_word' id='word_1_376' title='bbox 477 3323 632 3382; x_wconf 84' lang='lat' dir='ltr'><strong>historiam</strong></span> <span class='ocrx_word' id='word_1_377' title='bbox 666 3325 886 3383; x_wconf 83' lang='lat' dir='ltr'><strong>Donatistarum</strong></span> <span class='ocrx_word' id='word_1_378' title='bbox 944 3327 984 3387; x_wconf 92' lang='lat' dir='ltr'><strong>hil</strong></span> <span class='ocrx_word' id='word_1_379' title='bbox 1007 3334 1054 3387; x_wconf 79' lang='lat' dir='ltr'><strong>est</strong></span> <span class='ocrx_word' id='word_1_380' title='bbox 1075 3326 1153 3387; x_wconf 84' lang='lat' dir='ltr'><strong>aliud</strong></span> <span class='ocrx_word' id='word_1_381' title='bbox 1177 3334 1294 3404; x_wconf 86' lang='lat' dir='ltr'><strong>praeter</strong></span> <span class='ocrx_word' id='word_1_382' title='bbox 1315 3343 1406 3404; x_wconf 80' lang='lat' dir='ltr'><strong>quana</strong></span> <span class='ocrx_word' id='word_1_383' title='bbox 1427 3325 1511 3387; x_wconf 83' lang='lat' dir='ltr'><strong>Ordo</strong></span> <span class='ocrx_word' id='word_1_384' title='bbox 1536 3324 1618 3409; x_wconf 73' lang='grc'><strong>9444944</strong></span> <span class='ocrx_word' id='word_1_385' title='bbox 1628 3324 1647 3380; x_wconf 88' lang='grc'><strong>49</strong></span> 
     </span>
     <span class='ocr_line' id='line_1_36' title="bbox 169 3416 1649 3499; baseline -0.003 -22"><span class='ocrx_word' id='word_1_386' title='bbox 169 3424 201 3477; x_wconf 84' lang='lat' dir='ltr'><strong>et</strong></span> <span class='ocrx_word' id='word_1_387' title='bbox 215 3425 299 3496; x_wconf 83' lang='lat' dir='ltr'><strong>gesta</strong></span> <span class='ocrx_word' id='word_1_388' title='bbox 317 3417 489 3479; x_wconf 78' lang='lat' dir='ltr'><strong>collationis</strong></span> <span class='ocrx_word' id='word_1_389' title='bbox 501 3417 758 3493; x_wconf 82' lang='lat' dir='ltr'><strong>Carthaginiensis</strong></span> <span class='ocrx_word' id='word_1_390' title='bbox 771 3416 887 3491; x_wconf 86' lang='lat' dir='ltr'><strong>aliaque</strong></span> <span class='ocrx_word' id='word_1_391' title='bbox 941 3420 1077 3481; x_wconf 77' lang='lat' dir='ltr'><strong>Ecclesia</strong></span> <span class='ocrx_word' id='word_1_392' title='bbox 1099 3421 1197 3480; x_wconf 78' lang='lat' dir='ltr'><strong>Maiori</strong></span> <span class='ocrx_word' id='word_1_393' title='bbox 1219 3422 1346 3480; x_wconf 77' lang='lat' dir='ltr'><strong>lucensi</strong></span> <span class='ocrx_word' id='word_1_394' title='bbox 1363 3420 1512 3481; x_wconf 84' lang='lat' dir='ltr'><strong>recitandi</strong></span> <span class='ocrx_word' id='word_1_395' title='bbox 1534 3436 1585 3499; x_wconf 80' lang='lat' dir='ltr'><strong>pro</strong></span> <span class='ocrx_word' id='word_1_396' title='bbox 1604 3431 1649 3477; x_wconf 82' lang='lat' dir='ltr'><strong>no</strong></span> 
     </span>
     <span class='ocr_line' id='line_1_37' title="bbox 169 3508 1650 3590; baseline -0.001 -19"><span class='ocrx_word' id='word_1_397' title='bbox 169 3510 205 3571; x_wconf 87' lang='lat' dir='ltr'><strong>ad</strong></span> <span class='ocrx_word' id='word_1_398' title='bbox 223 3510 376 3572; x_wconf 88' lang='lat' dir='ltr'><strong>historiam</strong></span> <span class='ocrx_word' id='word_1_399' title='bbox 395 3512 474 3571; x_wconf 88' lang='lat' dir='ltr'><strong>iilam</strong></span> <span class='ocrx_word' id='word_1_400' title='bbox 492 3511 656 3587; x_wconf 89' lang='lat' dir='ltr'><strong>spectantia</strong></span> <span class='ocrx_word' id='word_1_401' title='bbox 670 3516 771 3568; x_wconf 82' lang='lat' dir='ltr'><strong>vetera</strong></span> <span class='ocrx_word' id='word_1_402' title='bbox 785 3525 889 3567; x_wconf 85' lang='lat' dir='ltr'><strong>monu—</strong></span> <span class='ocrx_word' id='word_1_403' title='bbox 942 3532 974 3573; x_wconf 86' lang='lat' dir='ltr'><strong>re</strong></span> <span class='ocrx_word' id='word_1_404' title='bbox 996 3513 1131 3574; x_wconf 84' lang='lat' dir='ltr'><strong>eiusdem</strong></span> <span class='ocrx_word' id='word_1_405' title='bbox 1158 3514 1332 3588; x_wconf 78' lang='lat' dir='ltr'><strong>Ecclesiae,</strong></span> <span class='ocrx_word' id='word_1_406' title='bbox 1355 3529 1411 3573; x_wconf 91' lang='lat' dir='ltr'><strong>scu</strong></span> <span class='ocrx_word' id='word_1_407' title='bbox 1440 3512 1532 3590; x_wconf 82' lang='lat' dir='ltr'><strong>juxta</strong></span> <span class='ocrx_word' id='word_1_408' title='bbox 1559 3508 1650 3574; x_wconf 76' lang='lat' dir='ltr'><strong>consti</strong></span> 
     </span>
     <span class='ocr_line' id='line_1_38' title="bbox 170 3600 1650 3683; baseline -0.005 -18"><span class='ocrx_word' id='word_1_409' title='bbox 170 3614 270 3665; x_wconf 88' lang='lat' dir='ltr'><strong>menta</strong></span> <span class='ocrx_word' id='word_1_410' title='bbox 283 3613 313 3665; x_wconf 91' lang='lat' dir='ltr'><strong>ot</strong></span> <span class='ocrx_word' id='word_1_411' title='bbox 324 3602 886 3683; x_wconf 77' lang='lat' dir='ltr'><strong>GeographiamEpiscopalemAfricae,</strong></span> <span class='ocrx_word' id='word_1_412' title='bbox 942 3607 1086 3668; x_wconf 79' lang='lat' dir='ltr'><strong>encomio</strong></span> <span class='ocrx_word' id='word_1_413' title='bbox 1120 3623 1154 3665; x_wconf 73' lang='lat' dir='ltr'><strong>aa</strong></span> <span class='ocrx_word' id='word_1_414' title='bbox 1186 3600 1385 3683; x_wconf 82' lang='lat' dir='ltr'><strong>disciplinam.</strong></span> <span class='ocrx_word' id='word_1_415' title='bbox 1419 3605 1564 3667; x_wconf 79' lang='lat' dir='ltr'><strong>codicem</strong></span> <span class='ocrx_word' id='word_1_416' title='bbox 1586 3604 1650 3665; x_wconf 84' lang='lat' dir='ltr'><strong>hunt</strong></span> 
     </span>
     <span class='ocr_line' id='line_1_39' title="bbox 170 3692 1650 3778; baseline -0.003 -23"><span class='ocrx_word' id='word_1_417' title='bbox 170 3706 257 3756; x_wconf 91' lang='lat' dir='ltr'><strong>notas</strong></span> <span class='ocrx_word' id='word_1_418' title='bbox 273 3715 362 3771; x_wconf 60' lang='lat' dir='ltr'><strong>snas,</strong></span> <span class='ocrx_word' id='word_1_419' title='bbox 385 3702 578 3775; x_wconf 82' lang='lat' dir='ltr'><strong>integrasque</strong></span> <span class='ocrx_word' id='word_1_420' title='bbox 593 3696 722 3756; x_wconf 87' lang='lat' dir='ltr'><strong>aliorum</strong></span> <span class='ocrx_word' id='word_1_421' title='bbox 752 3692 889 3769; x_wconf 87' lang='lat' dir='ltr'><strong>adjunxit</strong></span> <span class='ocrx_word' id='word_1_422' title='bbox 942 3701 1104 3760; x_wconf 69' lang='lat' dir='ltr'><strong>recensivit</strong></span> <span class='ocrx_word' id='word_1_423' title='bbox 1116 3697 1255 3759; x_wconf 81' lang='lat' dir='ltr'><strong>Nicolous</strong></span> <span class='ocrx_word' id='word_1_424' title='bbox 1268 3698 1439 3774; x_wconf 77' lang='lat' dir='ltr'><strong>&#39;regrimius</strong></span> <span class='ocrx_word' id='word_1_425' title='bbox 1450 3744 1457 3771; x_wconf 75' lang='lat'>‚</span> <span class='ocrx_word' id='word_1_426' title='bbox 1470 3699 1511 3759; x_wconf 78' lang='lat' dir='ltr'><strong>do</strong></span> <span class='ocrx_word' id='word_1_427' title='bbox 1522 3715 1581 3778; x_wconf 87' lang='lat' dir='ltr'><strong>quo</strong></span> <span class='ocrx_word' id='word_1_428' title='bbox 1594 3692 1650 3755; x_wconf 79' lang='grc'><strong>94444</strong></span> 
     </span>
     <span class='ocr_line' id='line_1_40' title="bbox 170 3786 1653 3871; baseline 0.001 -23"><span class='ocrx_word' id='word_1_429' title='bbox 170 3791 262 3851; x_wconf 90' lang='lat' dir='ltr'><strong>Paris.</strong></span> <span class='ocrx_word' id='word_1_430' title='bbox 278 3791 364 3849; x_wconf 87' lang='grc'><strong>4709.</strong></span> <span class='ocrx_word' id='word_1_431' title='bbox 381 3789 428 3849; x_wconf 81' lang='lat' dir='ltr'><strong>iol.</strong></span> <span class='ocrx_word' id='word_1_432' title='bbox 446 3791 474 3864; x_wconf 82' lang='lat' dir='ltr'><strong>hl</strong></span> <span class='ocrx_word' id='word_1_433' title='bbox 488 3792 564 3849; x_wconf 84' lang='lat' dir='ltr'><strong>ilaec</strong></span> <span class='ocrx_word' id='word_1_434' title='bbox 578 3789 668 3848; x_wconf 88' lang='lat' dir='ltr'><strong>editio</strong></span> <span class='ocrx_word' id='word_1_435' title='bbox 680 3790 805 3871; x_wconf 66' lang='lat' dir='ltr'><strong>repetita</strong></span> <span class='ocrx_word' id='word_1_436' title='bbox 818 3786 889 3844; x_wconf 78' lang='lat' dir='ltr'><strong>hm·</strong></span> <span class='ocrx_word' id='word_1_437' title='bbox 940 3791 1128 3855; x_wconf 68' lang='lat' dir='ltr'><strong>Mecinus</strong></span> <span class='ocrx_word' id='word_1_438' title='bbox 1146 3790 1329 3868; x_wconf 57' lang='lat' dir='ltr'><strong>reprimam</strong></span> <span class='ocrx_word' id='word_1_439' title='bbox 1346 3793 1376 3849; x_wconf 94' lang='lat' dir='ltr'><strong>in</strong></span> <span class='ocrx_word' id='word_1_440' title='bbox 1403 3808 1464 3868; x_wconf 87' lang='lat' dir='ltr'><strong>qna</strong></span> <span class='ocrx_word' id='word_1_441' title='bbox 1493 3800 1595 3851; x_wconf 85' lang='lat' dir='ltr'><strong>tamen</strong></span> <span class='ocrx_word' id='word_1_442' title='bbox 1619 3802 1653 3847; x_wconf 68' lang='grc'><strong>49</strong></span> 
     </span>
     <span class='ocr_line' id='line_1_41' title="bbox 172 3880 1653 3949; baseline -0.001 -10"><span class='ocrx_word' id='word_1_443' title='bbox 172 3880 328 3939; x_wconf 88' lang='lat' dir='ltr'><strong>stelndami</strong></span> <span class='ocrx_word' id='word_1_444' title='bbox 348 3889 411 3949; x_wconf 87' lang='lat' dir='ltr'><strong>est,</strong></span> <span class='ocrx_word' id='word_1_445' title='bbox 434 3883 504 3942; x_wconf 87' lang='lat' dir='ltr'><strong>iicet</strong></span> <span class='ocrx_word' id='word_1_446' title='bbox 533 3884 681 3943; x_wconf 85' lang='lat' dir='ltr'><strong>Lutetiam</strong></span> <span class='ocrx_word' id='word_1_447' title='bbox 712 3881 888 3939; x_wconf 86' lang='lat' dir='ltr'><strong>Parisiorum</strong></span> <span class='ocrx_word' id='word_1_448' title='bbox 944 3888 1085 3945; x_wconf 72' lang='lat' dir='ltr'><strong>censione</strong></span> <span class='ocrx_word' id='word_1_449' title='bbox 1118 3884 1189 3944; x_wconf 80' lang='lat' dir='ltr'><strong>nihii</strong></span> <span class='ocrx_word' id='word_1_450' title='bbox 1212 3885 1249 3944; x_wconf 73' lang='lat' dir='ltr'><strong>de</strong></span> <span class='ocrx_word' id='word_1_451' title='bbox 1271 3901 1326 3945; x_wconf 86' lang='lat' dir='ltr'><strong>suo</strong></span> <span class='ocrx_word' id='word_1_452' title='bbox 1347 3882 1458 3944; x_wconf 76' lang='lat' dir='ltr'><strong>adiecit</strong></span> <span class='ocrx_word' id='word_1_453' title='bbox 1490 3885 1537 3944; x_wconf 77' lang='lat' dir='ltr'><strong>vel</strong></span> <span class='ocrx_word' id='word_1_454' title='bbox 1561 3888 1653 3943; x_wconf 81' lang='lat' dir='ltr'><strong>imma</strong></span> 
     </span>
     <span class='ocr_line' id='line_1_42' title="bbox 172 3974 1652 4056; baseline 0.001 -24"><span class='ocrx_word' id='word_1_455' title='bbox 172 3978 203 4029; x_wconf 84' lang='lat' dir='ltr'><strong>et</strong></span> <span class='ocrx_word' id='word_1_456' title='bbox 225 3974 287 4047; x_wconf 90' lang='lat' dir='ltr'><strong>ipsa</strong></span> <span class='ocrx_word' id='word_1_457' title='bbox 306 3975 476 4049; x_wconf 83' lang='lat' dir='ltr'><strong>praeterens</strong></span> <span class='ocrx_word' id='word_1_458' title='bbox 506 3976 593 4037; x_wconf 80' lang='grc'><strong>4409.</strong></span> <span class='ocrx_word' id='word_1_459' title='bbox 619 3976 668 4034; x_wconf 85' lang='grc'><strong>494.</strong></span> <span class='ocrx_word' id='word_1_460' title='bbox 696 3990 774 4051; x_wconf 88' lang='lat' dir='ltr'><strong>quac</strong></span> <span class='ocrx_word' id='word_1_461' title='bbox 801 3980 888 4031; x_wconf 79' lang='lat' dir='ltr'><strong>notas</strong></span> <span class='ocrx_word' id='word_1_462' title='bbox 946 3981 1024 4039; x_wconf 88' lang='lat' dir='ltr'><strong>tavit</strong></span> <span class='ocrx_word' id='word_1_463' title='bbox 1044 3984 1205 4038; x_wconf 83' lang='lat' dir='ltr'><strong>contentus</strong></span> <span class='ocrx_word' id='word_1_464' title='bbox 1226 3977 1361 4056; x_wconf 82' lang='lat' dir='ltr'><strong>legisse,</strong></span> <span class='ocrx_word' id='word_1_465' title='bbox 1383 3984 1415 4035; x_wconf 86' lang='lat' dir='ltr'><strong>et</strong></span> <span class='ocrx_word' id='word_1_466' title='bbox 1438 3993 1550 4037; x_wconf 87' lang='lat' dir='ltr'><strong>nomen</strong></span> <span class='ocrx_word' id='word_1_467' title='bbox 1578 3986 1652 4035; x_wconf 86' lang='lat' dir='ltr'><strong>sunu</strong></span> 
     </span>
     <span class='ocr_line' id='line_1_43' title="bbox 173 4060 1652 4147; baseline 0.003 -28"><span class='ocrx_word' id='word_1_468' title='bbox 173 4062 301 4137; x_wconf 81' lang='lat' dir='ltr'><strong>singulis</strong></span> <span class='ocrx_word' id='word_1_469' title='bbox 330 4067 443 4141; x_wconf 84' lang='lat' dir='ltr'><strong>paginis</strong></span> <span class='ocrx_word' id='word_1_470' title='bbox 470 4068 622 4144; x_wconf 88' lang='lat' dir='ltr'><strong>subjectas</strong></span> <span class='ocrx_word' id='word_1_471' title='bbox 649 4067 791 4139; x_wconf 78' lang='lat' dir='ltr'><strong>exhibet,</strong></span> <span class='ocrx_word' id='word_1_472' title='bbox 812 4081 889 4143; x_wconf 88' lang='lat' dir='ltr'><strong>quas</strong></span> <span class='ocrx_word' id='word_1_473' title='bbox 947 4074 975 4128; x_wconf 92' lang='grc'><strong>49</strong></span> <span class='ocrx_word' id='word_1_474' title='bbox 996 4071 1077 4130; x_wconf 88' lang='lat' dir='ltr'><strong>calce</strong></span> <span class='ocrx_word' id='word_1_475' title='bbox 1099 4072 1266 4146; x_wconf 87' lang='lat' dir='ltr'><strong>scripsisse.</strong></span> <span class='ocrx_word' id='word_1_476' title='bbox 1291 4069 1391 4131; x_wconf 83' lang='lat' dir='ltr'><strong>Codex</strong></span> <span class='ocrx_word' id='word_1_477' title='bbox 1426 4072 1485 4131; x_wconf 85' lang='lat' dir='ltr'><strong>iste</strong></span> <span class='ocrx_word' id='word_1_478' title='bbox 1506 4060 1586 4147; x_wconf 81' lang='lat' dir='ltr'><strong>&#39;post</strong></span> <span class='ocrx_word' id='word_1_479' title='bbox 1605 4081 1652 4127; x_wconf 85' lang='lat' dir='ltr'><strong>ne</strong></span> 
     </span>
     <span class='ocr_line' id='line_1_44' title="bbox 171 4152 1553 4241; baseline 0.009 -30"><span class='ocrx_word' id='word_1_480' title='bbox 171 4152 347 4212; x_wconf 81' lang='lat' dir='ltr'><strong>Parisiensis</strong></span> <span class='ocrx_word' id='word_1_481' title='bbox 371 4156 407 4215; x_wconf 89' lang='lat' dir='ltr'><strong>ad</strong></span> <span class='ocrx_word' id='word_1_482' title='bbox 431 4160 544 4219; x_wconf 87' lang='lat' dir='ltr'><strong>calcem</strong></span> <span class='ocrx_word' id='word_1_483' title='bbox 561 4162 723 4223; x_wconf 91' lang='lat' dir='ltr'><strong>voluminis</strong></span> <span class='ocrx_word' id='word_1_484' title='bbox 748 4158 890 4238; x_wconf 82' lang='lat' dir='ltr'><strong>legendas</strong></span> <span class='ocrx_word' id='word_1_485' title='bbox 945 4162 1027 4223; x_wconf 90' lang='lat' dir='ltr'><strong>dium</strong></span> <span class='ocrx_word' id='word_1_486' title='bbox 1051 4164 1139 4224; x_wconf 88' lang='lat' dir='ltr'><strong>Sacc.</strong></span> <span class='ocrx_word' id='word_1_487' title='bbox 1162 4166 1241 4227; x_wconf 86' lang='lat' dir='ltr'><strong>xut.</strong></span> <span class='ocrx_word' id='word_1_488' title='bbox 1265 4162 1438 4241; x_wconf 90' lang='lat' dir='ltr'><strong>descriptus</strong></span> <span class='ocrx_word' id='word_1_489' title='bbox 1457 4162 1553 4223; x_wconf 66' lang='lat' dir='ltr'><strong>est*</strong></span> 
     </span>
     <span class='ocr_line' id='line_1_45' title="bbox 176 4244 1654 4336; baseline 0.004 -33"><span class='ocrx_word' id='word_1_490' title='bbox 176 4244 328 4307; x_wconf 74' lang='lat' dir='ltr'><strong>atterebat.</strong></span> <span class='ocrx_word' id='word_1_491' title='bbox 989 4258 1090 4318; x_wconf 86' lang='grc'><strong>0900</strong></span> <span class='ocrx_word' id='word_1_492' title='bbox 1123 4256 1215 4336; x_wconf 75' lang='lat' dir='ltr'><strong>officii</strong></span> <span class='ocrx_word' id='word_1_493' title='bbox 1246 4254 1398 4317; x_wconf 81' lang='lat' dir='ltr'><strong>Ecclesiae</strong></span> <span class='ocrx_word' id='word_1_494' title='bbox 1420 4259 1559 4319; x_wconf 79' lang='lat' dir='ltr'><strong>Senensis</strong></span> <span class='ocrx_word' id='word_1_495' title='bbox 1580 4264 1654 4330; x_wconf 80' lang='lat' dir='ltr'><strong>supro</strong></span> 
     </span>
     <span class='ocr_line' id='line_1_46' title="bbox 216 4336 1147 4424; baseline 0.017 -31"><span class='ocrx_word' id='word_1_496' title='bbox 216 4336 301 4394; x_wconf 84' lang='grc'><strong>94499</strong></span> <span class='ocrx_word' id='word_1_497' title='bbox 323 4336 501 4401; x_wconf 73' lang='lat' dir='ltr'><strong>ortanus</strong></span> <span class='ocrx_word' id='word_1_498' title='bbox 532 4342 631 4418; x_wconf 88' lang='lat' dir='ltr'><strong>junior</strong></span> <span class='ocrx_word' id='word_1_499' title='bbox 660 4345 821 4424; x_wconf 82' lang='lat' dir='ltr'><strong>Episcopus</strong></span> <span class='ocrx_word' id='word_1_500' title='bbox 852 4344 888 4403; x_wconf 86' lang='lat' dir='ltr'><strong>ad</strong></span> <span class='ocrx_word' id='word_1_501' title='bbox 949 4348 1147 4412; x_wconf 71' lang='lat' dir='ltr'><strong>unliutons,</strong></span> 
     </span>
     <span class='ocr_line' id='line_1_47' title="bbox 177 4430 1652 4526; baseline 0.008 -39"><span class='ocrx_word' id='word_1_502' title='bbox 177 4444 267 4504; x_wconf 86' lang='lat' dir='ltr'><strong>quem</strong></span> <span class='ocrx_word' id='word_1_503' title='bbox 289 4430 366 4489; x_wconf 89' lang='lat' dir='ltr'><strong>circa</strong></span> <span class='ocrx_word' id='word_1_504' title='bbox 384 4433 440 4491; x_wconf 81' lang='lat' dir='ltr'><strong>hn.</strong></span> <span class='ocrx_word' id='word_1_505' title='bbox 454 4434 521 4494; x_wconf 86' lang='grc'><strong>448.</strong></span> <span class='ocrx_word' id='word_1_506' title='bbox 539 4437 569 4495; x_wconf 87' lang='lat' dir='ltr'><strong>S.</strong></span> <span class='ocrx_word' id='word_1_507' title='bbox 587 4436 746 4516; x_wconf 77' lang='lat' dir='ltr'><strong>Augustini</strong></span> <span class='ocrx_word' id='word_1_508' title='bbox 763 4437 895 4515; x_wconf 86' lang='lat' dir='ltr'><strong>Epistola</strong></span> <span class='ocrx_word' id='word_1_509' title='bbox 988 4442 1089 4503; x_wconf 87' lang='grc'><strong>0900</strong></span> <span class='ocrx_word' id='word_1_510' title='bbox 1112 4448 1260 4506; x_wconf 80' lang='lat' dir='ltr'><strong>Romanos</strong></span> <span class='ocrx_word' id='word_1_511' title='bbox 1281 4444 1317 4504; x_wconf 83' lang='lat' dir='ltr'><strong>do</strong></span> <span class='ocrx_word' id='word_1_512' title='bbox 1338 4443 1433 4526; x_wconf 78' lang='lat' dir='ltr'><strong>officio</strong></span> <span class='ocrx_word' id='word_1_513' title='bbox 1462 4444 1575 4505; x_wconf 78' lang='lat' dir='ltr'><strong>Missae</strong></span> <span class='ocrx_word' id='word_1_514' title='bbox 1601 4441 1652 4499; x_wconf 75' lang='lat' dir='ltr'><strong>sive</strong></span> 
     </span>
     <span class='ocr_line' id='line_1_48' title="bbox 179 4519 1650 4611; baseline 0.005 -30"><span class='ocrx_word' id='word_1_515' title='bbox 179 4519 247 4581; x_wconf 80' lang='grc'><strong>4447.</strong></span> <span class='ocrx_word' id='word_1_516' title='bbox 264 4519 336 4595; x_wconf 84' lang='lat' dir='ltr'><strong>(cdit</strong></span> <span class='ocrx_word' id='word_1_517' title='bbox 351 4539 445 4585; x_wconf 86' lang='lat' dir='ltr'><strong>novae</strong></span> <span class='ocrx_word' id='word_1_518' title='bbox 464 4527 530 4601; x_wconf 84' lang='grc'><strong>4994</strong></span> <span class='ocrx_word' id='word_1_519' title='bbox 549 4546 586 4587; x_wconf 83' lang='grc'><strong>99</strong></span> <span class='ocrx_word' id='word_1_520' title='bbox 601 4529 699 4592; x_wconf 91' lang='lat' dir='ltr'><strong>dicam</strong></span> <span class='ocrx_word' id='word_1_521' title='bbox 720 4533 759 4593; x_wconf 88' lang='lat' dir='ltr'><strong>dc</strong></span> <span class='ocrx_word' id='word_1_522' title='bbox 788 4531 893 4611; x_wconf 83' lang='lat' dir='ltr'><strong>optato</strong></span> <span class='ocrx_word' id='word_1_523' title='bbox 948 4532 1028 4593; x_wconf 90' lang='lat' dir='ltr'><strong>Ordo</strong></span> <span class='ocrx_word' id='word_1_524' title='bbox 1049 4537 1251 4597; x_wconf 83' lang='lat' dir='ltr'><strong>Ecclesiastici</strong></span> <span class='ocrx_word' id='word_1_525' title='bbox 1275 4540 1429 4598; x_wconf 84' lang='lat' dir='ltr'><strong>Einistcrii</strong></span> <span class='ocrx_word' id='word_1_526' title='bbox 1445 4540 1591 4598; x_wconf 81' lang='lat' dir='ltr'><strong>Romanae</strong></span> <span class='ocrx_word' id='word_1_527' title='bbox 1606 4532 1650 4591; x_wconf 87' lang='lat' dir='ltr'><strong>Ea-</strong></span> 
     </span>
    </p>
   </div>
   <div class='ocr_carea' id='block_1_3' title="bbox 217 4756 1651 4910">
    <p class='ocr_par' dir='ltr' id='par_1_3' title="bbox 217 4756 1651 4910">
     <span class='ocr_line' id='line_1_49' title="bbox 217 4756 1651 4837; baseline 0.002 -24"><span class='ocrx_word' id='word_1_528' title='bbox 217 4756 305 4813; x_wconf 75' lang='grc' dir='ltr'><strong>Ι04499</strong></span> <span class='ocrx_word' id='word_1_529' title='bbox 318 4762 492 4827; x_wconf 73' lang='lat' dir='ltr'><strong>witarbcreac,</strong></span> <span class='ocrx_word' id='word_1_530' title='bbox 503 4772 531 4813; x_wconf 91' lang='lat' dir='ltr'><strong>ut</strong></span> <span class='ocrx_word' id='word_1_531' title='bbox 542 4768 607 4826; x_wconf 81' lang='lat' dir='ltr'><strong>apud</strong></span> <span class='ocrx_word' id='word_1_532' title='bbox 618 4771 780 4819; x_wconf 75' lang='lat' dir='ltr'><strong>Passerinum</strong></span> <span class='ocrx_word' id='word_1_533' title='bbox 794 4771 895 4830; x_wconf 77' lang='grc'><strong>49444494.</strong></span> <span class='ocrx_word' id='word_1_534' title='bbox 947 4784 990 4831; x_wconf 74' lang='lat' dir='ltr'><strong>ges</strong></span> <span class='ocrx_word' id='word_1_535' title='bbox 1009 4773 1051 4823; x_wconf 83' lang='lat' dir='ltr'><strong>des</strong></span> <span class='ocrx_word' id='word_1_536' title='bbox 1069 4778 1124 4823; x_wconf 78' lang='lat' dir='ltr'><strong>sar.</strong></span> <span class='ocrx_word' id='word_1_537' title='bbox 1143 4774 1212 4825; x_wconf 87' lang='grc'><strong>4709.</strong></span> <span class='ocrx_word' id='word_1_538' title='bbox 1235 4776 1373 4837; x_wconf 80' lang='lat' dir='ltr'><strong>septembr.</strong></span> <span class='ocrx_word' id='word_1_539' title='bbox 1399 4788 1458 4837; x_wconf 77' lang='lat' dir='ltr'><strong>pag.</strong></span> <span class='ocrx_word' id='word_1_540' title='bbox 1483 4775 1537 4824; x_wconf 69' lang='lat' dir='ltr'><strong>«too.</strong></span> <span class='ocrx_word' id='word_1_541' title='bbox 1556 4768 1651 4820; x_wconf 78' lang='grc'><strong>09444944</strong></span> 
     </span>
     <span class='ocr_line' id='line_1_50' title="bbox 219 4829 1155 4910; baseline 0.014 -24"><span class='ocrx_word' id='word_1_542' title='bbox 219 4829 247 4886; x_wconf 73' lang='lat' dir='ltr'><strong>b)</strong></span> <span class='ocrx_word' id='word_1_543' title='bbox 262 4834 323 4881; x_wconf 79' lang='grc'><strong>4949</strong></span> <span class='ocrx_word' id='word_1_544' title='bbox 337 4838 414 4889; x_wconf 77' lang='lat' dir='ltr'><strong>uruit.</strong></span> <span class='ocrx_word' id='word_1_545' title='bbox 434 4840 503 4889; x_wconf 82' lang='lat' dir='ltr'><strong>titii.</strong></span> <span class='ocrx_word' id='word_1_546' title='bbox 521 4854 576 4903; x_wconf 72' lang='lat' dir='ltr'><strong>ling.</strong></span> <span class='ocrx_word' id='word_1_547' title='bbox 598 4840 649 4892; x_wconf 73' lang='grc'><strong>499.</strong></span> <span class='ocrx_word' id='word_1_548' title='bbox 668 4846 730 4894; x_wconf 79' lang='lat' dir='ltr'><strong>nist.</strong></span> <span class='ocrx_word' id='word_1_549' title='bbox 746 4845 789 4895; x_wconf 85' lang='lat' dir='ltr'><strong>urs</strong></span> <span class='ocrx_word' id='word_1_550' title='bbox 805 4857 899 4893; x_wconf 85' lang='lat' dir='ltr'><strong>narra·</strong></span> <span class='ocrx_word' id='word_1_551' title='bbox 945 4854 1009 4895; x_wconf 86' lang='lat' dir='ltr'><strong>torn.</strong></span> <span class='ocrx_word' id='word_1_552' title='bbox 1028 4861 1086 4910; x_wconf 76' lang='lat' dir='ltr'><strong>pag.</strong></span> <span class='ocrx_word' id='word_1_553' title='bbox 1099 4848 1155 4901; x_wconf 80' lang='grc'><strong>5444.</strong></span> 
     </span>
    </p>
   </div>
   <div class='ocr_carea' id='block_1_4' title="bbox 0 0 1698 5362">
    <p class='ocr_par' dir='ltr' id='par_1_4' title="bbox 0 0 1698 5362">
     <span class='ocr_line' id='line_1_51' title="bbox 0 0 1698 5362; baseline 0 0"><span class='ocrx_word' id='word_1_554' title='bbox 0 0 1698 5362; x_wconf 95' lang='lat' dir='ltr'><strong> </strong></span> 
     </span>
    </p>
   </div>
  </div>
 </body>
</html>
