3368 5362
139 198 198 260 113
526 132 529 139 ¹
736 179 1027 245 44004400

136 303 275 363 uoiii'cuoi
300 297 516 360 cuiusinitium
528 296 603 356 Cum
617 296 794 370 corruptum
805 293 859 351 lte·
914 308 980 369 000.
1002 289 1070 351 586.
1092 288 1213 364 scripsit
1241 286 1385 347 40040400
1413 285 1444 347 in
1465 287 1579 366 44400440
1597 299 1621 349 04

135 414 208 475 puni
228 393 367 455 volumen
388 394 420 452 in
441 393 539 451 oestro
549 383 739 464 reperissetis
757 400 860 442 arina·
915 382 1051 447 Codi'oem
1072 381 1327 442 4004404000040.’

138 491 205 564 rio,
228 493 335 547 auctor
353 482 517 566 praecipue
538 483 681 541 versatur
702 479 733 535 in
753 474 862 555 aliqui·
956 472 1145 536 4440044448
1159 469 1625 546 44044004000400044444004.

139 581 195 644 hiis
211 596 370 643 sacrorum
387 575 536 636 librorum
555 573 666 631 Veteris
687 571 863 629 Testamenti
917 571 996 629 04400
1014 567 1047 628 Α.
1065 565 1151 628 4438.
1169 567 1215 628 Ex
1234 563 1301 641 ejas
1315 565 1439 643 00440440
1454 563 1627 641 Waddingus

140 675 211 736 locis
231 673 272 733 od
291 688 395 732 veroni
418 668 573 728 tectionem
587 661 779 742 redigendis,
799 661 865 742 opi·¹
919 664 985 741 pag.
1001 658 1072 725 267.
1088 657 1190 719 400404
1211 654 1310 735 00040
1330 659 1362 719 S.
1382 657 1528 736 Gregorii
1543 655 1629 736 440044

139 763 281 848 tquesiib
303 763 422 822 initium
454 759 490 819 de
524 756 619 817 modis
640 754 750 836 quibus
771 752 866 814 solent
921 773 974 835 per
992 754 1133 813 materias
1153 752 1218 811 sive
1239 750 1319 812 looos
1340 767 1522 812 communes
1542 751 1629 812 abillo

136 861 364 938 scripturarum
380 851 575 932 exemplaria
599 847 776 930 depravari.
795 849 867 908 Car·
922 849 1075 924 disposita.

135 952 244 1013 dinalis
262 954 319 1011 4040
341 943 537 1009 0040404004)
551 944 642 1003 40040
661 943 695 1001 ll.
714 939 866 1001 Pontifice.
964 937 1153 1026 Nicotaus
1167 936 1392 1012 Narbonensis,
1408 939 1537 1017 scriptor
1551 938 1632 1016 Segl-

136 1043 279 1104 Nicolaus
297 1058 370 1102 vero
389 1039 564 1100 Canonicus
582 1034 795 1094 lateranensis
812 1032 870 1093 sub
925 1042 973 1095 400
992 1036 1103 1113 igneae.
1122 1033 1217 1111 Supra
1239 1029 1383 1093 Nicotaus
1401 1031 1633 1094 carmelitarum.

138 1135 310 1198 4404400440
327 1134 374 1192 lll.
393 1131 525 1192 vivebat.
547 1126 563 1161 ¹*
925 1129 1007 1189 Prior
1027 1126 1191 1187 Generalis.

178 1213 550 1289 NICOLAUSMoriaaus
568 1221 634 1280 sive
651 1209 871 1291 iteMariaiiis,
927 1289 930 1295 ¹
966 1217 1155 1281 NlCOLAUS
1176 1217 1212 1279 de
1232 1216 1374 1299 Neapoli,
1394 1219 1494 1281 40400
1514 1221 1588 1280 ciros
1606 1218 1634 1278 4.

137 1324 339 1392 Mantuanus,
361 1334 421 1376 non
444 1314 516 1376 044.
533 1315 681 1374 Minorum
705 1318 739 1372 ut
763 1310 871 1370 calami
930 1314 1016 1375 4300.
1041 1311 1129 1389 cujus
1151 1312 1233 1372 nulla
1262 1313 1374 1392 0044040
1402 1314 1636 1377 040400400404

137 1429 238 1474 044040
255 1418 303 1469 004
320 1408 398 1486 0004
417 1408 588 1484 cangium,
610 1404 663 1464 sed
683 1402 870 1463 Praedicato·
925 1406 1043 1468 Nicolao
1069 1406 1180 1483 400040
1202 1406 1232 1464 40
1257 1405 1331 1465 bibl.
1360 1406 1556 1483 Neapolitana
1581 1420 1637 1482 pag.

138 1522 227 1577 rum,
243 1503 319 1561 vixit
331 1503 410 1560 04400
426 1500 461 1560 Λ.
475 1499 566 1560 4343.
582 1514 681 1583 neque
697 1495 868 1572 exscriptis
924 1501 992 1560 444.
1003 1501 1129 1577 Scripsit
1143 1505 1244 1558 tamen
1256 1497 1290 1556 'in
1306 1497 1473 1574 400444040,
1484 1497 1638 1560 Paudectas

139 1600 206 1674 ejus
227 1595 309 1657 aliud
330 1598 585 1654 commemoratur
602 1607 693 1668 quam
718 1594 867 1647 tractatus
922 1602 953 1654 ei
974 1591 1124 1652 codicem.
1144 1589 1218 1651 Vide
1240 1590 1422 1652 (tasnatum,

140 1689 176 1749 ile
202 1694 314 1769 quarto
332 1684 528 1768 funerali'um.
552 1683 625 1746 Vide
647 1682 740 1742 40004)
766 1682 871 1752 000444
963 1685 979 1721 ¹⁸
1000 1688 1108 1745 Doctor
1127 1685 1183 1743 iste
1202 1700 1261 1742 non
1280 1689 1400 1744 tantum
1421 1685 1545 1763 scripsit
1560 1701 1638 1763 qaae·

140 1790 163 1842 4.
186 1788 198 1843 4
222 1801 249 1861 p.
269 1784 338 1843 549.
921 1779 991 1839 dam
1013 1784 1048 1838 ut
1068 1778 1180 1855 optime
1211 1775 1259 1836 hio
1292 1783 1376 1843 uolat
1407 1777 1565 1838 Fabricius
1593 1775 1638 1836 sed

183 1875 374 1937 NlGOLhUS
386 1892 407 1933 a
421 1875 452 1934 S.
467 1871 599 1933 Marti'no
614 1915 621 1944 ,
636 1871 698 1947 agri
713 1866 865 1929 Mantuani
921 1878 953 1931 04
973 1869 1039 1947 ejus
1060 1870 1270 1930 commentarii
1289 1871 1318 1929 in
1334 1869 1431 1930 libros
1448 1869 1568 1931 0044040
1583 1886 1639 1950 pro

140 1967 258 2047 oppido,
271 1967 341 2026 044.
353 1964 459 2026 Praed.
475 1963 600 2025 044004.
615 1965 702 2023 istu.
716 1979 774 2021 non
789 1961 866 2020 alius
920 1963 1042 2024 dierunt
1064 1964 1170 2040 Papiae
1191 1979 1239 2022 an.
1265 1962 1354 2023 4494.
1376 1964 1406 2022 40
1432 1963 1485 2024 404.

143 2069 179 2121 04
200 2059 321 2119 4440404
342 2060 359 2118 0
382 2057 556 2135 000044040,
578 2070 762 2131 quamquam
786 2051 865 2131 apud
961 2055 1151 2118 NlCOLAUS
1166 2053 1320 2131 Niooh'us,
1335 2056 1445 2117 nobilis
1458 2057 1639 2118 Florentium

141 2153 341 2213 Possevinnm
361 2150 495 2226 aliosque
513 2146 729 2224 distinguitur,
749 2146 867 2210 Sermo·
923 2151 1011 2224 [cum
1034 2146 1147 2208 4404400
1167 2148 1304 2208 444004οο.
1326 2152 1509 2227 cognomine
1529 2152 1638 2212 Voleuc-

142 2242 280 2319 nesejus
298 2241 547 2301 memorantibus.
920 2243 984 2316 cio,
1015 2240 1137 2318 dequo
1166 2256 1272 2318 supra,
1303 2258 1361 2301 000
1392 2242 1635 2317 contundendos)

163 2335 353 2397 4440044448
368 2321 495 2394 Martini
506 2331 542 2392 de
557 2334 668 2406 Proto,
687 2349 776 2410 supra
792 2331 865 2406 ,444-
919 2335 1078 2394 Paccianto
1097 2333 1362 2413 cosmographus,
1380 2334 1563 2413 historicus,
1580 2335 1638 2397 Phi·

142 2427 245 2489 colous
268 2426 304 2488 de
325 2424 496 2487 libertinis.
920 2425 1057 2505 losophus
1077 2425 1204 2504 insignis
1225 2427 1359 2510 4404404,
1380 2430 1464 2492 0040
1479 2433 1601 2493 Vossius
1614 2448 1638 2508 p.

182 2516 374 2597 4440044448
387 2517 564 2599 Naugerius
579 2518 718 2592 Siculus,
734 2520 815 2579 circa
828 2517 864 2576 4.
920 2518 988 2581 bil.
1006 2537 1075 2579 eum
1094 2521 1135 2579 044
1150 2517 1296 2597 00000040
1319 2518 1472 2598 quaedam
1489 2522 1637 2604 reliquisse

143 2614 232 2675 4424.
247 2615 351 2673 4044440
369 2630 407 2673 ex
424 2612 538 2675 Graeco
553 2614 645 2671 vertit
663 2608 867 2672 4404044040ἀο
897 2692 900 2697 Ι
920 2610 963 2671 od
983 2610 1270 2693 cosmographiam,
1291 2611 1518 2695 Philosophiam
1541 2623 1571 2677 et
1586 2617 1638 2677 Aa

141 2704 275 2784 Arcadio
287 2706 360 2785 Imp.
379 2723 411 2764 in
421 2702 497 2764 urbe
512 2703 719 2765 Thessalonica
732 2701 865 2764 obsesso:
922 2704 1098 2783 tiquitoteai'
1102 2704 1297 2783 pertinentia.
1312 2705 1371 2767 Sed
1388 2711 1494 2770 verius
1511 2716 1558 2770 004
1574 2708 1637 2768 nibil

141 2805 174 2857 et
209 2797 365 2857 historiam
397 2797 519 2859 Comiti's
539 2795 662 2874 44000444
692 2798 720 2855 40
754 2795 866 2857 Sicilia.
923 2800 1081 2875 scripsisse
1098 2796 1329 2877 quidemtvide
1349 2800 1465 2862 lulium
1483 2803 1639 2882 Nigrump.

143 2891 313 2967 Utrumque
325 2893 473 2950 44000004.
486 2892 515 2950 40
528 2888 707 2949 Bibliotheca
721 2888 867 2965 Principis
924 2890 992 2949 449.
1009 2888 1078 2948 hist.
1092 2891 1271 2967 scriptorum
1287 2891 1472 2969 Florentin.)
1492 2895 1544 2956 sed
1557 2896 1640 2955 lauto

144 2982 301 3055 Melitelli,
321 2989 467 3043 memorat
489 2982 661 3042 Antoninus
682 2982 828 3058 Mongitor
845 2987 866 3038 4.
923 2999 986 3042 rem
1016 2983 1109 3042 luisse
1138 2982 1307 3043 litterarum
1336 2987 1526 3060 maximnm,
1559 2994 1638 3064 atque

146 3078 175 3138 2.
191 3074 266 3135 bibl.
284 3074 401 3134 Siculae
419 3076 485 3153 pagi
504 3075 562 3157 93.
924 3075 1136 3152 044000404004
1149 3116 1160 3152 ,2
1178 3073 1344 3137 Guarinum
1366 3068 1399 3136 04
1419 3081 1567 3141 loannem
1587 3078 1638 3139 44·

34 3214 44 3229 .
187 3164 378 3227 4440044448
408 3166 568 3242 Minorita,
598 3165 694 3240 40440,
726 3159 870 3229 Nicotaus
924 3169 1036 3245 rispam
1065 3165 1200 3228 Siculum
1229 3158 1288 3228 000
1318 3171 1476 3248 pepulisse
1503 3171 1636 3233 Florentia

39 3287 44 3295 ·
144 3257 301 3340 Speciali's.
926 3263 979 3337 (04
993 3259 1114 3319 'Philelsi
1135 3261 1377 3323 criminationem
1403 3264 1531 3326 secutus
1547 3265 1636 3326 scribit

185 3351 378 3416 4440044448
407 3353 507 3414 44400
535 3351 745 3423 Monacensis,
773 3352 869 3427 intra,
927 3351 1005 3412 idem
1021 3354 1167 3426 Vossius]
1185 3353 1237 3413 sed
1255 3361 1288 3415 04
1306 3355 1491 3418 Florentiam
1511 3374 1636 3420 0000444-

146 3446 291 3508 Ν4004004
311 3446 347 3508 40
371 3445 518 3508 Tudescis.
926 3452 977 3505 tur
997 3447 1087 3506 etiam
1107 3446 1250 3507 Philellus
1267 3449 1351 3526 ipse,
1370 3453 1634 3512 auctoremloisse.

189 3541 380 3603 4440044448
412 3539 634 3614 Montacutius,
664 3537 780 3616 Augias
800 3553 870 3597 oum
927 3538 1001 3598 Vide
1023 3555 1100 3616 quae
1122 3554 1214 3617 supra
1236 3541 1244 3616 4
1257 3540 1335 3601 idem
1350 3545 1440 3603 ’00440
1463 3545 1532 3619 est)
1553 3547 1580 3604 io
1598 3539 1634 3602 lli

141 3633 265 3694 Nicotao
284 3634 467 3696 Maniaeuti'o
484 3634 522 3693 de
540 3648 600 3711 quo
615 3647 705 3708 00040
725 3647 783 3695 000
802 3645 872 3689 000-
927 3629 1009 3691 00400
1036 3629 1226 3708 Florentino,
1251 3640 1283 3693 04
1304 3635 1438 3696 Diarium
1466 3637 1632 3698 eruditorum

147 3727 342 3800 fundendus,
371 3721 447 3787 44444
477 3729 557 3788 04400
582 3725 618 3784 Α.
641 3725 729 3784 4466.
751 3725 872 3800 0044004-
929 3717 1120 3783 4404004040.
1141 3726 1192 3785 lx.
1211 3743 1278 3805 pag.
1295 3726 1363 3787 404.
1382 3744 1449 3806 seq.
1465 3730 1582 3802 Quanto
1595 3741 1645 3788 ai··

45 3840 57 3851 ·
148 3837 207 3896 que
229 3819 265 3878 ile
283 3818 411 3897 Regibus
428 3817 603 3897 duplorum.
632 3817 675 3879 De
705 3814 871 3894 40040400
929 3827 990 3876 tem
1003 3816 1102 3877 studio
1117 3818 1289 3897 flagraverit
1300 3809 1394 3881 bonos
1412 3825 1575 3902 scriptores
1584 3835 1634 3900 004·

146 3910 314 3989 Episcopis.
344 3910 465 3971 Scolam
496 3917 662 3990 temporum
694 3909 715 3969 4
743 3909 873 3971 04444440
929 3904 1300 3990 vestigs'ndialiorumque
1316 3917 1515 3977 consecrandi
1532 3914 1633 3980 usibus.

146 4006 217 4061 nato
240 4009 271 4061 04
293 4003 520 4082 Epigrammata
541 4003 700 4082 quaedam.
722 4003 795 4063 Vide
817 4007 872 4064 Ba·
930 3994 1097 4080 intelligere
1120 4004 1190 4064 44004
1210 4022 1248 4065 ex
1270 4005 1412 4067 Oratione
1434 4009 1534 4089 Poggii
1554 4007 1634 4069 bobilo

151 4094 231 4155 leum
254 4095 331 4155 Vlll.
349 4097 397 4155 45.
416 4099 549 4157 44400004
571 4114 638 4176 pag.
661 4098 730 4158 657.
753 4103 784 4157 et
801 4097 875 4177 Vos·
931 4097 961 4155 in
980 4095 1047 4177 ejus
1065 4098 1171 4157 400040
1186 4098 1277 4173 (obiit
1294 4099 1330 4159 Α.
1348 4099 1437 4160 4436.
1456 4104 1563 4162 0040440
1579 4091 1634 4165 43.)

153 4189 232 4246 sium
250 4203 316 4266 pag.
336 4187 403 4247 733.
434 4188 492 4248 Sed
519 4205 597 4265 quae
625 4188 663 4250 40
680 4186 874 4250 Pontificibus
932 4206 969 4249 04
986 4206 1044 4266 qua
1058 4188 1131 4249 baec
1144 4206 1238 4267 pauca
1254 4191 1445 4271 adscribam,
1457 4197 1502 4256 044
1515 4197 1635 4274 leguntur

149 4281 295 4340 Romanis
312 4280 350 4340 ab
376 4297 411 4339 eo
440 4283 552 4359 scripta
579 4282 704 4352 4404004
735 4282 876 4343 versibus
932 4282 1011 4360 0004
1024 4282 1113 4342 Edm.
1127 4285 1294 4345 Martenoi..
1309 4287 1327 4346 ³
1344 4279 1634 4367 monumentarii·

152 4371 347 4433 Hexametris
359 4417 366 4447 ,
380 4373 428 4432 illa
442 4375 619 4434 blaniacutio
636 4375 794 4437 tribuenda
807 4391 876 4435 esse
975 4377 1040 4436 Hoc
1061 4380 1177 4436 ratione
1200 4377 1281 4438 uitae
1308 4377 1461 4452 imbutus,
1478 4379 1558 4441 duas
1576 4387 1633 4439 rit,

152 4466 251 4526 docui.
934 4467 1093 4550 quaesere
1109 4467 1149 4528 ab
1166 4469 1302 4532 omnibus
1318 4472 1634 4548 summouentium

191 4558 383 4621 4440044448
410 4557 599 4635 Manlianus.
622 4561 718 4639 Supra
740 4560 878 4623 4404444-
914 4569 1062 4645 ¹tuntiir,
1080 4567 1186 4640 aperte
1206 4566 1399 4644 contempsit,
1426 4564 1548 4628 divitias
1572 4555 1634 4622 oili·

155 4652 283 4715 GNlUS.
857 4704 859 4715 .
936 4653 1005 4716 licet
1023 4662 1052 4718 et
1079 4658 1225 4719 honorum
1251 4657 1450 4737 cupiditatem
1479 4659 1553 4722 000
1573 4649 1633 4717 iniit

187 4746 383 4808 NlGOLAUS
402 4744 598 4817 Mutinensis,
626 4747 717 4808 40400
738 4746 879 4809 laudatus
935 4749 1221 4831 essetphilosophiae
1227 4757 1410 4832 praeceptis,
1420 4769 1478 4813 non
1490 4759 1547 4814 tom
1559 4749 1632 4826 44444·

147 4841 165 4898 a
187 4843 383 4918 bergomensi
402 4840 438 4901 ad
462 4841 498 4899 ,4.
521 4839 608 4900 4334.
631 4846 661 4899 04
682 4856 698 4899 0
717 4839 880 4900 Trithemio
936 4841 972 4901 ilo
994 4861 1086 4922 quani
1113 4843 1226 4923 000040
1248 4843 1406 4924 emolitus,
1427 4866 1493 4910 eain
1519 4846 1630 4909 0044440
