3368 5362
152 212 212 273 326

155 338 187 381 ra
211 318 279 398 ejus
301 318 440 379 babetur.
463 318 539 376 llaec
562 315 708 375 dabertus
722 314 870 375 Geriusiu

155 411 330 491 Appendioe
351 411 387 472 ad
405 412 550 472 Caveum.

196 508 225 566 8.
247 503 378 567 Tandem
390 501 562 562 Additiones
578 501 620 565 ad
634 502 806 562 Martinam
820 501 874 559 94-

154 600 254 660 444444
276 598 343 657 iuda
364 597 401 657 ab
418 613 444 656 a.
468 598 555 657 4877.
578 605 680 656 nostro
699 596 876 656 tribuuntur

157 694 289 755 Fabricio
323 708 412 770 supra
446 689 495 750 lib.
532 691 597 750 Xll.
633 706 698 767 pag.
735 687 784 749 444.
813 689 877 764 Ego

155 804 226 847 vero
257 784 391 863 taleqqid
416 802 471 846 neo
494 787 520 843 in
544 784 661 844 duabus
694 781 875 857 editionibus

155 881 291 952 Martini,
307 895 384 956 quae
395 877 432 939 ad
451 895 573 939 manum
588 885 678 950 sunt,
694 892 749 937 neo
762 878 790 934 in
803 892 876 951 quo-

152 990 242 1050 quam
264 973 321 1031 alio
338 973 467 1031 Auctore
485 972 583 1032 adnuo
608 972 719 1030 iuveni.

192 1065 208 1100 '¹
234 1065 363 1125 Annales
375 1066 534 1125 Ptolomaei
554 1065 643 1125 buius
661 1065 806 1124 Lucensis
821 1065 876 1122 Lu-

151 1158 359 1238 gdunensibus
382 1159 462 1235 typis
484 1174 612 1218 excusos
633 1157 806 1217 decurtatos
831 1172 877 1214 es·

153 1267 187 1312 aa
209 1253 258 1311 vix
280 1251 378 1311 credo.
411 1252 574 1327 Hucusque
607 1251 739 1328 integrus
766 1265 878 1325 nequa·

153 1361 243 1422 quam
266 1344 413 1422 prodiisse
435 1350 482 1402 sat
504 1345 575 1401 seio.
590 1344 694 1402 Hiatus
716 1343 795 1400 euim
816 1358 874 1400 non

94 1489 96 1494 .
158 1439 369 1516 infrequentes
398 1438 669 1514 exhibent„quos
704 1450 759 1495 uec
789 1433 878 1494 editio

152 1549 229 1594 nova
250 1534 400 1593 Muratorii
424 1532 540 1608 implet.
577 1533 634 1590 llos
668 1546 798 1605 aequare
822 1531 900 1595 Lu-¹

151 1642 273 1686 oensem
296 1628 476 1705 Scriptorem
499 1623 605 1685 decet:
624 1641 661 1682 en
681 1624 746 1682 illos
761 1640 798 1681 444
812 1637 878 1681 meo

151 1722 210 1781 tls.
232 1719 349 1780 Codice.
372 1738 438 1797 pag.
462 1719 549 1780 4805.
580 1721 686 1779 llurat.
709 1724 728 1775 4.
753 1718 793 1777 Xl
811 1721 880 1794 post

144 1813 301 1896 efficitur,
322 1813 415 1873 adde:
439 1812 482 1873 sio
509 1817 684 1871 memorata.
719 1811 790 1870 lbid.
813 1815 880 1887 post

152 1908 233 1987 quia,
256 1907 350 1968 adde:
374 1907 447 1967 talia
468 1904 594 1966 cibaria.
613 1908 680 1964 l‘ost
701 1904 785 1983 quin,
804 1902 880 1962 adde

152 1999 284 2060 delectat.
308 2000 419 2060 ibidem
442 2007 508 2077 post
524 2020 530 2057 :
547 1997 689 2071 Martini,
712 1996 809 2056 adde:
831 2012 880 2054 or-

151 2092 230 2152 dinis
252 2093 355 2152 444444.
386 2111 451 2170 pag.
476 2094 562 2153 4854.
586 2098 673 2169 post:
696 2088 801 2170 infra,
827 2089 879 2150 ad-

152 2186 190 2245 de
205 2206 212 2246 :
228 2185 366 2244 dicentur·
378 2185 549 2244 erunlsine.
567 2184 640 2244 lbid.
655 2191 721 2261 post
734 2180 878 2262 praefati,

25 2322 28 2328 -
153 2277 249 2339 adde:
271 2288 300 2337 et
323 2280 445 2338 44444444
465 2276 545 2336 uenit
564 2282 679 2336 contra.
702 2293 768 2355 pag.
790 2274 876 2337 48447.

154 2380 240 2451 post:
262 2371 405 2448 Europa,
439 2371 533 2432 adde:
557 2368 671 2449 loquor.
694 2387 759 2447 pag.
790 2370 878 2431 4868.

153 2474 240 2545 post:
263 2463 439 2539 Mediolani,
462 2464 560 2524 adde:
583 2462 710 2523 44444444.
734 2463 807 2524 lbid.
824 2479 878 2523 suo

155 2557 194 2618 ab
216 2557 328 2618 scribo:
350 2555 468 2618 abbate.
491 2558 561 2618 lbid.
585 2564 652 2635 post
683 2555 776 2616 illud:
798 2572 877 2635 qua,

151 2653 289 2713 delectus
302 2659 350 2711 est
366 2655 394 2710 in
412 2652 492 2711 odito
516 2668 569 2711 nco
591 2651 751 2728 suppletur
769 2652 798 2708 in
817 2649 876 2709 448.

151 2763 216 2824 pag.
242 2746 328 2805 4869.
363 2744 521 2805 Communi
550 2752 605 2805 eto.
636 2745 694 2804 llS.
720 2741 879 2805 Communi

123 2848 130 2860 ‘
152 2837 281 2899 Lunensi
293 2853 412 2897 roccam
429 2837 608 2916 Guidinpam
623 2836 658 2896 de
674 2836 732 2896 illis
747 2846 801 2896 eto.
821 2837 879 2896 lbi·

55 2981 57 2984 .
152 2933 183 2992 d.
204 2934 246 2993 De
266 2933 400 3006 Astano‚·
420 2936 480 2994 its.
503 2934 544 2992 De
565 2932 698 2992 Aetiona.
728 2933 800 2992 lbid.
831 2934 877 2990 Fi-

154 3025 215 3100 bio·,
234 3025 382 3103 41844444
405 3025 695 3086 eiusdem'Gaiseri:
719 3024 790 3085 ibid.
812 3024 881 3084 clia-

68 3175 71 3185 ,
153 3120 252 3179 tonius
283 3122 341 3181 lllS.
377 3118 520 3182 Ciatanis
555 3120 626 3179 ibid.
659 3121 677 3177 8
710 3117 778 3178 Kal.
807 3118 878 3180 dan.

64 3242 68 3255 ·
152 3215 210 3274 lls.
231 3215 301 3275 Octo
331 3212 457 3273 balistas
484 3214 602 3272 ianuae
624 3230 690 3292 pag.
714 3212 799 3273 4870.
822 3230 877 3291 po·

147 3304 261 3387 pultis,
289 3309 346 3368 448.
371 3304 501 3386 populns
528 3303 724 3367 renitentibus
751 3305 879 3366 inimicis

142 3401 184 3460 ‘in
218 3400 404 3460 caiitrarium
436 3405 470 3458 ut
501 3401 532 3458 in
552 3417 656 3460 eorum
674 3399 767 3480 pestis
788 3398 879 3460 conti-

153 3500 266 3564 netur,
289 3498 317 3553 44
341 3512 447 3568 manu,
475 3505 541 3574 pag.
574 3496 662 3556 4874.
695 3485 878 3567 Florentini,

151 3590 210 3650 llS.
234 3588 403 3650 Florentini
417 3594 584 3671 coeperunt.
606 3606 673 3667 pag.
697 3589 784 3649 48448.
803 3588 880 3647 944-

154 3684 293 3763 sapiam
314 3687 371 3744 llS.
394 3684 569 3763 passapium
599 3699 765 3762 paterarum
795 3679 882 3741 ultra

152 3796 238 3839 mare
269 3778 466 3859 deceptarum.
490 3796 557 3857 pag.
579 3779 665 3839 4883.
701 3773 798 3855 quod3
822 3776 879 3835 tls.

153 3870 232 3950 quad
251 3869 324 3930 collo
346 3870 475 3931 bominac
506 3868 623 3932 vexilli.
646 3870 720 3931 ibid.
748 3867 880 3928 Guidone

154 3963 212 4039 de3
234 3966 291 4024 ldS.
313 3965 348 4024 de
370 3964 521 4044 Corripio
544 3983 609 4042 pag.
634 3965 720 4025 4886.
744 3961 792 4022 Ad
807 3980 882 4041 purt-

155 4062 213 4117 tem
235 4063 365 4134 tectum',
388 4060 450 4120 lllS.
472 4061 513 4118 ad
535 4060 658 4119 Pontem
684 4057 821 4119 Anseris.
855 4076 882 4135 p.

155 4152 242 4212 4888.
264 4159 295 4210 44
316 4152 410 4212 codex
434 4155 544 4229 pariter
566 4169 652 4214 meus
675 4152 794 4214 hiulcus
821 4158 878 4209 ost.

155 4262 221 4324 pag.
245 4245 331 4317 4887.
353 4244 463 4306 devicti
481 4252 553 4306 sunt
570 4247 739 4320 Lucenses;
759 4246 818 4306 tls.
833 4243 883 4304 de-

157 4339 226 4401 uicti
247 4342 399 4402 senenses.
422 4359 488 4420 pag.
512 4342 599 4401 4889.
622 4339 790 4403 Cuiusdam
820 4341 881 4400 tls.
908 4349 915 4400 ἲ

158 4433 316 4494 cuiusdam
338 4440 467 4509 4444444,
485 4451 580 4514 quem.
603 4451 669 4511 pag.
691 4436 779 4494 4895.
811 4432 882 4513 Epi-

160 4526 258 4588 dernia
278 4527 333 4603 de,
360 4530 420 4591 lilS.
447 4527 610 4608 Epliitimia
630 4525 668 4586 de
689 4527 878 4586 Christianis.

158 4637 224 4698 pag.
248 4621 335 4681 4890.
358 4622 472 4683 44444444
489 4622 594 4682 nullus
625 4627 749 4696 apparet
770 4621 799 4677 in
821 4622 879 4680 llS.

157 4731 224 4791 pag.
248 4716 333 4774 l300.
355 4733 433 4788 uon,·
455 4716 513 4776 448.
536 4730 594 4772 non
624 4711 786 4790 donaparat
816 4714 880 4788 (sio)

197 4807 300 4877 Quoad
323 4806 456 4868 Annales
478 4809 631 4868 Lucenses
656 4812 773 4865 eertum
802 4806 881 4884 apud

160 4918 207 4961 4444
229 4900 383 4976 fixumque
398 4910 447 4962 est
463 4903 562 4964 nullos
578 4902 700 4963 dedisse
717 4898 883 4963 Ptolomae-

789 203 1027 267 9444444448

927 328 976 372 um
998 311 1036 371 ab
1050 309 1216 369 Annalibus
1243 312 1308 369 suis
1336 310 1489 373 diversos.
1507 315 1582 375 Cum
1602 336 1643 378 re·

927 422 960 465 4ο
981 405 1011 462 iu
1032 403 1166 464 Annales
1197 403 1287 463 basae
1310 407 1496 482 posteriores
1519 409 1647 486 trequen-

928 504 975 557 ter
996 500 1176 558 Lunensium
1199 513 1249 557 res
1277 496 1451 576 iu'vexerit3
1486 500 1553 561 ideo
1584 504 1646 564 iorte

927 591 1037 652 accidit
1058 597 1090 650 ut
1112 594 1265 651 Lucenses
1299 593 1432 652 annales
1468 605 1646 659 vocarentur.

930 687 1041 746 llorum
1064 700 1135 743 vero
1153 684 1317 744 Annalium
1339 684 1559 764 Lugdunensis
1572 690 1648 750 editio

929 781 999 838 anui
1015 778 1103 837 4849.
1119 794 1210 854 paras
1225 785 1255 836 et
1273 779 1356 837 solos
1373 781 1506 841 annales
1520 784 1649 843 continet.

930 872 972 931 De
994 870 1133 930 aaronica
1151 888 1222 931 vero
1238 872 1395 950 Pontificio
1418 880 1516 953 atque
1535 877 1645 956 Impera-

931 968 1028 1023 torum
1050 981 1088 1023 no
1111 965 1224 1042 syllaba
1246 966 1381 1043 quidem.
1406 968 1482 1028 Falli
1503 985 1575 1046 4444
1589 972 1649 1030 tau·

931 1058 1033 1135 nojurn
1049 1066 1169 1118 constat
1182 1075 1251 1118 oum
1270 1061 1406 1119 Annales
1424 1063 1571 1123 Ptolomai
1588 1064 1647 1140 Lug·

931 1151 1002 1212 duni
1024 1168 1153 1214 excusos
1184 1169 1307 1212 mancos
1320 1194 1325 1199 -
1340 1170 1412 1213 esse
1441 1159 1564 1234 arguit,
1584 1156 1645 1233 quod

932 1248 1127 1306 Baroniuset
1148 1248 1280 1306 Brovius
1301 1247 1456 1323 quaedam
1479 1265 1525 1309 ex·
1542 1249 1644 1309 Aauali·

931 1338 989 1398 bus
1011 1339 1070 1399 illis
1090 1342 1298 1418 excerpserint
1320 1341 1440 1401 trustra
1467 1343 1497 1401 in
1525 1344 1643 1409 excusis,

931 1434 1111 1511 quaerenda.
1135 1435 1283 1512 Excerpta
1305 1436 1390 1494 euim
1416 1435 1494 1495 baec
1515 1453 1552 1496 44
1573 1436 1643 1496 444444-

932 1529 974 1587 444
996 1528 1206 1588 Ecclesiastioa
1239 1528 1423 1604 Ptolomaei,
1447 1547 1508 1589 non
1532 1548 1597 1591 4444
1611 1548 1638 1590 44

933 1620 1100 1683 Annalibus
1118 1626 1208 1701 petita
1232 1619 1359 1682 44444.4
1476 1677 1479 1680 ,

976 1717 1055 1792 (8844.
1074 1717 1219 1776 solertiae
1234 1718 1272 1776 ol.
1293 1732 1322 1775 4.
1342 1717 1436 1777 lliob.
1455 1719 1590 1779 Ferrucoi
1602 1719 1639 1794 lq.

935 1811 964 1868 in
988 1812 1094 1870 Pisano
1125 1810 1261 1873 Atheneo
1293 1810 1484 1871 Professoris
1505 1819 1537 1872 et
1558 1812 1641 1872 Biblia

936 1904 1059 1964 thocarii
1091 1904 1237 1964 debemus
1258 1921 1275 1962 e
1298 1903 1351 1962 vili
1384 1904 1455 1965 loco
1487 1906 1638 1966 4444444444-

935 2000 1048 2057 tionem
1070 1999 1271 2058 vetustissimi
1294 1997 1418 2058 Codicis
1453 2000 1577 2060 membr.
1597 2002 1640 2060 An·

935 2095 1047 2154 nalium
1066 2092 1226 2152 Ptolomaei
1243 2094 1358 2167 nostri,
1376 2094 1432 2170 qui
1449 2110 1532 2155 nuno
1546 2096 1572 2153 in
1588 2093 1638 2153 Pub.

936 2184 1262 2247 Lucensibibliotbeoa
1278 2193 1474 2256 asservatur,
1493 2196 1524 2246 et
1538 2205 1588 2267 ope
1601 2203 1639 2246 cu-

936 2281 982 2341 ius
1005 2282 1101 2359 magis
1119 2282 1267 2358 integram
1285 2280 1456 2341 editionem
1476 2282 1588 2342 illorum
1601 2281 1640 2338 riri

933 2374 1043 2434 eruditi
1066 2375 1261 2451 impatienter
1281 2376 1467 2452 exoptanti}

976 2466 1215 2529 PTOLOMAEUS
1231 2469 1297 2529 sive
1312 2468 1342 2526 9.
1356 2466 1527 2549 ANNAEUS
1539 2466 1642 2548 Sylarnt,

938 2578 965 2621 a.
994 2561 1061 2621 tto.
1079 2561 1115 2622 ad
1135 2560 1318 2621 Eucherium
1338 2561 1529 2640 Episcopum
1547 2560 1641 2641 Lugdu·

935 2671 1063 2714 44444444
1080 2651 1274 2731 Lateroulum
1291 2655 1360 2713 aive
1379 2655 1590 2717 Calendarium
1604 2655 1642 2713 ui-

934 2750 992 2822 sit,
1015 2748 1052 2808 de
1066 2748 1203 2826 quovide
1216 2755 1500 2826 nostrumsuprat.
1516 2752 1542 2812 ll
1558 2745 1642 2828 44488

970 2842 1128 2904 9084408
1143 2846 1315 2908 94084448
1325 2840 1576 2911 ANDRELINUS
1587 2890 1593 2916 ,
1603 2845 1643 2902 44

933 2938 1103 2998 roliviensis
1120 2941 1275 3016 94444444,
1290 2939 1489 3004 Rhetorioam
1500 2949 1538 3003 'et
1554 2939 1641 3019 Spbae

934 3050 996 3095 ram
1013 3031 1115 3094 doouit
1132 3035 1161 3092 in
1174 3034 1336 3096 Academia
1352 3037 1507 3104 9444444444
1522 3041 1570 3104 ,44
1582 3028 1642 3093 Psal-

933 3146 999 3190 mus
1020 3145 1139 3206 quoque
1154 3129 1313 3189 Davidicos
1331 3130 1505 3206 explicuit,
1527 3133 1641 3188 mortuus

932 3239 959 3282 a.
982 3223 1069 3283 4548.
1085 3222 1195 3283 Conler
1212 3222 1434 3282 dictionarium
1457 3223 1628 3284 Baeliaoum.

976 3318 1002 3376 l.
1027 3313 1177 3394 Epistulae
1207 3312 1343 3375 morales
1376 3320 1407 3375 et
1431 3309 1641 3394 proverbiales,

933 3408 1056 3486 Argeut.
1075 3409 1165 3469 tart.
1188 3410 1279 3468 Basil.
1308 3410 1399 3469 4549.
1431 3411 1466 3470 lu
1497 3397 1552 3483 'eas
1581 3422 1643 3468 4444·

936 3501 1641 3581 mentatuslo.Arboreus,TbeologusParisinus

975 3597 1002 3654 8.
1025 3596 1170 3655 Poemata
1190 3613 1260 3656 cum
1282 3594 1401 3655 Comm.
1424 3595 1494 3656 lod.
1512 3594 1587 3657 Badii
1602 3591 1642 3652 As·

937 3690 1042 3748 censii.
1066 3688 1159 3764 Lugd.
1181 3687 1258 3765 apud
1282 3691 1462 3767 paganum,
1485 3695 1518 3748 et
1539 3692 1567 3748 iu
1586 3684 1644 3748 nett-

940 3785 995 3841 oiis
1014 3782 1171 3841 Poetarum
1194 3782 1348 3842 italorum.
1383 3783 1501 3845 Gallice
1532 3794 1642 3842 versat

936 3879 979 3933 lo.
1004 3877 1110 3943 94444,
1132 3877 1185 3934 Par
1209 3875 1296 3935 latit.
1317 3875 1385 3953 lpse.
1405 3872 1643 3938 AndrolinusLt·

937 3969 1001 4047 loga
1024 3971 1128 4030 XVlll.
1151 3970 1282 4042 latetur,
1302 3985 1335 4028 se
1357 3987 1373 4029 a
1392 3968 1641 4032 0444144444444

936 4080 992 4142 ge,
1014 4079 1084 4124 cum
1107 4061 1216 4123 9444444
1238 4062 1275 4121 de
1294 4063 1417 4141 Neapoli
1436 4072 1526 4142 capta
1542 4064 1640 4123 recitas·

937 4164 1007 4228 444,
1030 4173 1152 4235 sacopm
1176 4158 1323 4235 pecuniae
1340 4160 1509 4237 accepisse.

977 4249 1246 4310 Hecatodistioltun.
1270 4249 1362 4309 Paris.
1389 4251 1481 4313 4585.

976 4345 1019 4404 De
1040 4343 1225 4424 capitivitate
1247 4341 1395 4404 badonici
1413 4344 1562 4425 Ssortiae,
1578 4334 1640 4401 etde

935 4433 1418 4515 secundoviotariollleapolitana
1428 4440 1578 4498 Gesnerus
1602 4435 1641 4491 irn-

935 4547 1038 4613 pressa
1061 4547 1129 4590 esse
1151 4529 1233 4603 dicit,
1255 4546 1361 4608 quaea
1375 4533 1639 4594 mevisauonsuot

979 4623 1084 4699 Livia,
1107 4641 1166 4701 quo
1189 4626 1311 4686 nomina
1332 4628 1482 4688 amasiam
1505 4643 1583 4688 suam
1604 4638 1638 4681 co·

936 4719 1055 4791 lebrat,
1075 4717 1160 4778 libris'
1183 4719 1230 4779 lV.
1253 4718 1363 4796 prodiit
1385 4722 1478 4781 94444.
1503 4719 1584 4782 4494.

982 4811 1162 4890 Elep'iarum
1184 4808 1258 4871 iibri
1278 4812 1334 4870 444.
1358 4813 1452 4873 Paris.
1475 4815 1560 4875 4493·

978 4902 1136 4989 9444444448
1158 4901 1353 4984 Viqilantius,
1373 4903 1494 4991 Arbilla
1510 4898 1631 4984 cognomi·
