3368 5362
99 185 138 246 44
648 185 1033 249 MANEGAUDUS

98 293 213 370 positus
223 293 518 371 liciobersbcrgensis
529 293 607 372 apud
622 294 742 354 Clarias.
756 296 808 355 Pe·
902 296 1058 362 Junnotim
1072 293 1299 355 MANETTIUS.
1319 294 1412 372 Supra
1436 305 1456 356 t.
1471 299 1509 358 tv
1519 300 1590 361 att.

99 387 177 446 zium
197 393 267 445 tom.
286 387 314 444 2.
342 385 562 446 Anecdotorum
589 394 673 464 parte
691 388 719 446 2.
742 404 807 464 pag.
904 388 1131 450 MANFREDUS
1149 386 1311 461 de'Cruce,
1324 391 1518 452 Decretorum
1532 396 1591 453 Do-

99 479 164 538 494.
178 479 286 540 Conler
301 477 436 556 ejusdem
453 482 662 556 prolegomena
674 478 710 539 ad
725 480 808 539 illum
864 487 936 546 ctor.
950 481 1049 541 Abbas
1061 482 1091 540 S.
1104 479 1250 539 Ambrosii
1265 481 1505 558 mediolanensis,
1522 486 1590 544 Pbi-

97 578 292 649 tomumjpag.
308 573 419 631 XXIX.
437 589 500 648 seq.
518 579 548 632 et
565 575 696 633 Diarium
712 572 811 632 erudi·
866 573 936 650 lippi
957 574 1064 632 Mariae
1089 571 1174 632 ducis
1207 573 1438 634 Mediolanensis
1456 577 1492 635 ad
1511 579 1590 637 Con-

97 669 196 724 torum
212 665 311 724 ltaliae
328 671 389 722 tom
419 666 482 725 XV.
501 683 565 742 pag.
582 665 620 724 32
635 681 697 741 seq.
866 667 968 726 cilium
987 666 1219 725 constantiense
1243 668 1382 742 legatus,
1398 668 1487 742 cujus
1511 670 1591 729 Ora-

136 755 352 834 *opusculum
371 774 387 817 a
406 758 564 817 llluratorio
591 756 704 816 editum
724 757 809 833 longe
868 756 975 817 tionem
988 756 1030 816 od
1049 756 1276 835 sigismundum
1297 761 1377 818 Rom.
1401 761 1475 838 Imp.
1494 764 1523 818 in
1541 763 1591 821 illo

95 849 206 908 diversi
225 856 272 908 est
289 851 457 926 argumenti
475 865 509 908 ac
526 851 644 908 censuit
656 849 702 906 bic
714 848 812 907 Fabri·
868 847 998 907 Concilio
1013 864 1060 905 an.
1075 848 1162 907 4445.
1185 847 1315 906 habitam
1334 848 1428 906 edidit
1446 851 1593 909 Hermen·

96 943 170 1000 cius.
185 943 290 1001 Totum
310 944 389 1000 onim
411 943 438 998 in
457 958 492 999 eo
510 948 557 1000 est
577 948 605 1000 nt
626 940 813 1000 demonstret
869 955 927 998 nus
954 940 991 999 ab
1013 938 1110 999 llardt
1138 947 1219 998 torno
1240 940 1273 998 V.
1296 939 1437 999 historiae
1466 943 1590 1001 concilii

96 1031 175 1091 baud
195 1035 233 1092 ita
252 1032 401 1110 probanda
429 1049 496 1092 esse
524 1040 659 1092 veterum
686 1035 815 1111 Pagano-
869 1031 1111 1091 constantiensis
1134 1049 1198 1108 pag.
1223 1033 1279 1090 4449
1304 1034 1369 1091 444.

97 1144 161 1186 rum
204 1129 336 1203 scripta,
365 1133 399 1184 ut
429 1128 527 1185 omnia
557 1126 812 1185 indiscriminatim
911 1124 926 1159 *¹
947 1124 1026 1183 Obiit
1047 1140 1125 1182 anno
1144 1125 1229 1183 4425.
1250 1125 1290 1182 444
1310 1125 1357 1182 4444
1374 1125 1518 1184 nonnn'la
1539 1127 1591 1186 ba-

9 1221 14 1232 “
94 1218 292 1278 admittantur
309 1261 316 1291 ,
333 1234 401 1277 cum
429 1218 513 1296 plura
531 1220 560 1276 in
578 1220 622 1277 eis
643 1235 711 1277 esse
729 1220 813 1276 evin·
869 1218 919 1278 bet
931 1216 1093 1276 Puricellus
1108 1218 1136 1273 in
1148 1215 1267 1274 dissert.
1285 1216 1483 1276 Ambrosiana
1497 1235 1526 1276 n.
1544 1221 1589 1278 49.

95 1318 159 1385 cat,
178 1300 237 1386 qua
252 1310 441 1388 dogmatibus
464 1310 543 1368 Fidei
564 1319 682 1369 nostrae
709 1310 815 1370 adver·
909 1307 1084 1387 Fulpentius
1106 1302 1353 1379 nantuacus,
1370 1310 1506 1368 Venetus
1518 1311 1590 1370 Ord.

96 1410 212 1463 santur.
228 1405 305 1461 llaec
322 1408 424 1463 contra
448 1403 629 1462 vuilelmum
658 1419 753 1479 usquc
778 1402 814 1463 ad
870 1405 971 1463 llinor.
987 1402 1088 1479 junior
1109 1404 1159 1478 qui
1181 1418 1228 1460 an.
1254 1402 1331 1461 4666
1352 1401 1476 1478 scripsit
1493 1404 1590 1463 Erco-

96 1497 167 1573 Cap.
191 1496 299 1554 XXlll.
322 1494 533 1572 disputantur,
557 1502 621 1554 tum
645 1501 716 1554 ve'ro
743 1494 817 1555 duo·
870 1497 1002 1573 ptionem
1016 1512 1071 1572 per
1082 1495 1213 1554 edictum
1229 1494 1431 1554 cardinalium
1451 1497 1481 1553 in
1499 1512 1589 1555 causa

96 1582 153 1648 bus
171 1586 378 1645 tantummodo
396 1587 542 1664 capitibus
559 1586 596 1645 de
620 1587 718 1648 Causa
745 1587 818 1646 Gre-
872 1588 993 1646 Veneta.
1014 1587 1122 1646 Exstat
1142 1586 1220 1663 apud
1243 1586 1420 1645 Goldastum
1442 1594 1464 1645 t.
1484 1587 1514 1647 2.
1531 1591 1590 1647 llo

97 1680 172 1757 gorii
205 1680 267 1740 vll.
297 1680 414 1755 agitur,
441 1696 518 1755 quac
547 1678 691 1739 adiecisse
723 1695 756 1738 se
788 1681 816 1737 in
872 1680 1011 1739 narcbiae
1029 1680 1147 1756 lmperii
1166 1695 1231 1756 pag.
1245 1679 1311 1736 483.
1330 1680 1395 1738 485.

97 1770 815 1849 praelationeopensautborprofitetureoquod
912 1771 1142 1833 MANPllEllUS
1171 1773 1257 1829 Poeta
1286 1778 1317 1830 et
1342 1772 1589 1844 Mathematicus.

96 1865 186 1920 sciret
210 1862 386 1923 Vallelmum
415 1864 497 1921 llam.
517 1864 623 1941 Papam
641 1863 815 1939 Gregorium
871 1863 1114 1943 cujuscormina
1135 1861 1170 1921 de
1187 1867 1321 1941 computo
1350 1863 1425 1922 4444
1450 1867 1592 1942 leguntur

97 1954 209 2031 polluto
220 1971 270 2014 ore
286 1955 459 2025 lacerasse,-
481 1954 545 2014 ideo
566 1957 627 2014 ait:
649 1952 765 2033 aliquid
781 1953 817 2014 de
873 1958 909 2020 ad
930 1959 1043 2019 calcem
1066 1958 1137 2016 tomi
1162 1958 1246 2033 primi
1269 1973 1393 2033 operum
1421 1957 1520 2016 bedae
1542 1975 1591 2016 vc-

97 2044 146 2104 illo
162 2045 375 2106 adnectendum
397 2044 509 2106 dumi·
873 2052 1013 2111 nerabilis
1035 2068 1099 2127 pag.
1120 2050 1186 2109 425.
1205 2065 1267 2125 seq.
1286 2056 1317 2108 et
1334 2051 1426 2109 breve
1444 2054 1590 2128 scriptum

139 2140 398 2201 MANEGAUDUS
420 2137 521 2200 Abbos
543 2144 574 2202 S.
605 2141 760 2204 Michaelis
781 2144 818 2204 ad
873 2143 908 2204 de
926 2141 1166 2203 embolismorum
1192 2143 1310 2202 ratione
1331 2160 1396 2220 pag.
1427 2145 1495 2204 405.
1523 2144 1590 2203 452.

97 2235 208 2294 ldosam
226 2235 302 2292 circa
332 2233 387 2292 An.
418 2236 495 2295 4456
514 2233 602 2311 cuius
631 2236 762 2315 diploma
778 2236 816 2297 de
873 2237 955 2297 ldem
973 2254 1011 2296 an
1031 2235 1190 2295 veroalius
1207 2235 1406 2315 Hieronymus
1423 2237 1591 2297 444488448-

96 2325 268 2384 renovanda
287 2328 428 2386 memoria
457 2329 548 2387 Ducis
567 2329 701 2391 Vollaudi
722 2329 815 2389 edidit
873 2328 946 2391 DUS
967 2328 1099 2388 llledicus
1115 2337 1146 2386 et
1163 2328 1363 2388 astronomus
1391 2332 1590 2389 Bononiensis

97 2418 239 2479 baluzius
261 2424 332 2477 tom.
351 2420 399 2479 lV.
418 2422 499 2480 llisc.
518 2438 585 2499 pag.
603 2422 670 2482 463.
871 2423 948 2481 circa
964 2422 1019 2481 An.
1040 2423 1117 2481 4455
1134 2419 1224 2496 cujus
1238 2419 1458 2500 Centiloquium
1475 2421 1511 2481 de
1533 2426 1591 2482 444-

125 2510 222 2571 'Alius
236 2509 483 2572 aldianibus
505 2515 628 2573 Svevus
643 2532 680 2574 ex
702 2512 816 2576 Abbate
873 2512 948 2574 dicis
965 2520 993 2573 et
1013 2513 1139 2592 infirmis
1157 2512 1264 2590 prodiit
1293 2516 1441 2574 Bononiae
1466 2517 1543 2576 4483
1563 2519 1589 2575 4.

99 2601 408 2664 Gremsmiinsterensi
425 2605 591 2685 Episcopus
609 2606 816 2668 Possauiensis
871 2607 1000 2666 Norimb.
1025 2608 1101 2667 4530
1125 2609 1152 2665 8.

97 2694 152 2757 An.
172 2696 249 2756 4206
267 2697 304 2755 de
321 2713 382 2774 quo
398 2705 593 2757 monumenta
612 2699 816 2776 Tegernseen-
910 2701 1139 2760 nantiliacus
1156 2699 1191 2759 de
1214 2702 1310 2761 444444
1334 2700 1509 2778 imperiali,
1532 2705 1590 2761 444·

97 2790 140 2846 sia
158 2788 236 2865 apud
252 2787 383 2847 eundern
404 2791 524 2849 Pezium
547 2798 568 2847 t.
588 2791 605 2848 3
628 2807 656 2866 p.
674 2793 702 2850 3.
721 2791 787 2851 523.
870 2790 974 2867 dicus,
997 2794 1142 2870 scriptum
1165 2791 1201 2851 de
1222 2791 1407 2872 simplicibus
1430 2797 1458 2864 in
1483 2794 1591 2855 Codice

138 2880 185 2939 Ab
198 2880 244 2938 his
256 2881 397 2940 omnibus
409 2888 442 2942 ut
459 2882 579 2942 videtur
595 2882 736 2943 diversus
750 2886 817 2945 ΜΕ·
871 2881 961 2957 Regio
983 2883 1075 2940 Paris.
1099 2881 1165 2940 334.
1189 2882 1321 2959 Cangius
1343 2884 1471 2942 evolvit.

98 2971 302 3037 NEGALDUS
316 2974 381 3031 sive
393 2974 675 3035 MENENGALDUS
686 2979 814 3055 scriptor
912 2975 1141 3033 MANPREDUS
1158 2976 1335 3033 Potentinns
1352 2976 1417 3032 sive
1437 2975 1590 3034 Potentiae

96 3063 249 3124 Historiae
280 3061 509 3125 Ecclesiasticae
537 3069 755 3146 blanuscriptae
784 3073 812 3128 in
873 3067 902 3124 in
926 3068 1052 3126 Lucania
1087 3067 1254 3143 Episcopus
1275 3067 1332 3125 Aa.
1355 3068 1442 3127 4449.
1472 3071 1592 3144 scripsit

100 3159 190 3217 variis
207 3155 417 3231 bibliothecis,
433 3176 510 3235 quae
534 3161 656 3237 incipit:
679 3160 818 3240 Assyrio·
871 3158 965 3219 vitam
983 3157 1116 3218 Gerordi
1136 3161 1233 3217 Patria
1252 3160 1436 3235 Placentini,
1455 3163 1593 3238 Episcopi

98 3265 169 3307 rum
185 3251 297 3325 Repum
310 3250 533 3328 potentissimus
550 3251 619 3311 olim
633 3251 694 3333 suit
710 3255 815 3332 Ninus,
874 3251 1043 3322 Potentini,
1066 3250 1238 3310 decessoris
1259 3252 1327 3320 sui,
1348 3268 1438 3326 quam
1459 3254 1595 3331 vulgavit

100 3341 156 3421 qui
169 3337 276 3401 bellum
290 3341 424 3420 finitimis
451 3342 583 3423 inserens
604 3343 742 3423 liepibus.
759 3356 816 3406 etc·
875 3343 1019 3420 Ugbcllus
1041 3351 1112 3402 tom.
1135 3342 1162 3401 7.
1187 3342 1293 3402 ltaliae
1315 3359 1417 3402 sacrae
1438 3361 1505 3423 pag.
1530 3349 1594 3407 435.

98 3435 203 3494 iudice
216 3437 293 3495 Luca
311 3436 461 3495 liolstenio
478 3440 504 3512 a)
519 3443 626 3497 auctor
638 3437 752 3499 nullius
761 3439 817 3517 ju·
875 3437 942 3496 438.
965 3434 1046 3511 (edit.
1069 3436 1180 3510 primae
1199 3450 1263 3511 pag.
1283 3434 1359 3509 478.)

98 3525 171 3586 dicii
185 3543 238 3586 nee
249 3527 355 3607 pretii,
374 3545 503 3606 quorum
527 3529 682 3590 centuriae
697 3533 813 3609 reperi·
914 3526 1146 3587 MANPREDUS
1164 3525 1285 3586 Siciliae
1313 3528 1374 3585 lter
1404 3544 1483 3588 anno
1507 3530 1593 3589 4267.

98 3624 193 3679 untur
198 3622 314 3698 passim
328 3619 553 3682 mBibliotbecis
564 3621 818 3683 Monosteriorum
873 3621 1037 3690 extinctus,
1051 3616 1089 3677 de
1104 3634 1163 3694 quo
1180 3618 1351 3679 Antoninus
1368 3622 1514 3698 llongitor
1533 3631 1553 3680 t.
1566 3624 1593 3680 2.

97 3711 198 3791 qualis
216 3715 324 3773 Petrus
336 3714 498 3786 comestor,
517 3713 685 3774 Vincentius
701 3714 818 3775 844444-
874 3710 951 3770 444444.
968 3709 1084 3768 Siculae
1107 3726 1171 3786 pag.
1194 3711 1240 3770 29.
1263 3727 1326 3787 seq.
1349 3711 1424 3787 Ejus
1443 3713 1592 3792 Epistolos

97 3804 213 3875 censes,
228 3804 255 3868 bl
272 3803 386 3882 olir'que
403 3808 467 3884 ejus
483 3804 599 3885 formae
626 3821 819 3866 consumma·
873 3802 1004 3881 quinque
1019 3800 1110 3860 edidit
1130 3801 1272 3862 Baluzius
1288 3811 1358 3862 tom.
1381 3806 1405 3862 4.
1423 3808 1506 3865 Misc.
1527 3825 1593 3884 pag.

99 3899 197 3969 tores,
215 3896 271 3973 qui
282 3913 376 3975 quum
394 3896 511 3956 nullum
530 3898 594 3959 suis
612 3897 746 3961 bistoriis
763 3901 819 3960 ini-
875 3894 931 3955 475
945 3895 1014 3972 ,483.
1028 3911 1089 3970 seq.
1108 3894 1252 3970 Ejusdem
1271 3895 1440 3956 additiones
1457 3899 1496 3957 ad
1519 3902 1594 3958 44444-

97 3988 172 4048 tium
193 3989 329 4067 reperire
351 3995 485 4068 possent,
501 3986 539 4047 ab
566 3991 694 4052 exordio
712 3993 818 4053 Mundi
873 3988 1000 4048 DElllCl
1028 3989 1062 4046 ll.
1083 3989 1157 4063 imp.
1187 3987 1294 4046 librum
1313 3986 1348 4046 de
1368 3993 1436 4047 arte
1463 3991 1594 4050 cenandi

97 4079 290 4159 repetebant,
307 4088 342 4141 ut
358 4080 432 4141 mali
451 4084 557 4143 Poetae
578 4085 738 4165 Trojonum
760 4083 819 4145 bel·
875 4096 942 4139 cum
959 4077 1067 4139 ovibus
1086 4079 1132 4154 lde
1154 4094 1212 4156 quo
1228 4095 1318 4157 supra
1334 4089 1405 4139 tom.
1421 4084 1447 4144 2.
1465 4102 1494 4160 p.
1513 4088 1544 4143 64
1555 4088 1589 4156 44

99 4172 160 4233 lum
184 4174 300 4251 pemino
329 4174 491 4235 ordiuntur
507 4173 546 4234 ab
563 4194 625 4236 oco.
650 4180 739 4238 Forte
757 4177 813 4238 sub
875 4172 1009 4251 prodiere
1031 4173 1184 4247 Augustae
1205 4173 1319 4232 Vindel.
1343 4174 1429 4234 4576.
1456 4178 1542 4237 4696.
1563 4181 1590 4236 8.

96 4267 185 4345 finem
201 4266 243 4326 cd
258 4266 480 4345 particularem
496 4266 629 4348 alicujus
648 4271 747 4332 Gentis
771 4270 814 4330 44·-
873 4263 1006 4344 Epistola
1027 4263 1064 4323 dc
1088 4267 1212 4324 victoria
1242 4265 1389 4327 adversus
1422 4274 1590 4331 exercitum

98 4358 233 4434 storiam,
247 4364 275 4419 et
290 4359 332 4419 od
345 4377 402 4420 sua
421 4366 556 4439 tempora
568 4360 728 4436 delabitur,
740 4381 818 4444 quae
873 4359 968 4435 Papae
990 4355 1155 4429 4444069414ῐί
1189 4359 1237 4418 lV·
1269 4360 1347 4438 apud
1380 4364 1525 4424 BZOVium
1553 4365 1590 4425 ad

99 4452 172 4513 usui
186 4468 250 4512 esse
257 4459 379 4530 possent
394 4453 437 4513 ad
454 4451 572 4513 illorum
592 4461 756 4534 temporum
772 4473 819 4515 co·
874 4466 921 4509 an.
941 4449 1019 4509 4254
1038 4466 1067 4506 4.
1086 4453 1131 4509 Vl.

95 4544 268 4623 pnitrbnem:
280 4544 360 4622 quod
371 4544 407 4605 de
419 4547 562 4626 promimo
576 4553 607 4607 et
621 4547 652 4606 in
665 4549 822 4626 praesenti
913 4542 1142 4604 Mantuanus
1173 4543 1366 4606 Terdouensis
1387 4547 1457 4608 Ord.
1489 4552 1590 4610 llinor.

107 4635 336 4718 desperandum.
846 4689 848 4691 ,
876 4636 1048 4695 Provinciae
1062 4637 1223 4696 lanuensis
1241 4655 1274 4698 ac
1289 4639 1443 4701 custodiae
1472 4643 1593 4720 Papien-

138 4889 164 4950 a)
182 4895 294 4944 ularlum
308 4893 466 4945 crudltorum
482 4894 568 4945 itallae
583 4901 648 4945 tom.
665 4898 714 4945 xv.
736 4909 760 4957 p.
779 4895 819 4947 29.
916 4893 945 4955 b)
962 4892 1045 4942 tlultis
1061 4899 1145 4946 tamen
1162 4892 1218 4943 allis
1236 4893 1276 4944 4444
1292 4902 1412 4956 praestat.
