3658 5412
683 265 1002 330 alucinantis
1524 277 1583 340 387

132 371 349 437 8104140008
379 369 416 431 de
447 367 646 450 Stancnesbp,
673 383 812 452 corrupte
867 391 922 434 nes
943 392 960 435 a
981 375 1107 436 Tlrolosa
1123 421 1130 452 ,
1148 379 1318 442 canonicos
1340 383 1371 442 S.
1393 382 1539 459 Victoris,
1554 393 1585 446 et

91 469 131 530 ab
151 467 219 528 aliis
240 461 462 527 Straoanelliur
484 464 531 523 vel
554 462 750 528 Estraooncli
768 468 812 528 di·
866 467 988 530 editioni
1010 470 1586 556 1404040000ηεί040041044εο0404010-

93 569 185 631 0400,
207 557 325 636 Augias
345 554 416 617 Ord.
445 554 710 633 medicatorum,
733 562 812 620 circa
868 577 917 620 res
944 563 1093 622 ductores
1124 571 1291 638 memorat,
1324 565 1415 644 hujus
1448 571 1585 632 Richardi

91 671 119 714 a.
144 652 235 714 4262.
266 650 393 727 Scripsit
424 664 484 708 una
518 663 587 708 cum
621 652 744 729 lingone
775 652 812 714 de
868 653 1051 713 mentionem
1074 653 1229 715 iacientes.
1247 656 1332 718 noae
1349 659 1510 740 Georgium
1527 665 1587 724 bia·

93 743 287 820 cmyodonio
308 739 463 801 Monimou
478 739 812 822 concnaoutr·as‚quae
867 741 1049 810 4140004000
1072 746 1171 806 Scotis
1192 749 1319 809 eruditis
1340 753 1399 812 vol.
1422 752 1444 812 1.
1468 771 1495 831 p.
1518 755 1605 816 147.“’
1665 749 1670 758 '

90 834 277 915 4001400000
298 832 450 894 dicuntur.
474 834 560 893 Plura
581 834 641 895 400.
658 837 761 908 Quetil
775 837 813 897 de
906 835 1003 913 Opera
1025 838 1092 914 ejus
1114 829 1444 916 prodierunt‘Lutetiae
1463 848 1587 908 Parisio-

91 928 297 1006 Scriptoribcs
326 924 397 986 Ord.
430 925 669 987 Praedicatorum
699 930 755 989 4.4
784 947 811 1007 p.
868 945 955 1005 rum,
987 929 1088 990 studio
1121 931 1339 995 canonicorum
1371 938 1400 997 S.
1436 939 1581 1014 Victoris,

90 1022 164 1082 209.
188 1020 344 1080 Altamura
367 1035 396 1094 p.
418 1017 488 1078 104.
868 1021 1070 1098 4514400344.
1106 1023 1195 1083 4534.
1230 1027 1331 1087 Venet.
1369 1029 1457 1090 1592.
1484 1031 1585 1092 00100.

138 1111 359 1173 aletrannus
372 1108 553 1188 Siradlejus,
564 1115 592 1171 in
605 1113 716 1173 linibus
733 1113 815 1178 Wal-
869 1113 957 1174 4604.
974 1129 1009 1174 00
1026 1114 1148 1176 tandem
1172 1119 1345 1198 Rotomagi,
1364 1123 1464 1183 studio
1479 1139 1587 1184 eorun-

92 1208 151 1267 liae
178 1211 294 1275 natus,
317 1202 486 1262 monachus
509 1201 721 1264 Cisterciensis
737 1207 832 1265 llere-v
867 1205 936 1266 dem
958 1207 1199 1283 canonicorum,
1223 1212 1309 1272 4630.
1333 1213 1381 1274 iol.
1399 1217 1459 1276 iios
1475 1231 1512 1274 cx
1531 1215 1587 1276 bac

92 1296 210 1358 lordiae
233 1297 312 1355 circa
333 1311 361 1355 a.
383 1295 473 1354 4336.
502 1295 629 1371 Scripsit
660 1296 691 1356 in
723 1297 824 1358 Evan-
866 1297 1017 1370 editione,
1038 1315 1116 1376 quae
1139 1317 1198 1359 uno
1221 1308 1301 1363 tomo
1327 1309 1406 1380 (non
1444 1306 1584 1382 duobus,
1665 1357 1667 1363 .

93 1389 197 1468 pelio,
219 1389 250 1448 in
273 1386 670 1464 Orationem-Dominiram,
693 1388 723 1448 in
742 1406 811 1469 pua
867 1397 901 1450 nt
923 1391 1043 1452 Correus
1063 1393 1124 1465 ait)
1143 1394 1195 1452 sed
1219 1394 1338 1457 duabus
1359 1399 1495 1477 partibus
1515 1415 1586 1460 con·

90 1481 181 1542 adam
198 1483 313 1542 Sacrae
333 1478 511 1559 scripturae
537 1480 816 1541 4004000414υωί-
867 1489 949 1556 stat,
971 1499 1061 1558 opera
1085 1483 1221 1547 Richardi
1244 1491 1360 1566 paginis
1388 1489 1514 1567 adjectis
1541 1507 1586 1551 re-

92 1573 228 1635 44004004.
254 1572 404 1634 Lalandos
421 1587 447 1652 c.
463 1573 532 1632 336.
548 1573 675 1636 Bulaeus
690 1575 812 1636 Gerrtor.
867 1575 1070 1639 censebimus.

91 1668 127 1729 V.
150 1667 200 1727 30.
221 1669 342 1727 Pitsens
361 1681 387 1725 c.
411 1665 480 1725 310.
501 1666 568 1726 Car.
590 1666 628 1726 de
650 1666 740 1728 Visch
768 1667 815 1727 04-

91 1760 132 1820 01.
153 1761 296 1837 Scriptor.
318 1756 389 1818 0rd.
412 1757 622 1819 cisterciensis
643 1777 672 1836 p.
695 1760 763 1819 488.

132 1851 814 1929 ululantibusSyrmusanacaogtusmneo-
909 1854 951 1914 00
971 1857 1223 1917 exterminatione
1245 1857 1344 1936 mali,
1359 1863 1388 1918 el
1402 1858 1585 1938 promotione

93 1950 189 2028 lagiae
211 1948 340 2018 Ductor,
356 1944 400 2018 ab,
411 1945 538 2004 ilenrico
555 1945 590 2004 11.
609 1944 686 2004 filiae
703 1946 813 2006 laban·
869 1942 955 2020 boni,
978 1966 1005 2024 p.
1029 1951 1056 2009 1.

94 2057 151 2102 oae
171 2040 331 2101 Guilielmo
353 2037 469 2098 Siciliae
487 2038 557 2115 [tegi
576 2045 688 2115 nuptae
710 2051 813 2100 comes
909 2043 950 2101 00
970 2047 1052 2102 statu
1073 2042 1226 2104 interioris
1248 2043 1394 2118 laominr's,
1426 2044 1585 2104 Tractatus

93 2137 228 2208 missus,
262 2131 299 2192 ad
335 2131 549 2208 Episcopatum
586 2131 811 2208 Syracusanum
867 2135 923 2194 141.
949 2153 976 2212 p.
1000 2136 1049 2196 23.

93 2235 223 2288 evectos
244 2226 300 2286 luit
320 2226 398 2284 circa
419 2240 445 2283 a.
469 2225 557 2284 4481.
581 2225 708 2303 Scripsit
741 2226 814 2306 Epi·
908 2229 950 2288 00
972 2226 1138 2289 eruditione
1171 2228 1297 2292 bominis
1318 2229 1488 2306 interioris,
1516 2226 1589 2289 libri

95 2319 246 2382 stolarum
268 2315 318 2377 lib.
339 2317 365 2375 4.
386 2315 561 2394 lindolphus
581 2315 620 2402 de
640 2319 764 2394 Diccto,
782 2326 813 2380 et
869 2320 924 2379 141.
947 2338 975 2398 0.
1000 2322 1048 2382 to.

95 2430 132 2474 ex
153 2429 191 2473 eo
210 2413 329 2473 Pitseus
348 2425 375 2469 o.
398 2409 467 2469 216.
908 2413 950 2472 00
968 2415 1207 2492 praeparatione
1227 2415 1322 2474 animi
1348 2414 1391 2474 ad
1409 2413 1586 2494 contempla-

132 2503 349 2568 alemannus
372 2499 531 2575 Talboius,
553 2504 740 2565 nobilissima
767 2523 814 2566 on
871 2504 976 2566 tionem
997 2503 1094 2580 liber,
1115 2505 1212 2566 dictus
1233 2506 1390 2584 Berp'amin
1410 2505 1528 2578 liinor,
1558 2523 1585 2582 p.

95 2609 144 2661 tus
165 2595 589 2678 prosapia,Arobiepiscopus
608 2597 809 2658 Dnblinienais
865 2600 934 2659 414.
956 2598 1090 2671 Prodiit,
1114 2605 1192 2658 toste
1213 2600 1334 2670 Caeco,
1356 2597 1413 2659 sub
1442 2598 1529 2658 titulo
1551 2598 1588 2656 li·

96 2698 295 2754 coosecratus
315 2698 363 2750 est
383 2707 409 2751 a.
432 2689 520 2751 4447.
543 2691 591 2751 004
614 2707 667 2768 per
688 2691 737 2751 34.
758 2707 811 2750 00-
866 2690 909 2750 bri
933 2689 967 2750 de
987 2689 1052 2750 1444.
1076 2689 1287 2764 Patriarclris,
1309 2689 1358 2750 rel
1392 2687 1428 2750 dc
1462 2693 1588 2750 contam-

98 2802 152 2846 oos
174 2785 305 2864 praeluit
324 2783 396 2843 obiit
417 2782 446 2842 d.
469 2785 516 2844 to.
538 2784 614 2860 Aug.
637 2781 725 2844 tritt.
753 2784 813 2844 Ex·
862 2783 996 2864 piatione
1016 2782 1145 2860 nrinori,
1177 2783 1230 2844 sed
1261 2785 1326 2844 sine
1358 2783 1414 2842 loci
1446 2783 1588 2856 nomiae,

95 2886 154 2940 stat
174 2879 244 2955 ejus
265 2873 341 2935 liber
367 2875 513 2936 odoenus
543 2872 689 2936 locabam
718 2875 814 2938 Conri-
870 2877 957 2937 4494.
979 2877 1009 2938 8.
1032 2876 1069 2940 de
1089 2893 1166 2938 orca
1186 2875 1314 2956 mystico
1337 2882 1427 2936 vocat
1446 2877 1489 2934 to.
1516 2873 1590 2934 Ger·

94 2977 150 3032 400
172 2970 356 3045 Ormeniae,
377 2987 438 3048 quo
460 2969 592 3030 ostendit
624 2969 739 3030 abusus
767 2987 813 3030 re-
868 2986 921 3030 son
955 2971 993 3030 da
1026 2972 1111 3031 libris
1133 2969 1268 3048 legendis
1290 2987 1306 3029 0
1332 2967 1496 3040 nanneno,
1519 2972 1541 3025 t.
1563 2966 1589 3027 11

95 3064 316 3143 giminisejus,
330 3061 403 3122 duro
419 3061 574 3124 Hiberniae
590 3068 671 3122 esset
687 3066 814 3124 Locum·
869 3083 898 3142 p.
920 3065 991 3125 700.
1013 3071 1045 3123 04
1067 3071 1088 3123 t.
1111 3066 1152 3124 141
1177 3081 1203 3141 0.
1228 3064 1296 3124 434.

95 3165 211 3217 taneos.
236 3157 383 3216 Waraeus
413 3155 451 3216 de
482 3156 628 3234 Scriptor.
655 3156 813 3217 Hiberniae
911 3159 952 3217 00
970 3156 1076 3235 pratia
1098 3153 1352 3235 contemplationis
1370 3151 1441 3213 libri
1461 3154 1491 3212 V.
1510 3153 1592 3230 Opus

96 3250 143 3310 lib.
164 3251 201 3311 ll.
225 3265 257 3327 p.
278 3251 343 3310 431.
868 3248 1025 3329 Benjamin
1045 3250 1145 3328 major
1168 3252 1388 3326 nuncupatum,
1412 3265 1439 3323 p.
1463 3245 1529 3306 447.

133 3343 352 3404 Stellatibus
376 3343 532 3416 Tanaitas,
555 3342 615 3401 vid.
639 3342 793 3404 Cunetirrs.
911 3339 1079 3403 Nonnullae
1099 3339 1272 3417 Alleporiae
1305 3335 1507 3398 Tabernoouli
1529 3334 1592 3416 fce-

131 3433 351 3497 114041444008
385 3435 616 3517 404Ῑο04400εο,
647 3436 815 3498 monachus
868 3433 970 3507 440040,
987 3449 1055 3493 cum
1069 3430 1316 3511 recapitulatione
1330 3427 1510 3489 breuissima
1523 3441 1594 3512 con-¹
1648 3465 1652 3472 ·

97 3529 229 3607 ilnglus,
251 3530 360 3588 aetatis
383 3529 531 3602 incertae,
550 3529 672 3606 scripsit
693 3527 817 3586 Tracta·
871 3533 1019 3587 tentorum
1037 3525 1069 3585 in
1086 3525 1182 3604 Opere
1199 3521 1359 3601 depretia
1376 3517 1592 3599 contemplatio·

100 3626 160 3681 nun
188 3621 226 3682 de
256 3620 341 3681 modo
368 3619 579 3700 praedicandi.
606 3622 726 3680 Pitseus
756 3620 817 3698 Ap·
871 3620 937 3684 nis.
959 3637 988 3698 p.
1011 3620 1083 3680 041.

100 3714 185 3791 pend.
206 3716 325 3776 Centur
347 3716 396 3775 111.
419 3717 468 3775 96.
912 3713 954 3778 De
978 3711 1122 3772 Trinitate
1143 3707 1218 3770 libri
1255 3709 1304 3770 VI.
1326 3725 1392 3786 pag.
1423 3707 1493 3768 246.
1520 3719 1592 3766 cum

135 3806 749 3884 81040480080004004000,0441.00040
767 3806 818 3868 414-
872 3807 1044 3884 Commeat.
1077 3806 1138 3866 lac.
1171 3802 1276 3876 Fabri,
1296 3802 1388 3861 Paris.
1421 3814 1474 3876 por
1503 3798 1592 3859 licor.

103 3899 233 3963 claram
252 3900 290 3961 de
312 3903 421 3961 Lanato
874 3899 1088 3977 Stephanum,
1113 3897 1200 3958 4510.
1224 3897 1250 3954 4.

138 3995 354 4056 attentantis
392 3990 569 4071 Ybeolopuc,
594 3992 653 4052 vid.
686 3993 763 4053 inira
784 3991 821 4053 de
875 4017 877 4024 v
915 3992 959 4051 00
981 3988 1081 4050 tribus
1102 3985 1307 4069 appropriatis
1326 3981 1465 4044 cersona
1481 3981 1512 4041 40
1530 3979 1594 4041 04-

104 4087 133 4148 8.
156 4088 281 4150 Victorc.
875 4084 990 4157 nitate,
1013 4101 1041 4160 p.
1062 4082 1131 4142 270.

142 4181 363 4244 micantibus
382 4178 596 4258 Vapcniaccnsi
606 4225 613 4256 ,
632 4178 692 4240 vid.
709 4175 821 4239 Maide-
916 4177 958 4236 00
978 4172 1070 4236 verbo
1092 4174 1269 4247 incarnato,
1292 4189 1329 4249 p·
1343 4168 1412 4232 272.

1160 1715 1247 1773 Parte
1268 1714 1289 1772 1.

16 4269 18 4278 ’
107 4278 176 4334 abac
917 4271 960 4330 00
982 4266 1177 4328 Emmanuele
1199 4263 1273 4326 libri
1293 4265 1333 4324 11.
1357 4281 1385 4342 p·
1405 4262 1474 4322 280.

16 4881 18 4982 l

143 4365 405 4431 ntcnnnnusm
419 4367 449 4428 S.
469 4363 582 4425 Victore
596 4409 604 4438 ,
620 4363 822 4426 0044000000-
918 4364 1076 4423 Tractatum
1109 4360 1347 4440 deceptionum,
1380 4354 1435 4435 pai
1467 4352 1597 4413 continet

108 4469 173 4540 tus,
194 4463 365 4526 canonicus
386 4459 544 4538 argutaris
561 4459 590 4518 8.
609 4455 739 4518 Victoris
756 4475 822 4538 prc-
877 4457 1022 4536 orr'prnem
1043 4466 1071 4516 et
1092 4454 1299 4514 discretionem
1332 4448 1470 4518 artium,
1492 4444 1596 4504 situm·

110 4573 143 4634 pe
163 4573 266 4618 muros
287 4556 492 4626 Parisienses,
509 4568 544 4612 ac
560 4550 683 4612 demum
701 4567 754 4631 per
773 4569 824 4611 oo·
878 4567 935 4631 que
957 4556 1134 4623 terrarum,
1152 4551 1179 4606 ct
1199 4559 1348 4606 sunrmom
1376 4534 1594 4606 bisaciarum,
1655 4599 1656 4604 γ

110 4655 250 4712 aeonium
283 4651 383 4723 Prior,
407 4647 437 4708 S.
459 4643 601 4708 Beroardi
623 4651 654 4705 04
687 4643 824 4722 flugonis
879 4641 929 4704 lib.
951 4642 1000 4704 IV.
1023 4661 1051 4722 p.
1076 4641 1146 4703 343.
1168 4641 1254 4701 Hunc
1276 4635 1384 4696 librum
1418 4628 1498 4690 Sooti
1528 4641 1597 4688 esse

110 4741 145 4804 de
174 4745 203 4806 S.
237 4743 356 4804 Victore
388 4739 563 4814 remitteris,
594 4739 667 4799 obiit
687 4755 714 4798 0.
737 4736 824 4799 4473.
880 4743 970 4814 negat
989 4735 1191 4797 bellarminus
1211 4726 1411 4802 descriptor.
1430 4719 1509 4782 Eccl.
1530 4735 1598 4798 pag.

115 4835 204 4897 Vitam
220 4838 317 4916 ipsius
333 4851 375 4904 ex,
391 4834 509 4894 scriniis
522 4833 695 4894 chartarum
713 4837 745 4891 et
762 4845 824 4890 ma·
881 4829 951 4890 034.
974 4829 1044 4905 quia
1066 4827 1115 4887 lib.
1138 4825 1159 4884 1.
1186 4838 1213 4882 0.
1234 4820 1285 4880 414.
1306 4822 1385 4892 (ooo
1408 4814 1436 4872 4.
1458 4815 1493 4872 04
1513 4812 1559 4872 lo.
1580 4825 1598 4870 a

111 4931 269 5009 0000040440
288 4927 451 4992 (lodicibus
471 4924 636 5004 depromsit
657 4927 691 4985 F.
710 4921 822 4984 loban—
886 4920 1013 4982 rnatum
1034 4919 1108 4978 citet
1117 4918 1129 4992 )
1151 4916 1287 4986 ait,.suo
1307 4916 1441 4986 tempore
1457 4903 1599 4964 loannem
