3368 5362
163 195 224 254 400
767 188 909 248 troes
928 190 949 248 44
966 188 989 247 ’4
1007 187 1065 248 US

202 292 408 359 troastrres
437 295 471 355 de
499 293 727 373 Grapstiraucs,
750 294 884 371 angius,
940 296 1019 355 dinis
1056 296 1109 357 SS.
1142 296 1316 369 Trinitatis,
1351 296 1521 375 Theologus
1555 298 1637 359 044444

160 393 294 453 coenobii
317 391 531 450 Dunetmensis
563 388 731 449 monachus
757 396 788 447 et
809 388 885 449 Sub·
938 387 1139 463 oxoniensis,
1172 405 1189 447 a
1223 389 1376 449 Boniiacio
1407 389 1483 449 vm.
1514 391 1641 451 Diaconos

162 488 262 562 prior,
285 484 462 559 Theologiae
490 497 611 557 quoquo
634 482 807 556 Professor,
836 498 885 540 444.
939 479 1107 541 cardinatis
1119 481 1165 539 tit.
1181 480 1211 541 S.
1228 482 1337 542 Mariae
1356 483 1385 540 in
1406 481 1563 542 cosmedin
1577 499 1642 543 orea-

162 577 251 638 4433.
266 577 432 651 Episcopus
445 573 661 633 [iunctmeusis
675 573 793 634 electus
810 617 816 645 ,
832 591 885 651 per
938 581 1007 644 tue,
1029 574 1101 632 obiit
1121 589 1147 632 a.
1170 573 1258 635 4999.
1281 575 1445 635 Sermones
1469 574 1641 636 Dumiuieaisr

161 671 271 745 Papam
289 675 318 726 et
336 666 448 743 Regem
465 681 500 724 oa
516 664 664 740 dignitate
681 666 738 725 frui
758 684 815 726 non
836 684 886 745 po·
939 670 967 724 et
987 663 1022 725 de
1039 666 1069 724 B.
1093 664 1211 743 Virgine
1226 666 1347 742 444444,
1366 667 1398 726 in
1418 667 1643 742 ermamen-

164 763 230 821 tuit.
253 758 417 818 Historiam
444 756 597 817 Ecclesiae
617 756 827 818 Duueimeusie
847 760 885 819 ab
940 763 1030 817 ticum
1051 755 1222 818 Zachariae
1243 764 1273 818 et
1291 759 1478 837 Magistrum
1506 762 1643 822 94444044

159 854 320 929 Anonymo
335 856 472 928 coeptam
489 866 522 925 ,a
534 849 682 911 Gauirido
698 849 735 910 de
747 849 886 928 044444443-
938 866 1017 908 reim.
1032 848 1150 918 04044444
1166 850 1358 912 Athenaeum
1376 854 1545 915 Romanum
1556 872 1580 932 p.
1592 855 1644 915 584.

160 944 228 1004 ham
251 945 457 1003 continuatam
486 943 553 1019 ipse
578 959 699 1020 quoque
726 943 885 1003 continua·
979 941 1180 1003 4404444444448
1200 941 1450 1024 herefordiensis
1482 947 1644 1024 Episcopus,

159 1041 204 1096 vit
224 1037 262 1096 ab
282 1053 331 1097 an.
355 1035 529 1096 48444330
547 1050 638 1113 quam
662 1034 757 1094 edidit
775 1034 886 1094 Whar-
939 1036 1060 1094 natione
1098 1036 1317 1114 Lotharingus,
1338 1036 1423 1098 unde
1460 1040 1551 1099 etiam
1577 1038 1644 1116 hngti

158 1138 249 1190 tonus
280 1128 406 1207 hogtiae
439 1135 514 1187 tom.
537 1129 559 1188 4.
582 1145 647 1205 pag.
679 1126 748 1188 738.
775 1127 885 1189 Confer
939 1128 1037 1205 ipsum
1052 1124 1387 1209 Pobertumgborroyne
1405 1137 1528 1192 vocant.
1544 1131 1644 1192 Eiectos

157 1221 275 1283 Eudem
298 1220 436 1298 Append.
462 1219 498 1280 ad
529 1220 666 1280 caveum
690 1237 756 1299 pag.
783 1221 833 1281 84.
854 1225 885 1278 44
938 1238 965 1281 4.
987 1218 1076 1282 4079.
1098 1221 1171 1282 obiit
1201 1239 1228 1282 a.
1258 1223 1347 1283 4095.
1371 1225 1506 1302 Scripsit
1526 1221 1644 1284 (44444444

158 1315 283 1394 praeiet.
298 1314 335 1375 ad
353 1322 470 1374 tomum
487 1316 509 1374 1.
526 1313 653 1391 Angiiae
669 1315 777 1374 Sacrae
792 1331 820 1392 p.
838 1315 884 1373 49.
939 1312 1058 1373 Domini
1068 1358 1075 1387 ,
1096 1315 1162 1374 sive
1183 1315 1337 1394 Excerpta
1358 1315 1399 1376 de
1422 1317 1577 1377 chronicis
1596 1317 1645 1375 Pu-

200 1405 407 1469 ROBERTUS
428 1407 605 1480 0444444444,
624 1407 760 1485 hngtus,
784 1424 886 1467 mona·
937 1405 1024 1465 ribai
1041 1406 1141 1483 Secti,
1174 1407 1212 1467 de
1242 1408 1354 1486 quibus
1388 1409 1526 1470 ioannes
1544 1410 1643 1468 Tinna»

157 1501 235 1561 chus
255 1500 328 1561 Ord.
352 1503 384 1562 S.
407 1500 562 1562 Benedicti
590 1502 619 1559 in
648 1500 791 1560 coenobio
813 1503 886 1560 Bar·
939 1498 1061 1559 thensis
1083 1501 1112 1560 in
1138 1501 1265 1560 Historia
1286 1516 1380 1562 aurea
1404 1501 1456 1562 tib.
1479 1502 1570 1563 xxti.
1586 1517 1608 1561 c.
1622 1502 1643 1560 3.

159 1594 336 1669 dumiensi,
358 1596 439 1654 circa
460 1612 507 1654 an.
533 1593 623 1655 4380.
649 1595 777 1675 Scripsit
799 1593 885 1656 Com·
939 1588 1088 1652 liebertus
1123 1591 1354 1674 Herefordensis
1392 1593 1576 1675 Episcopus,
1598 1610 1643 1651 444

157 1687 320 1748 meritorios
337 1688 368 1747 iu
382 1692 515 1766 quatuor
530 1686 697 1765 Evangelia
711 1694 741 1748 et
756 1686 883 1750 Coacio-
939 1684 1022 1745 oium
1045 1683 1215 1746 tiberalium
1245 1687 1362 1746 ortium
1387 1687 1530 1766 peritias,
1561 1686 1642 1749 044444-

159 1796 211 1839 4444
228 1779 344 1840 variar.
365 1780 518 1841 Leiaudus
537 1797 563 1841 c.
581 1780 652 1842 897.
667 1780 796 1841 balaeus
810 1781 886 1841 Cen·
939 1793 1006 1837 com
1027 1777 1162 1839 Mariani
1181 1779 1264 1840 Secti
1278 1778 1428 1858 (4444444444
1445 1778 1641 1858 defloravit&

159 1881 219 1933 tur.
240 1874 272 1934 V.
291 1875 320 1932 4.
336 1875 455 1937 Pitseus
472 1890 498 1933 c.
519 1872 586 1934 468.
611 1873 778 1934 hebertum
798 1872 888 1933 Grai·
939 1870 1034 1949 inopis
1054 1868 1155 1932 calere
1186 1869 1329 1931 videntur
1365 1871 1547 1951 Defiorctie,
1572 1887 1639 1951 porc

159 1983 242 2025 mum
264 1974 353 2025 vocat
375 1964 442 2025 Car.
458 1966 496 2025 de
515 1966 609 2027 Visch
631 1966 668 2025 de
690 1967 887 2044 scriptoribus
941 1961 1067 2041 inperitis
1094 1962 1254 2025 voluminis
1286 1963 1427 2042 diffusio.
1460 1964 1545 2026 Addo
1572 1964 1638 2023 444444

159 2057 232 2118 Ord.
253 2060 466 2119 Cisterciensis
492 2075 559 2136 pag.
584 2058 652 2118 290.
681 2075 814 2136 eumque
841 2076 888 2118 or·
941 2056 1059 2116 Henrici
1082 2055 1243 2117 Whartuni
1265 2073 1302 2119 ex
1325 2058 1518 2135 praefatione
1546 2055 1639 2119 444444

160 2149 221 2208 dini
242 2148 440 2209 cisterciensi
462 2156 493 2209 et
512 2152 695 2209 monasterio
713 2151 889 2212 Meirosensi
941 2148 1065 2226 hugliae
1087 2165 1191 2210 sacrae
1212 2167 1240 2228 p.
1262 2151 1312 2210 94.
1336 2149 1502 2228 0444444444
1526 2151 1577 2212 4444
1594 2148 1638 2225 (ri

156 2240 320 2315 adscribit,
353 2243 495 2302 exulasse
529 2258 603 2302 vero
636 2245 666 2302 in
703 2246 889 2303 monasterio
944 2259 1010 2302 meo
1030 2240 1272 2322 fertsententrir)
1298 2242 1360 2304 iero
1392 2244 1507 2324 integri
1532 2241 1639 2306 44444444

159 2333 396 2410 Wardeniensi,
418 2342 450 2395 et
472 2344 626 2414 praeterea
653 2352 746 2416 cuper
772 2337 890 2398 scotice
944 2333 1025 2395 edita
1049 2340 1093 2395 est
1113 2334 1251 2396 04444444
1272 2338 1363 2398 4559.
1385 2342 1462 2416 iper
1481 2338 1637 2406 4444444444

158 2433 243 2488 statu
263 2428 557 2495 tibrumcarminice
581 2430 741 2507 scripsisse
762 2432 881 2490 asserit.
937 2433 967 2487 et
994 2427 1023 2487 in
1053 2427 1275 2489 414444νὶ444444
1303 2429 1451 2490 Gernren.
1479 2429 1638 2494 0404444444(

200 2520 401 2582 4400440708
421 2522 609 2594 Groesetect,
626 2524 675 2584 vet
693 2521 864 2583 Grosthead
875 2570 882 2597 ,
932 2526 1037 2600 poetes
1059 2519 1221 2582 translato.
1244 2523 1328 2584 44444
1350 2525 1577 2586 Debomtiouem
1599 2523 1638 2584 04

158 2615 231 2675 vide
252 2615 329 2674 inira
351 2612 578 2676 LiucoInieirsis.
936 2613 1018 2673 dices
1040 2615 1165 2691 quidam
1187 2615 1271 2676 MSS.
1292 2616 1438 2678 tribuunt
1459 2617 1579 2678 4444444444
1601 2617 1639 2675 Pe

197 2706 401 2768 ROBERTUS
420 2707 537 2782 Goibe,
553 2709 628 2768 alias
645 2706 681 2768 de
702 2708 784 2770 Vitre
794 2752 801 2784 ,
820 2710 883 2768 4444-
937 2708 1026 2777 14444,
1044 2709 1094 2785 qui
1117 2709 1209 2768 etiam
1232 2709 1404 2787 Episcopus
1429 2708 1639 2771 herefordiensis

159 2807 209 2870 to,
228 2798 330 2859 Abbas
349 2800 379 2859 S.
394 2801 510 2860 44444444
530 2800 759 2876 Rhedonensis,
778 2810 881 2880 postea
936 2800 1012 2876 iuit;
1035 2799 1117 2861 unde
1139 2818 1198 2861 non
1222 2800 1397 2864 mirandum
1419 2810 1491 2878 est,
1512 2800 1583 2881 qood
1600 2803 1639 2860 ttr-

157 2892 328 2968 Episcupus
356 2893 570 2967 Precorensis‚
596 2892 825 2968 iibedouensis,
851 2901 882 2955 et
935 2890 1019 2952 lacus
1040 2900 1071 2952 et
1092 2895 1210 2953 Pitseus
1231 2893 1382 2955 ambobus
1404 2895 1480 2956 iliud
1511 2910 1580 2975 opos
1599 2891 1637 2954 44

154 2983 375 3055 Nauncteusis,
391 2982 533 3045 Ludovici
546 2988 613 3047 xit.
629 2988 813 3047 Francorum
825 2988 882 3046 lie-
935 2985 1133 3061 scripserint,
1155 2986 1251 3063 magis
1272 3002 1347 3046 voro
1370 2989 1520 3050 miramur
1536 2987 1571 3049 de
1593 2986 1638 3047 Oa

156 3077 202 3152 gis
222 3073 258 3134 ad
282 3090 437 3136 summum
461 3078 636 3139 Pontificem
658 3081 811 3156 Legatos,
831 3097 882 3157 po·
936 3073 1027 3152 dioo,
1049 3079 1101 3154 qui
1124 3084 1225 3139 tamen
1249 3085 1333 3139 tomo
1355 3081 1383 3141 11
1406 3099 1437 3160 p.
1469 3081 1537 3142 704.
1563 3081 1640 3140 tomo

156 3174 270 3227 stremo
291 3167 321 3227 S.
343 3170 376 3227 44.
400 3169 433 3229 Ε.
457 3170 619 3248 Presbyter
641 3171 811 3232 Cardinatis
834 3175 879 3230 tit.
934 3167 1136 3230 clarissimum
1161 3187 1201 3230 ex
1221 3171 1388 3233 Guiiieimo
1421 3174 1641 3236 malmesburie-

157 3262 187 3320 S.
209 3260 407 3337 Anastasiae,
428 3264 550 3341 scripsit
572 3264 749 3324 Orationem
770 3262 812 3323 ad
833 3264 882 3322 444-
935 3262 960 3318 44
982 3258 1160 3322 adduxerat.
1179 3263 1310 3342 Scripsit
1327 3282 1417 3343 prino
1435 3266 1475 3328 ric
1490 3269 1642 3330 &auem

157 3352 324 3413 nocentium
343 3354 420 3414 Vm.
433 3357 516 3416 44444.
535 3354 620 3416 Ρ444.
638 3354 772 3416 habitem
789 3403 796 3433 ,
811 3373 880 3416 cum
936 3353 978 3412 444
998 3353 1142 3432 antiquae
1164 3359 1191 3414 et
1208 3372 1304 3417 novoe
1321 3355 1416 3437 lepis,
1435 3362 1587 3422 &menes
1596 3372 1640 3436 ptr

157 3449 308 3507 Francisci
323 3447 421 3508 ultimi
437 3450 609 3509 Britanniae
627 3450 719 3509 Ducis
738 3451 880 3525 nomina,
935 3446 1312 3518 oecumenicarum
1344 3449 1503 3527 44444444,
1538 3448 1643 3512 Taisiai

155 3539 253 3599 eidem
266 3540 398 3600 Pontifici
411 3542 611 3602 obedientiam
624 3541 882 3602 exhiberet.0biit
935 3536 1183 3614 mathematicos,
1206 3539 1243 3600 de
1265 3543 1386 3603 4444444
1414 3550 1560 3625 computo.
1585 3541 1641 3601 i'ide

156 3633 267 3693 Romae
283 3649 364 3694 anno
381 3633 495 3694 Christi
517 3633 606 3695 4543.
628 3632 719 3692 Haec.
742 3631 815 3693 4448.
832 3636 882 3693 ta·
934 3629 1078 3691 balaeum
1101 3633 1226 3694 centur.
1250 3635 1332 3696 Xlil.
1367 3640 1416 3699 43.
1454 3636 1643 3712 Pitsenmip·

154 3725 249 3786 cobus
270 3743 287 3786 a
310 3728 340 3786 S.
363 3728 468 3788 Caroto
490 3727 566 3787 Bibi.
589 3724 741 3785 Pontificio
764 3741 793 3802 p.
812 3725 879 3784 434.
934 3721 1135 3799 portacent.
1171 3727 1219 3786 tv.
1252 3730 1300 3789 44.
1332 3729 1443 3791 Ordini
1477 3728 1641 3794 cisterciens

156 3816 242 3878 Adde
252 3819 370 3879 Oidoini
381 3819 571 3880 Athenaeum
587 3818 754 3877 Romanum
768 3833 799 3895 p.
812 3817 879 3878 583.
934 3814 1079 3876 adscribit
1100 3819 1169 3878 Car.
1190 3819 1228 3878 de
1251 3820 1352 3880 Viscb.
1376 3839 1445 3900 pag.
1467 3824 1536 3885 990.
1563 3820 1642 3882 uesoit

198 3910 394 3974 ROBERTUS
418 3911 577 3989 Heidecot,
596 3928 650 3972 seu
672 3906 788 3971 44444444.
806 3909 880 3970 Vide
933 3928 971 3972 au
994 3911 1069 3969 satis
1086 3918 1177 3970 recte.
1192 3912 1287 3990 tgitur
1303 3913 1384 3974 alius
1403 3917 1572 3994 Episcopus
1582 3914 1640 3974 tirr-

160 4007 179 4057 t.
202 4003 250 4060 444.
270 4021 296 4078 p.
315 4004 386 4075 954.
932 4002 1116 4084 fordiensis,
1145 4009 1194 4064 est
1226 4001 1377 4068 liebertus
1398 4006 1436 4068 de
1458 4009 1581 4081 Betmre,
1600 4002 1638 4082 qui

198 4092 398 4157 ROBERTUS
430 4095 617 4169 Hardebius,
638 4096 776 4175 anglus,
804 4095 881 4156 ordi·
935 4100 964 4156 in
987 4095 1119 4157 Concilio
1135 4098 1275 4157 senensi
1290 4114 1319 4159 a.
1337 4102 1429 4161 4448.
1450 4103 1541 4175 obiit,
1559 4107 1638 4160 ctae

161 4185 208 4242 nis
240 4184 431 4248 Carmeiitani
455 4192 482 4248 in
505 4191 646 4250 coenobio
678 4190 878 4249 Lincotniensi
932 4190 983 4269 jus
1005 4192 1098 4249 vitam
1124 4190 1298 4251 Wiiteimus
1318 4194 1402 4254 Prior
1429 4190 1637 4256 Lantbooieotit

159 4277 322 4339 Monachus
343 4286 373 4340 ct
397 4282 498 4356 Prior,
516 4285 594 4343 cirea
612 4283 742 4343 44450.
761 4282 881 4359 reliquit
934 4284 1124 4360 conscripsit.
1156 4285 1246 4344 Henr.
1280 4284 1430 4346 Wharton
1466 4291 1495 4347 in
1521 4281 1635 4347 hucbrir

159 4373 318 4433 Sermones
339 4372 369 4431 in
388 4369 603 4452 festivitatibus
626 4375 757 4437 4444444.
777 4375 882 4435 Leian-
935 4380 997 4435 iae.
1016 4376 1128 4436 Usserii
1152 4378 1226 4437 44444.
1249 4376 1439 4454 dogmaticae
1464 4378 1502 4440 de
1531 4379 1633 4453 scripto

159 4463 217 4525 dus
237 4482 264 4526 c.
287 4466 354 4527 iio.
377 4465 504 4527 Baiaeus
525 4467 612 4529 Ceut.
647 4467 713 4530 th.
745 4467 793 4527 76.
824 4469 883 4527 Pit·
937 4471 978 4528 ris
998 4476 1029 4527 et
1050 4471 1144 4529 saeris
1167 4471 1342 4530 vernaculis
1364 4472 1479 4549 past.

159 4572 231 4617 sous
251 4575 278 4618 c.
300 4561 368 4621 838.
977 4560 1175 4622 440444144Τῦ5
1196 4560 1321 4634 4444444,
1351 4564 1418 4624 4444
1450 4573 1520 4624 tom.
1549 4559 1629 4635 trtp

200 4650 397 4715 ROBERTUS
431 4652 659 4734 Heipbistonus,
692 4655 762 4715 vide
790 4672 880 4734 supra
936 4650 1244 4732 sat.etrom.1.p.
1269 4656 1341 4716 884.

161 4739 306 4805 imbertus
327 4745 490 4825 Eipiistcn.
975 4747 1175 4809 ROBERTUS
1197 4745 1392 4822 Humbietou,
1413 4747 1473 4807 vid.
1493 4755 1560 4807 tom.
1587 4736 1622 4801 iii·

200 4836 398 4898 hostiaros
421 4837 604 4912 4444044444,
628 4841 795 4911 4444444445,
825 4844 878 4899 04-
937 4857 1000 4918 pag.
1024 4839 1092 4898 985.
