3368 5362
137 165 196 227 res
469 194 474 204 ·
559 115 563 121 ¹
745 159 1036 225 ntentans

170 271 359 333 Nicotaus
378 270 413 332 de
437 269 578 339 Tudesco,
600 270 778 329 Catinensis
801 271 846 329 Si·
949 269 981 328 ln
997 267 1136 346 oporibus
1151 269 1258 331 Nicoloi
1276 271 1418 331 omissus
1436 280 1484 334 est
1500 270 1572 338 liber
1582 299 1630 360 pro

131 362 413 439 cuiusdiscipulus
435 360 853 434 determinet-obaeratum
907 359 1036 424 Concilio
1057 359 1238 437 8444444444,
1260 370 1455 426 memoratus
1476 367 1630 434 Tritbemio

132 458 284 527 mit.,anus
302 455 371 515 Ord.
394 454 504 515 Bened.
524 453 852 514 lurisPontitiiciiLu-
905 472 970 533 oap.
991 453 1060 515 784.
1082 454 1171 518 deS
1194 456 1229 517 E.
1250 464 1281 516 et
1302 458 1337 517 u.
1366 456 1429 518 iss
1464 461 1630 527 4444444444-

132 566 233 609 cerno:
253 549 353 610 docuit
375 551 529 623 Calanae,
551 548 659 619 Senis,
682 548 852 607 Parmaeet
908 547 1047 608 nedictin.
1082 555 1113 607 et
1144 549 1226 610 libris
1259 549 1452 628 prohibitis
1445 570 1476 612 44
1507 557 1627 619 Romano

133 643 303 703 Bononiae:
325 645 414 703 444444
436 644 587 702 Romanae
609 639 701 699 llotae
722 639 852 713 auditor,
907 640 1008 702 indice
1026 640 1216 720 adscriptus:
1244 642 1307 704 Sed
1324 645 1472 723 vulgatus
1487 649 1556 726 plus
1571 653 1631 712 sim-

131 744 252 799 creutus
272 736 380 798 debinc
403 736 459 797 44.
497 734 584 795 4434.
622 734 852 793 Panormitanus
907 734 974 812 plici
998 736 1092 809 vice,
1114 743 1146 795 et
1167 739 1184 796 4
1205 733 1368 813 Gerbasio,
1390 757 1504 802 versus
1533 743 1630 806 Gallice

133 827 406 910 Arebiepiscopus,
432 829 469 889 ab
500 826 657 906 Alpbonso
689 825 853 904 dragouiae
907 826 1068 904 editusque
1089 829 1211 889 Parisiis
1235 829 1324 890 1697.
1346 831 1374 906 c)
1397 835 1630 911 proximeetiam

132 925 343 1003 Regcmissus
363 924 399 985 ad
428 922 592 983 Concilium
625 921 795 980 Basileense
827 921 853 993 a)
908 937 946 980 ex
965 920 1096 981 editione
1119 924 1213 981 veteri
1247 923 1441 1002 4444444444
1468 926 1526 987 44.
1548 928 1629 993 4448.

133 1017 241 1078 4444.
276 1020 364 1078 4444)
386 1018 423 1078 ab
455 1018 601 1097 4444444444
630 1015 726 1074 Felice
756 1014 854 1073 tactus
912 1013 1020 1073 iterum
1055 1014 1240 1091 vulgandas
1249 1016 1277 1093 d)
1298 1034 1369 1079 cura
1402 1019 1437 1079 V
1471 1020 1506 1080 C.
1538 1021 1632 1102 Georg.

133 1111 311 1173 Cardinalis
334 1110 412 1171 diem
435 1109 506 1169 obiit
528 1109 584 1169 dn.
607 1108 693 1170 tlte
725 1107 762 1166 dc
794 1122 853 1182 quo
908 1101 1050 1168 Ludovici
1071 1107 1188 1168 Oedcri

133 1202 292 1282 diligenter
312 1203 483 1265 Antoninus
506 1205 591 1280 illong
594 1205 650 1260 rtor
665 1207 736 1259 tom
751 1197 852 1266 484444.
948 1199 1061 1260 Omitto
1083 1203 1158 1261 alias
1179 1202 1245 1279 ejus
1280 1182 1535 1283 Disputationes,
1559 1171 1631 1269 Deci

133 1296 253 1359 Siculae
275 1314 340 1375 pag.
363 1298 411 1356 98.
433 1296 508 1373 Ejus
533 1299 655 1373 scripta:
911 1292 1009 1352 siones
1030 1296 1120 1354 Rotae
1138 1297 1304 1371 Romanae,
1328 1296 1543 1361 Conclusiones
1564 1303 1631 1379 glos

145 1424 148 1432 ι
176 1391 212 1449 444
232 1390 362 1471 quinque
384 1387 586 1450 Decretaliam
614 1386 705 1448 tidros
729 1389 857 1448 Comen·
912 1403 1014 1447 sarum
1032 1388 1312 1466 Clementiuarum,
1328 1391 1608 1455 commentorium·
1597 1415 1633 1456 m

137 1485 226 1555 taria,
249 1485 345 1544 Venet
367 1484 453 1544 4434.
476 1500 510 1544 44
532 1481 640 1542 deinde
675 1482 797 1559 saepius
828 1485 858 1537 et
912 1477 1281 1542 cbootuminDecretum.

134 1582 214 1636 inter
235 1594 342 1655 opera,
365 1594 473 1637 novem
497 1577 636 1651 al'tomis
655 1571 860 1652 junctimedi
952 1572 1089 1634 *Editio
1122 1577 1329 1636 commentarii
1363 1578 1403 1638 ab
1438 1579 1497 1640 boo
1530 1583 1634 1643 liioolao

137 1676 166 1730 44
183 1670 288 1730 Venct.
310 1670 397 1731 4647.
416 1669 463 1730 iol.
481 1669 628 1748 prioribus
639 1665 723 1727 tomis
740 1671 859 1745 septem.
918 1668 1083 1744 conscripti
1102 1668 1198 1727 multo
1217 1670 1443 1746 antiquiorem,
1462 1691 1555 1751 quam
1570 1693 1635 1754 quae

136 1763 222 1824 Adde
244 1766 412 1842 Hieronymi
436 1765 560 1824 Fautoni
579 1762 616 1822 de
632 1763 777 1833 Ferraris,
789 1761 860 1821 Ord.
918 1757 966 1818 bic
986 1760 1134 1821 indicatur
1153 1779 1170 1821 a
1188 1763 1339 1836 Fabricio,
1358 1782 1428 1825 nam
1452 1768 1533 1828 iuter
1554 1768 1635 1832 Codd.

135 1855 238 1917 Praed.
265 1856 480 1935 Compendium
520 1859 681 1916 universae
716 1857 859 1914 Lecturae
917 1853 1016 1912 Felini
1035 1855 1347 1919 MSSoceurritCod.
1367 1857 1435 1918 449.
1455 1861 1638 1923 4444444444

134 1946 259 2010 liubans
277 1951 476 2010 panormitani
499 1967 591 2027 super
608 1948 861 2022 Decretales,Ve·
910 1961 969 2024 per
990 1947 1017 2007 3.
1047 1945 1096 2006 lib.
1129 1948 1328 2010 Decretolium
1353 1949 1475 2033 tectiore
1498 1956 1637 2034 impressa

137 2049 197 2101 net.
221 2043 308 2101 4584.
332 2044 359 2100 4.
915 2040 1027 2100 Rornae
1046 2059 1100 2119 per
1126 2045 1298 2121 Magistrum
1316 2044 1481 2123 Georgium
1503 2050 1590 2110 laur.
1606 2048 1638 2109 de

180 2134 404 2196 Commentario
429 2134 460 2194 in
477 2133 626 2214 Epr'stolas
654 2133 859 2197 clementinas
915 2133 1065 2211 Herbipoli
1094 2136 1159 2196 sub.
1186 2137 1242 2196 44.
1263 2138 1350 2208 ituit.
1377 2139 1455 2200 item
1483 2141 1559 2203 Cod.
1577 2145 1636 2204 itt.

136 2233 291 2288 eteorum
311 2226 436 2307 glossas.
460 2228 550 2289 Paris.
587 2229 674 2290 4546.
709 2231 736 2288 8.
769 2235 859 2306 atque
914 2223 1221 2306 necopinantis.
1248 2229 1383 2308 supere.
1418 2233 1637 2308 Decretalium,

136 2324 214 2381 inter
230 2313 339 2400 opera,
358 2339 485 2400 quorum
499 2320 571 2383 tomi
592 2322 711 2401 septimi
741 2330 857 2401 partem
914 2319 1018 2380 Venet.
1038 2337 1091 2398 per
1110 2325 1153 2381 444.
1171 2322 1208 2382 444
1226 2322 1346 2385 Colonia
1362 2330 1393 2383 et
1409 2325 1456 2387 to.
1469 2328 1590 2390 blanteu
1603 2329 1635 2391 ds

141 2418 334 2493 posteriorem
356 2415 496 2476 absolvit.
913 2412 1083 2473 Glieretzeu
1102 2414 1160 2475 44.
1183 2417 1274 2478 4473.
1298 2417 1371 2478 Cod.
1390 2421 1460 2483 454.
1479 2420 1545 2482 cod
1568 2419 1637 2483 Abi.

175 2507 306 2570 04444444
329 2506 461 2571 CCXXV.
485 2512 552 2585 (non
575 2506 706 2572 cxvut.
731 2516 763 2570 ut
785 2509 859 2595 Lab-
915 2523 983 2588 sup.
1002 2508 1058 2567 111.
1076 2507 1277 2570 Decretolium
1298 2527 1351 2588 per
1370 2513 1415 2581 4ο.
1443 2511 1635 2576 Vindelicum

133 2603 209 2664 beus
231 2611 303 2663 tom.
325 2605 343 2664 2
366 2621 429 2682 pag.
455 2606 522 2665 443.
543 2603 580 2664 de
603 2606 632 2666 S.
657 2605 689 2664 tt.
711 2611 742 2664 ct
764 2619 853 2663 exeo
912 2602 969 2661 44.
1000 2601 1090 2663 4474.
1119 2601 1226 2665 Codice
1253 2605 1310 2664 454
1339 2600 1469 2666 rotam
1500 2605 1634 2669 Secunda

132 2696 191 2769 alii)
213 2697 304 2773 lugd,
328 2695 414 2758 4537.
439 2697 487 2756 444.
504 2704 595 2774 atque
614 2701 732 2758 intomo
749 2701 853 2757 octavo
908 2711 978 2772 pars
1004 2711 1096 2774 super
1111 2697 1244 2759 secundo
1270 2698 1473 2760 Decretalium
1494 2702 1636 2779 impressa

134 2789 277 2868 Operum.
908 2804 962 2867 per
977 2790 1021 2847 lo.
1036 2788 1073 2849 de
1089 2791 1209 2851 Colonia
1223 2798 1254 2849 et
1271 2794 1312 2851 to.
1323 2791 1467 2852 llanthen
1479 2792 1634 2855 (44844444-

174 2880 367 2957 Quaestiones
392 2885 452 2942 Vll.
478 2891 509 2943 et
531 2883 667 2961 Lugduni
688 2902 756 2945 cum
780 2886 856 2945 Con·
909 2886 1007 2941 etzern
1022 2880 1055 2942 4.
1082 2883 1265 2944 4474444444
1290 2880 1568 2965 Abbatistertiap.
1594 2903 1636 2948 se-

137 2973 226 3045 siliis,
248 2982 278 3032 et
296 2980 371 3033 tomo
388 2976 522 3056 Operum
547 2981 659 3038 octono.
914 2971 1005 3032 cundi
1029 2973 1234 3035 Decretotium
1258 2978 1362 3038 Venet.
1392 2995 1446 3055 per
1462 2979 1507 3039 to.
1527 2980 1565 3042 de
1581 2981 1634 3042 Co

176 3067 319 3145 Repetitio
338 3068 368 3128 io
382 3088 446 3150 cap.
465 3074 493 3130 9.
511 3074 565 3131 Per
578 3078 666 3144 tuas,
684 3070 718 3130 de
735 3069 861 3133 arbitrie
916 3059 991 3125 lunia
1021 3071 1216 3146 sociumque,
1236 3069 1325 3131 Anno
1354 3069 1444 3132 4476.
1466 3074 1544 3135 44444
1573 3073 1636 3139 Ccd

137 3161 183 3220 444
207 3163 253 3220 ts.
277 3162 325 3221 lib
359 3165 385 3224 4.
417 3164 615 3247 Decretalium
649 3163 780 3241 Gregorii
809 3166 861 3225 tx.
917 3159 986 3220 453.
1022 3158 1148 3223 dedatis
1176 3162 1313 3223 secunda
1344 3181 1374 3243 p.
1410 3163 1441 3224 ia
1480 3167 1637 3228 secundum

138 3271 288 3316 unacum
312 3254 527 3331 Quaestione
510 3274 539 3315 44
558 3259 711 3318 Parmensi
729 3258 862 3336 044444
917 3252 1117 3314 Decretatmm
1135 3256 1190 3316 du
1215 3257 1303 3318 4474.
1327 3260 1393 3317 sine
1423 3262 1525 3324 nom
1518 3278 1637 3340 impres·

137 3350 182 3408 sio
203 3348 364 3426 disputata.
387 3349 478 3427 Lugd
502 3350 590 3411 4587.
611 3359 642 3410 44
664 3357 739 3412 tomo
762 3358 862 3415 octavo
917 3363 994 3406 soris
1011 3356 1042 3408 et
1059 3349 1126 3410 loci
1149 3350 1224 3409 ltcm
1256 3348 1329 3412 Cod.
1362 3351 1430 3411 454.
1451 3351 1487 3410 ln
1518 3354 1575 3414 111.
1607 3353 1638 3415 u-

141 3444 283 3520 Operum
431 3481 434 3484 -
919 3436 1007 3501 brem
1027 3440 1227 3503 decretalium
1244 3444 1318 3503 Veu.
1344 3444 1397 3524 per
1417 3444 1464 3516 to.
1491 3445 1531 3506 de
1560 3449 1636 3509 Colo

176 3537 336 3597 Processere
355 3535 564 3602 iudiciarias.
587 3541 651 3599 sive
670 3540 843 3601 Proctim
833 3559 863 3601 444
919 3535 967 3593 444
990 3543 1020 3594 tl
1042 3539 1085 3595 4ο.
1105 3537 1246 3596 41444444
1266 3536 1324 3598 An
1342 3535 1431 3600 4478
1462 3539 1542 3601 item
1570 3539 1635 3602 Cod.

134 3628 269 3691 omnibus
282 3629 348 3710 fere
373 3631 476 3694 Curiis
493 3631 655 3693 obseruari
669 3632 766 3693 solito.
794 3634 863 3694 ibid.
919 3627 988 3689 457.
1003 3629 1139 3689 eiusdem
1155 3647 1246 3709 super
1262 3631 1310 3690 tv.
1330 3637 1361 3692 et
1379 3631 1413 3690 V.
1439 3634 1635 3695 Decretalium

176 3724 346 3785 Thesaurus
361 3725 563 3804 singularium
578 3725 692 3785 iniere
706 3727 857 3788 Canonico
918 3722 991 3782 Ven.
1008 3741 1061 3801 per
1078 3724 1122 3781 lo.
1140 3722 1177 3782 de
1195 3725 1318 3784 Colonia
1330 3730 1361 3782 44
1378 3725 1413 3784 Jo
1434 3726 1588 3788 llanthem
1603 3728 1632 3789 ,4.

135 3816 322 3889 decisoriam,
343 3822 534 3896 conscriptus
556 3822 584 3878 in
612 3821 743 3880 Concilio
781 3823 861 3881 Basi-
919 3816 1005 3889 4477,
1026 3818 1099 3878 item
1123 3815 1194 3878 Cod.
1227 3808 1295 3878 458.
1323 3817 1400 3878 idern
1428 3837 1505 3896 opus
1534 3822 1634 3881 Romae

137 3909 249 3980 leensi,
271 3918 302 3967 et
323 3911 490 3972 secundum
521 3912 666 3974 Ordinem
697 3913 863 3990 alphabeti·
919 3913 1149 3990 perdtagistrum
1161 3911 1321 3989 Georgium
1334 3912 1634 3992 lauadellerbipoli.

136 4017 205 4060 curn
239 4018 290 4078 pro
322 4000 441 4062 faciliori
474 4023 530 4066 usu
563 4005 737 4082 dispositus.
770 4008 862 4066 ‘tomo
917 4004 962 4064 44
996 4004 1084 4065 4475.
1104 4008 1177 4065 item
1196 4005 1347 4090 4444460.
1365 4007 1423 4068 trs.
1438 4014 1487 4066 est
1502 4004 1633 4087 sepetire

135 4094 266 4171 Operum
295 4111 383 4167 nono,
407 4115 465 4157 una
486 4117 554 4158 cum
583 4097 789 4159 additionibus
814 4103 848 4159 ta
919 4095 950 4156 io
965 4115 1032 4178 cap.
1054 4097 1189 4158 Ecclesia
1207 4099 1320 4159 Sancto
1338 4115 1391 4175 per
1413 4117 1462 4158 444
1484 4101 1548 4161 Nic.
1567 4098 1631 4161 4444

138 4187 202 4246 cobi
224 4185 321 4245 444444
349 4186 385 4245 de
420 4191 514 4249 Bottis
546 4190 581 4250 ad
615 4193 860 4264 Commentaria,
916 4192 1124 4251 litaniacensen
1147 4191 1202 4250 An.
1220 4192 1254 4250 D.
1279 4191 1367 4253 4425.
1387 4190 1419 4250 444
1443 4190 1563 4253 civitate
1587 4192 1630 4253 Se·

27 4278 30 4283 ’
138 4280 269 4340 Consilia
286 4286 316 4339 et
334 4280 620 4351 Quaestiones:nec
639 4303 696 4344 non
711 4285 862 4346 Gualvarii
918 4301 1027 4343 aarum
1062 4284 1162 4345 Altera
1192 4286 1328 4362 repetitio
1347 4286 1376 4343 44
1403 4286 1475 4364 Cap.
1495 4301 1555 4366 per
1574 4290 1629 4344 tuot

137 4373 336 4455 Bononiensis
355 4377 528 4450 repertorio,
550 4384 582 4436 44
603 4385 731 4440 44444444
749 4379 787 4440 de
805 4379 862 4440 dit·
914 4376 997 4457 sactu
1019 4378 1055 4438 ab
1076 4377 1181 4437 eodem
1202 4379 1231 4445 44
1248 4376 1349 4460 studio
1367 4381 1480 4438 44444444.
1498 4378 1534 4439 4.
1553 4376 1625 4438 etta

140 4469 264 4528 44444444
283 4468 393 4544 Legum
416 4469 642 4547 Canonumquc.
800 4466 801 4470 ’
918 4472 1007 4548 (hanc
1036 4469 1178 4530 indicavit
1206 4470 1366 4548 Fabricius)
1397 4473 1473 4541 ltem
1496 4468 1622 4551 {repetitu

181 4667 206 4726 4)
225 4674 275 4718 tac.
293 4667 409 4717 44444444
425 4668 484 4718 trist.
497 4667 558 4718 444444
571 4672 689 4720 tiussltici
707 4677 733 4720 et
751 4672 862 4721 concilii
910 4672 1040 4732 putoribus
1064 4673 1230 4719 possevinum
1247 4671 1333 4720 licebit
1350 4669 1489 4721 consulere.

136 4744 209 4793 444441.
224 4752 244 4792 t.
259 4746 283 4794 2.
303 4757 331 4806 p.
352 4742 405 4792 476.
957 4745 981 4803 c)
1000 4745 1094 4794 iaudat
1114 4751 1139 4794 et
1164 4753 1340 4805 argumentum
1357 4745 1434 4807 buius
1452 4746 1509 4795 libri
1535 4739 1619 4804 exponit

181 4816 209 4875 b)
236 4822 303 4868 44444
318 4818 455 4870 editionem
472 4822 588 4882 recenset
603 4817 726 4868 labbeus.
752 4821 864 4868 Priorem
912 4823 1035 4881 dupinius
1051 4828 1114 4870 tom.
1131 4822 1184 4868 xli.
1196 4820 1260 4869 itibl.
1278 4820 1373 4869 iterim.
1387 4832 1417 4881 p.
1430 4819 1474 4870 ss.

138 4895 255 4942 venetum
277 4893 342 4943 15445.
361 4896 529 4955 acrotomis,
555 4892 731 4944 bellarminus.
745 4898 780 4943 tte
797 4898 864 4944 4444·
957 4896 984 4949 dl
1005 4896 1058 4945 bibl
1087 4898 1258 4956 Germanique
1274 4899 1338 4943 tom.
1354 4897 1457 4946 xxviii.
1471 4909 1497 4958 p.
1511 4893 1563 4945 444.
