3368 5362
166 231 226 292 au
746 223 1118 289 auruunaus*
1198 179 1202 186 ¹

95 352 97 354 ’
207 341 236 397 2.
259 337 300 396 lte
320 334 440 411 Virgine
462 333 575 394 Maria.
594 332 683 392 Paris.
702 335 789 394 titas.
803 336 885 394 llanc
981 332 1201 395 lldlllllllllUS
1225 331 1416 408 Manlianus,
1439 332 1559 410 Gallus,
1578 341 1639 396 vixit

166 431 449 508 contemplationem
481 427 519 486 ab
546 426 704 486 haereticis
727 429 754 485 in
778 427 885 486 Ortho-
941 427 1125 504 temporibus
1152 427 1247 487 Caroli
1270 424 1346 488 lllll.
1368 434 1403 486 et
1425 428 1563 497 ludovici
1589 432 1640 490 llll.

167 524 424 603 doxograplrorum
447 519 577 579 editione
595 522 737 579 omissam
754 536 824 579 esse
842 523 886 577 ia·
941 521 1067 596 Scripsit
1080 520 1312 600 Descriptionem
1332 525 1472 580 aeterum
1489 520 1597 582 Galliae
1610 521 1641 582 lc

170 619 310 697 dignatur
326 616 509 690 Margarinas
526 612 564 671 de
582 614 608 672 la
627 616 737 688 Bigne,
761 613 885 690 ideoque
940 629 1061 686 eorum,
1082 610 1204 672 urbium
1220 661 1227 688 ,
1246 610 1449 691 papularum,
1468 613 1639 674 montiunac

169 714 197 769 in
221 708 370 767 indicibus
391 706 531 764 editionis
553 704 705 764 secundae
727 706 885 765 liibliotbe·
937 704 1119 783 fluuiorum,
1135 723 1261 783 quorum
1279 705 1359 782 apud
1377 708 1544 766 Caesarem
1557 716 1584 767 et
1596 711 1640 768 la

166 819 219 863 cae
232 805 351 862 Patrum
365 818 381 859 a
395 817 427 858 sc
438 799 537 880 editae
550 797 739 856 inserendam
756 800 883 859 censuit.
940 801 1033 858 citum
1059 801 1171 858 mentio
1194 799 1247 871 srt,
1268 799 1376 858 ordine
1393 800 1639 877 alphabeticum

206 897 233 954 3.
258 895 298 953 lle
319 899 401 954 statu
417 891 554 969 relipioso
577 889 651 950 libri
671 893 725 950 lll.
938 891 1119 951 editionibus
1141 893 1219 951 tulii¹
1232 891 1371 951 Caesaris
1393 892 1517 953 annecti
1529 894 1605 966 solet,
1617 901 1642 954 at

86 999 88 1002 ’
208 993 234 1048 4.
257 987 298 1047 De
321 985 412 1046 Oculo
433 980 605 1064 spirituali,
628 989 694 1044 sive
713 983 803 1045 Oculo
820 1002 883 1063 my·
938 985 1068 1044 Verretae
1100 1002 1152 1062 per
1184 985 1329 1044 Theodor.
1362 983 1403 1044 de
1431 987 1639 1064 Ragazoaibus‚

164 1079 257 1153 stica,
278 1081 384 1139 loanni
406 1080 558 1140 Cuallensi
578 1079 727 1140 tribuitur.
743 1078 817 1138 Vide
832 1095 882 1139 su·
942 1078 1026 1136 llllll.
1050 1079 1098 1138 lol.
1121 1079 1183 1139 Sub
1205 1078 1295 1137 verbo
1329 1077 1399 1154 Boji
1419 1087 1543 1157 tempus
1567 1097 1639 1140 suurn

163 1179 259 1251 prat.
282 1174 330 1232 lll.
354 1190 382 1249 p.
406 1173 470 1231 403.

204 1264 333 1345 Rmulne
355 1263 561 1333 Christianam
581 1263 674 1333 nitom
692 1262 882 1343 complecten-

166 1368 227 1437 tes,
245 1367 274 1420 et
291 1357 499 1439 Paropbrasis
515 1358 546 1439 in
560 1354 716 1417 Psalmnm
732 1357 792 1416 XV.
809 1364 883 1416 sunt

164 1456 287 1516 loannis
306 1455 363 1513 Pici
379 1451 587 1524 Mirandulaai,
606 1451 683 1509 inter
704 1450 792 1526 cuius
813 1467 883 1526 ope-

165 1553 346 1610 resistant
371 1545 444 1605 Vide
465 1561 555 1621 supra
579 1551 599 1601 t.
622 1545 668 1603 lll.
688 1561 715 1621 p.
740 1545 805 1602 404.

24 1594 33 1601 ⁸
111 1673 117 1679 ·
204 1638 423 1702 lldlblUNDUS
444 1636 569 1713 bullus,
591 1655 681 1714 supra
704 1637 753 1696 lib.
778 1638 825 1696 lv.
850 1654 877 1713 p.

166 1737 233 1796 titt.
255 1737 331 1794 Tres
348 1731 500 1811 Epistulae
522 1732 600 1791 illias
621 1730 657 1791 ad
682 1733 791 1806 Regem
814 1729 882 1789 Gal-

165 1829 239 1901 liae,
265 1828 301 1887 ad
334 1829 463 1887 amicum
479 1864 494 1898 ,·
508 1833 539 1883 et
560 1824 752 1884 Academiam
777 1825 883 1883 Parisi-

165 1938 254 1996 aam,
286 1921 396 1998 quibus
426 1919 463 1978 ad
497 1917 682 1978 laudandum
715 1917 879 1993 Collegium

164 2016 332 2092 linguarum
359 2012 549 2072 orientalium
575 2011 735 2084 bortatur,
758 2016 881 2070 exstant

164 2111 193 2166 in
215 2111 346 2169 Murteae
367 2113 398 2166 et
420 2103 540 2169 Duraud
563 2104 651 2163 Thes.
676 2120 754 2163 novo
784 2105 881 2163 direc-

162 2200 222 2260 dot.
246 2202 265 2260 l.
290 2219 318 2277 p.
341 2201 429 2260 4345.

74 2319 78 2325 ·
203 2294 220 2329 '¹
237 2294 369 2370 Operum
387 2292 576 2370 quorundam
598 2291 672 2351 Lulli
696 2292 773 2351 tituli
797 2290 899 2361 enhi-¹

163 2390 272 2448 beatur
296 2404 313 2447 a
338 2387 364 2446 cl
403 2387 502 2447 Lamio
520 2388 548 2444 in
566 2385 706 2463 Catalogo
731 2386 803 2446 tiss
835 2387 880 2446 Bi-

41 2492 42 2496 ’
132 2553 137 2561 1
162 2482 265 2542 blioth.
280 2480 490 2541 Riecardianaa
507 2479 659 2556 pugeio.
676 2496 803 2557 quorum
822 2480 880 2538 sal·

163 2581 224 2634 tem
246 2575 457 2634 nonnullorum
470 2573 598 2648 cognitio
609 2571 744 2631 eruditos
757 2572 881 2648 ingerat.

152 2671 210 2728 ¹Ea
233 2670 314 2727 illos:
333 2665 526 2744 soliloquium
545 2663 750 2742 Philosophiae
766 2663 876 2740 maius.

163 2759 252 2820 Liber
267 2759 341 2819 lucis
359 2759 587 2818 Mercuriorum.
618 2758 658 2815 De
679 2756 879 2816 accertatioue

164 2851 282 2930 lapidis.
303 2855 343 2911 lte
358 2851 456 2929 lapide
469 2850 585 2930 phisico
601 2847 747 2909 minorati.
764 2849 823 2910 Ars
836 2850 879 2908 in-

163 2943 338 3006 tellectualis
354 2962 408 3005 seu
429 2943 530 3021 Magia
550 2961 660 3023 porea.
676 2942 784 3019 Animo
801 2944 879 3004 ortis

164 3038 410 3098 trasmutatoriae
427 3035 623 3111 metallorum.
648 3036 694 3118 ,lte
722 3035 878 3113 investiga·

164 3134 240 3191 tione
261 3133 352 3192 vitoe.
378 3128 544 3190 Elucidatio
580 3131 670 3189 totius
695 3130 878 3189 Testamenti.

165 3226 245 3304 Opus
272 3223 512 3304 margaritarum
552 3221 627 3283 Vade
658 3240 773 3283 meeum
801 3224 879 3300 artis

162 3317 392 3397 compeudiosae.
406 3319 447 3377 lle
463 3316 598 3378 terminis
609 3315 719 3376 militis.
732 3315 880 3396 Epistulae

162 3420 224 3473 tres
249 3412 284 3471 de
300 3419 368 3470 orte
384 3409 548 3471 dlcltirniae
579 3411 793 3471 Testamentum
809 3410 879 3470 ulti·

161 3525 278 3568 munna
299 3505 472 3577 linimundi,
486 3509 561 3583 llepe
580 3503 698 3566 Curato.
723 3503 768 3563 De
784 3505 878 3564 mira-

163 3598 271 3661 bilibus
285 3598 376 3660 rebus
392 3599 490 3660 versio
508 3617 550 3658 eac
561 3614 671 3677 graeco
698 3597 726 3656 in
739 3596 879 3656 'latinum

162 3695 269 3775 perC.
291 3694 494 3771 V.D.llapm.
516 3691 657 3752 Latium.
679 3692 798 3749 ...De
825 3689 881 3750 mi-⁴

162 3785 312 3847 rabilibus
330 3784 421 3846 rebus
442 3785 484 3845 art
506 3782 572 3844 nob.
590 3790 616 3844 et
633 3783 749 3843 doctum
766 3801 795 3844 v.
812 3783 880 3842 Hie-

124 3888 129 3899 '
163 3899 229 3940 rori.
249 3881 457 3957 Callapnetum
485 3877 697 3957 compendium
712 3877 754 3936 ort
767 3894 878 3956 campo·

165 3974 298 4033 sitionem
314 3975 342 4032 iu
360 3973 488 4053 lapidem
515 3971 760 4051 Philosophorum
777 3970 880 4031 Astro-

165 4063 262 4142 loqia,
291 4071 318 4123 et
345 4071 460 4124 secreto
487 4064 528 4123 ud
559 4063 736 4124 Editordum
766 4067 881 4141 lienem.

169 4156 274 4216 Oratio
290 4156 331 4214 ad
346 4140 373 4214 l.
391 4157 544 4219 Christum
568 4165 636 4218 ante
650 4156 878 4235 descriptionem

165 4243 286 4328 aequae
298 4250 379 4308 vitoe
396 4250 562 4310 recitanda.
577 4254 656 4311 llaec
676 4253 704 4309 in
724 4248 882 4312 codicibus

938 1172 1059 1239 innuit,
1081 1171 1128 1232 ubi
1162 1178 1257 1231 terras
1278 1173 1457 1243 meminit,
1479 1188 1555 1251 quas
1573 1172 1639 1232 node

938 1263 1147 1341 sigismundus
1179 1265 1252 1339 ltux
1283 1264 1433 1324 Austriae
1451 1265 1587 1343 possidet
1605 1267 1642 1325 li·

938 1360 982 1417 xit
1003 1359 1093 1435 igitur
1113 1364 1274 1434 antequam
1293 1358 1518 1435 sigismundus
1537 1359 1639 1437 dignita·

938 1459 998 1510 tem
1023 1451 1247 1528 imperatoriam
1271 1455 1517 1512 nancisceretur.
1537 1453 1638 1513 Caetera

938 1544 1004 1620 ejas
1026 1544 1085 1604 huo
1106 1545 1179 1604 dum
1202 1543 1353 1621 incognita
1377 1553 1465 1605 sunt

978 1637 1197 1722 lldllilllt'lllls
1217 1637 1352 1709 Martini,
1368 1639 1639 1715 Subinatensls,li›o

937 1731 985 1791 dia
1002 1730 1144 1793 subirato
1163 1731 1296 1805 dicitur,
1320 1732 1396 1792 urbs
1418 1735 1638 1810 Catalonianlor·

939 1825 1018 1884 dinis
1041 1824 1280 1886 Praedicatorum
1299 1827 1329 1883 in
1345 1833 1509 1908 conventu
1528 1828 1638 1888 Bardna

939 1922 1033 1980 nensi.
1066 1923 1220 1994 Fuerunt,
1242 1920 1294 1997 qul
1318 1921 1423 1997 ipsum
1452 1920 1636 1982 lix-ludaeurn

937 2016 1189 2092 pronunciarent,
1220 2015 1312 2073 etiam
1344 2030 1387 2074 ex
1420 2013 1638 2094 antiquioribus,

937 2107 989 2168 sed
1013 2115 1094 2168 recte
1128 2124 1179 2168 eos
1210 2108 1310 2184 arguit·
1330 2108 1408 2167 llev.
1432 2108 1560 2170 Wollius
1583 2106 1638 2168 ltilrl.

937 2199 1023 2260 llebr.
1047 2208 1118 2260 tom.
1142 2201 1179 2260 lll
1204 2218 1230 2278 p.
1254 2201 1325 2259 989.
1346 2216 1436 2279 seqq.
1462 2203 1639 2281 Suspicione

937 2300 998 2353 tius
1032 2293 1220 2374 quorundam
1245 2295 1322 2369 lult,
1343 2298 1419 2372 quia
1453 2297 1485 2356 in
1518 2296 1636 2357 librorum

936 2386 1164 2447 liabbinicnrum
1183 2387 1330 2461 lectione,
1351 2390 1378 2448 si
1403 2391 1564 2468 quisquam
1577 2388 1639 2448 alius

937 2480 992 2540 luit
1004 2481 1309 2563 versatissimuslllo
1326 2482 1562 2561 enim'tempo‘re
1577 2483 1637 2558 ltop

934 2572 1064 2633 mundus
1081 2573 1117 2633 de
1136 2572 1318 2653 Peuuosorti,
1340 2574 1506 2637 Generalis
1521 2575 1581 2636 ord.
1596 2576 1640 2634 ne

936 2669 1174 2742 minicaaarnm,
1207 2680 1278 2728 suos
1306 2669 1344 2729 ad
1381 2671 1459 2731 baec
1491 2671 1637 2732 stadiorum

934 2776 1043 2837 genera
1057 2760 1211 2820 tractanda
1221 2759 1309 2837 jussu
1323 2765 1406 2840 regio
1421 2766 1574 2824 excitarat
1586 2763 1638 2839 lpon

934 2868 1053 2929 quoque
1069 2854 1267 2930 Raymundus
1280 2863 1386 2915 noster
1397 2872 1472 2916 cum
1485 2856 1571 2919 Paulo
1580 2870 1638 2932 qun-

934 2945 1003 3004 dam
1026 2946 1207 3007 En-Judaeo·
1219 2948 1340 3008 codices
1362 2949 1524 3011 hebraicos
1542 2965 1590 3029 per
1606 2953 1640 3006 tu

935 3045 995 3097 tam
1010 3042 1194 3116 provinciam
1210 3043 1400 3119 conquisitos
1416 3044 1447 3102 ia
1465 3056 1637 3111 usumsuun

935 3137 1094 3192 convertit.
1127 3137 1261 3195 llortuus
1275 3141 1329 3194 'est
1351 3142 1424 3213 post
1446 3153 1476 3198 a.
1498 3136 1582 3198 taso.
1603 3133 1639 3193 lix

935 3227 1056 3304 scriptis
1077 3226 1143 3302 ejas
1165 3235 1233 3287 nota
1255 3235 1338 3288 suat.

976 3323 1002 3378 4.
1027 3319 1121 3397 Pupio
1135 3320 1207 3400 fidei
1221 3321 1374 3383 aduersus
1397 3323 1532 3386 Mauros
1556 3331 1583 3385 ct
1598 3321 1640 3380 lu·

934 3410 1043 3486 dacos,
1064 3415 1149 3491 Opus
1184 3418 1339 3493 quantivis
1361 3422 1477 3495 pretii
1503 3420 1640 3496 hasprae

935 3509 1021 3584 cipue
1043 3507 1080 3566 de
1101 3525 1229 3580 caussa,
1250 3513 1320 3587 quia
1344 3514 1463 3574 multos
1478 3514 1595 3574 exhibet
1608 3515 1641 3568 te

935 3607 1008 3659 xtus
1024 3599 1165 3661 Codicum
1184 3603 1400 3689 ludaicorum,
1418 3620 1501 3685 quos
1518 3604 1640 3686 poster&

935 3709 1000 3752 rum
1022 3700 1192 3771 temporum
1207 3695 1318 3778 ludaei
1342 3699 1372 3756 in
1396 3697 1579 3760 editionibus
1596 3699 1637 3754 iu-

936 3789 1050 3864 pressis
1067 3789 1249 3850 ‘omiserunt
1266 3791 1398 3868 Scripsit
1419 3804 1497 3855 eum
1511 3794 1608 3854 librum
1621 3804 1640 3847 t·

935 3880 967 3940 G.
991 3880 1078 3941 ists.
1098 3888 1132 3941 ut
1154 3883 1216 3959 ipse
1237 3885 1337 3945 innuit
1361 3891 1442 3962 part.
1466 3889 1506 3948 ll.
1524 3903 1584 3965 cap
1602 3879 1637 3943 ll.

936 3993 965 4033 a.
1000 3977 1048 4034 44.
1079 3975 1187 4035 Editus
1218 3982 1266 4035 est
1294 3979 1426 4055 primum
1451 3998 1470 4042 a
1492 3984 1554 4043 lac
1581 3975 1637 4039 l’bil

935 4069 1090 4129 llaussaco
1111 4070 1292 4147 etlosepbo
1313 4070 1351 4137 de
1375 4073 1503 4143 Voisia,
1519 4071 1639 4136 cumba·

933 4158 984 4237 jus
1005 4161 1284 4237 observationibus,
1304 4165 1398 4224 Paris.
1418 4168 1510 4230 tuat.
1528 4153 1643 4244 tapsi.

937 4255 998 4333 Lip.
1023 4254 1109 4317 4687.
1139 4257 1188 4316 iol.
1219 4272 1290 4316 cura
1312 4258 1356 4316 lo.
1380 4261 1456 4320 Ben.
1480 4260 1637 4341 manvi.

167 4338 349 4422 quibusdum
372 4344 570 4404 Riccardianis
587 4347 706 4406 servari
729 4345 807 4405 idem
829 4347 882 4406 La·
935 4350 986 4426 qui
1008 4347 1262 4410 introductionem
1283 4349 1321 4410 ad
1342 4351 1539 4432 Theologiam
1557 4352 1636 4414 tadei

158 4441 246 4498 ,mins
264 4435 371 4496 ibidem
391 4436 621 4497 testamcutum
638 4455 710 4499 vero
727 4441 756 4497 ia
774 4439 879 4499 eodem
935 4457 1000 4501 cam
1023 4444 1185 4519 praemisit.
1219 4444 1298 4503 Usus
1327 4450 1377 4504 est
1409 4448 1462 4507 illo
1494 4448 1636 4509 Pomanus

166 4531 248 4609 operi
267 4529 379 4590 indicat
396 4520 501 4590 alium'
517 4527 649 4589 codicem
665 4573 671 4603 ,
690 4533 718 4590 in
748 4547 808 4608 quo
834 4540 881 4592 est
936 4534 1125 4609 salvaticos,
1148 4543 1236 4613 prout
1257 4554 1347 4616 supra
1382 4525 1634 4615 monumnenta

165 4626 302 4704 ejusdem
328 4623 498 4705 liaymnadi
527 4639 602 4702 opus
623 4626 833 4704 Theologicum
850 4635 882 4687 et
936 4644 994 4687 noa
1017 4629 1124 4689 Petrus
1140 4628 1426 4710 Galaticus,quus
1447 4637 1574 4714 plagium
1589 4645 1634 4690 non

167 4719 404 4796 philosophicum
428 4718 624 4795 inscriptum:
642 4719 881 4780 Fundamentum
936 4728 983 4780 est
1000 4723 1208 4784 excusandum

168 4811 245 4871 artis
258 4809 407 4886 generatis
424 4810 465 4869 od
478 4810 534 4870 Dei
550 4808 676 4884 lotidem,
689 4813 880 4889 captationem
974 4815 1001 4873 2.
1024 4817 1165 4876 Summae
1195 4820 1301 4876 contra
1331 4815 1537 4888 deonantum,
1569 4810 1630 4891 quod

169 4904 390 4962 etcinerem*
842 4980 846 4989 1
935 4922 1010 4982 opus
1033 4909 1165 4970 nondum
1187 4917 1235 4972 cst
1255 4910 1381 4970 editum.
