3568 5414
274 183 333 246 tus
965 185 1074 245 0D0

310 291 327 326 ⁴⁸
349 291 443 352 liuius
468 291 578 370 pariter
604 289 716 350 Odonis
747 307 815 350 esse
845 298 989 354 censetur
1045 292 1106 352 iere
1127 308 1215 370 pares
1234 292 1330 353 iacere
1351 307 1383 352 se
1408 297 1533 370 44444444
1550 297 1591 352 est
1614 293 1709 371 Spina

269 385 405 449 collectio
419 399 567 446 canonum
585 383 637 444 tx.
651 380 772 444 concilii
792 387 990 465 Pontigoneu-
1044 403 1103 465 pus
1123 385 1319 450 Londinensis
1340 379 1532 466 Siocholegus
1549 383 1710 466 444444444-

271 480 313 538 444
334 495 383 539 44.
403 477 469 538 876,
483 475 604 537 habita:
624 492 715 554 quam
738 472 821 555 legas
842 495 889 556 ap.
915 478 989 540 Lab·
1044 477 1138 554 dum,
1159 495 1223 556 cap.
1246 480 1314 539 480.

269 571 359 632 heum
381 579 453 632 tom.
485 569 527 630 Xl
560 571 691 631 Venetae
718 571 858 632 editionis
879 589 908 649 p.
928 572 987 632 483
1087 570 1223 634 44444444
1243 589 1333 653 super
1349 570 1482 634 Psalmos
1501 573 1577 634 uss,
1593 573 1680 638 Oxubii
1689 575 1713 648 in

245 717 249 722 .
271 671 342 728 sont
362 666 412 742 qui
435 663 490 723 bos
512 663 652 724 Conones
673 681 726 743 pro
741 664 872 725 Concilio
895 663 988 725 lectos
1045 665 1120 726 Sibi.
1142 667 1321 726 Balliniensi.

269 765 300 820 et
319 757 497 836 approbatos
514 763 684 831 acescens,
706 757 755 817 4444
778 774 850 818 vero
872 757 988 820 malunt
1087 760 1229 823 Humiliae
1252 758 1283 818 in
1298 757 1413 839 ah'puot
1430 759 1639 822 4444444444.
1657 760 1717 820 lide

268 853 370 913 insciis
391 851 529 914 Patribus
547 849 713 940 prod'iisse3
736 864 794 928 que
811 849 848 910 de
865 868 897 910 re
919 849 988 910 vide
1046 855 1243 915 possevinum
1266 853 1294 911 in
1316 851 1418 912 Odone
1438 850 1549 914 4444444
1567 851 1655 932 44344.

267 945 417 1008 44444444
435 943 692 1006 llist.Callicenae
711 943 857 1004 4444444444
879 951 899 1004 4.
922 944 987 1022 Vp.
1084 946 1297 1014 commentarii
1309 942 1569 1024 ian.Euar19eliu
1581 947 1649 1008 uss.
1663 943 1717 1006 ibid.

267 1040 336 1102 533.
349 1040 400 1115 qui
418 1045 450 1098 44
468 1043 574 1098 notant
595 1035 704 1095 obiisse
725 1035 805 1096 bunc
816 1034 987 1098 Praesulem
1084 1037 1120 1096 In
1142 1035 1291 1117 Epistulas
1313 1033 1410 1098 Pauli.
1502 1079 1507 1088 .

266 1132 376 1193 an.88t
392 1129 670 1206 die,utNecrologia
683 1129 988 1191 4444443844444444.
1084 1132 1241 1192 samanae
1261 1145 1352 1211 super
1371 1128 1534 1210 annpelia
1560 1131 1720 1192 Dominioelia

309 1225 388 1286 ODO
408 1219 652 1310 Cameracensis,
667 1235 780 1300 supra,
809 1220 870 1282 Odo
890 1221 988 1284 Aure·
1043 1228 1076 1283 44
1096 1226 1173 1284 insta
1198 1223 1386 1284 Sanctorum.
1418 1225 1601 1302 blanuscripti
1620 1225 1644 1284 in
1661 1223 1718 1284 4444.

270 1315 421 1394 liuuensis.
726 1385 732 1396 ,
1043 1314 1719 1396 bodleianaConcionessuperEpistularetism

307 1410 385 1471 ubo
399 1408 567 1471 canonicus
579 1408 733 1488 Regularis
742 1411 821 1470 circa
834 1407 910 1470 444
920 1408 986 1470 464.
1041 1425 1080 1470 ex
1101 1410 1181 1471 Belei
1204 1408 1238 1468 ll.
1262 1409 1310 1468 97.
1332 1411 1449 1470 Pitseus
1465 1428 1493 1488 p.
1510 1409 1577 1472 347.
1595 1413 1720 1470 memorat

267 1501 356 1581 cujus
369 1501 520 1581 Epistulas
539 1503 602 1563 VII.
621 1501 716 1562 edidit
734 1501 898 1564 0444444444
914 1509 985 1562 tom.
1082 1503 1169 1564 Liber
1188 1501 1225 1562 do
1247 1501 1410 1582 inventione
1430 1503 1460 1564 S.
1481 1500 1647 1582 4444444444
1660 1499 1720 1562 lide

267 1597 298 1658 2.
319 1595 449 1673 spicileg.
463 1613 491 1674 p.
505 1595 575 1660 233.
598 1599 681 1672 (toni.
703 1596 722 1655 3
742 1594 813 1656 edit.
839 1611 934 1655 novae
956 1613 985 1673 p.
1044 1602 1147 1656 444444
1170 1596 1246 1656 44444
1268 1597 1296 1654 44
1320 1593 1416 1656 oona
1438 1593 1628 1657 castillionem

268 1689 338 1766 529)
361 1689 465 1769 plenas
495 1690 664 1767 praeceptis
680 1695 772 1766 atque
800 1688 921 1748 monitis
947 1687 985 1748 de
1043 1680 1047 1690 ’
1083 1689 1161 1749 Libri
1184 1690 1238 1749 ΙΙΙ..
1254 1688 1290 1748 de
1310 1683 1390 1749 Vitiis
1407 1687 1607 1763 etairtutihus
1621 1685 1721 1747 unione

265 1783 457 1846 observantia
487 1782 654 1844 canonicae
682 1782 879 1856 Proiessionis
900 1787 983 1842 recte
1083 1781 1128 1842 De
1147 1778 1282 1842 moribus
1299 1780 1522 1844 Eccimmsh'eic.

267 1875 457 1955 praestanda.
1086 1876 1129 1935 De
1144 1873 1221 1935 libro
1238 1875 1332 1948 uitae,
1352 1882 1495 1937 memoret
1520 1875 1626 1938 Baleus
1640 1875 1671 1936 ll.
1687 1870 1726 1934 44.

213 1999 216 2006 ·
307 1969 383 2032 000
398 1971 595 2046 8444444,4)
613 1968 870 2047 bugluszenis
884 1968 985 2055 orion·
1029 2043 1033 2058 ι
1083 1971 1127 2030 De
1144 1985 1232 2029 44444
1247 1958 1401 2030 philistim.
1488 2009 1491 2016 ,

267 2062 326 2124 dus
343 2062 595 2140 Archiepiscopus
618 2060 849 2122 cantuariensis
864 2061 901 2121 ab
925 2059 983 2120 44.
1082 2063 1129 2125 Ex
1150 2059 1291 2140 Epistulis
1311 2078 1387 2140 ques
1404 2080 1461 2124 nou
1496 2059 1732 2124 inteliciarsbn

267 2158 334 2218 933.
350 2154 386 2217 44
403 2156 471 2216 958.
490 2153 578 2232 cujus
597 2153 826 2216 constitutiones
848 2161 983 2233 tempore
1043 2159 1171 2234 scriptas
1193 2153 1341 2216 Lelaudus
1362 2155 1530 2242 praedicat,
1545 2155 1690 2234 speciatim
1701 2149 1732 2212 ad

265 2250 355 2328 Regis
372 2246 496 2325 Angliae
513 2246 666 2309 Edmundi
684 2249 762 2310 latae
774 2247 812 2310 44
823 2249 918 2310 officio
932 2250 988 2308 lle-
1042 2249 1191 2312 44444444
1232 2248 1384 2323 44444444,
1418 2248 1593 2320 Monachum
1626 2249 1736 2310 cisterc.

169 2421 173 2426 Δ
267 2343 327 2420 gis,
342 2343 570 2419 Magistratuum
597 2348 628 2402 et
645 2343 723 2405 Cleri
751 2349 783 2402 et
806 2341 844 2402 de
868 2341 987 2420 juribus
1044 2343 1248 2421 igniacensem
1264 2348 1408 2426 „tractus
1428 2343 1583 2404 4444444444
1603 2343 1632 2404 44
1648 2339 1735 2411 Callia,

265 2434 420 2496 Ecclesiae
450 2435 507 2505 rite
537 2434 751 2510 conferendis,
783 2435 920 2514 capitula
948 2436 988 2496 X.
1036 2433 1135 2498 'unam
1154 2433 1250 2516 edidit
1270 2434 1545 2510 llabilloniustom.
1571 2436 1596 2496 4.
1617 2434 1737 2498 bosleni

266 2544 326 2590 une
343 2544 412 2590 oum
430 2525 564 2608 Epicteto
587 2528 737 2608 synodali
753 2527 789 2590 44
817 2530 993 2608 Episcopus
1047 2546 1112 2608 pag.
1135 2527 1201 2590 349.
1224 2528 1302 2606 (edit.
1326 2545 1419 2589 novae
1441 2545 1505 2607 pag,
1523 2528 1599 2604 477.)
1619 2527 1739 2590 Alteram

267 2623 491 2701 suffraganeos,
507 2628 631 2683 exstant
649 2625 679 2683 44
702 2623 894 2702 Speelmanni
916 2629 991 2683 4444.
1047 2624 1241 2702 praemissam
1269 2624 1298 2682 V.
1320 2619 1412 2684 libris
1443 2608 1657 2684 miraculorum
1686 2617 1741 2700 fere

268 2717 280 2774 4
303 2714 503 2776 Consiliorum
521 2716 553 2774 V.
566 2714 691 2792 Angiiae
710 2733 737 2794 p.
760 2717 836 2776 iiii.
863 2716 931 2777 its,
952 2720 984 2774 et
1042 2719 1109 2777 tuo.
1126 2718 1157 2780 S.
1176 2714 1299 2776 Thomna
1323 2715 1548 2779 Cantaurianos
1571 2711 1741 2792 44444444-

269 2809 299 2866 44
316 2807 514 2868 conciliorum
531 2811 639 2880 tomis,
657 2826 692 2869 44
710 2811 874 2870 novissime
888 2810 985 2870 Vene—
1040 2810 1123 2889 scopi
1137 2817 1165 2871 ct
1181 2809 1331 2890 Martyris
1347 2809 1460 2870 vidisse
1471 2826 1503 2870 se
1519 2810 1577 2871 448.
1588 2812 1619 2870 44
1637 2809 1742 2870 Cister-

269 2907 300 2959 ta
320 2901 414 2962 coleti
430 2899 579 2978 editione,
597 2909 678 2963 tomo
696 2903 747 2964 xl.
760 2901 903 2983 Ejusdem
916 2903 985 2981 Epi·
1040 2907 1186 2966 niensium
1217 2905 1368 2966 Gallorum
1401 2902 1589 2964 bibliothecis
1620 2907 1743 2962 testatur

269 2992 376 3054 stolam
392 2995 586 3071 praemissam
611 2995 689 3056 uitae
720 2994 851 3077 Wisredi
875 2995 985 3056 Ebora·
1040 2999 1180 3062 oudinus
1201 3006 1262 3060 torn
1296 2999 1324 3060 2.
1346 3015 1411 3077 pag.
1435 3000 1510 3058 44444
1531 3003 1561 3056 44
1583 2996 1674 3060 4543.

270 3087 496 3149 4444444444.
513 3088 582 3149 843.
601 3089 640 3149 ad
665 3091 733 3150 829.
762 3089 984 3166 Archiepiscopi
1078 3092 1157 3154 ODO
1178 3093 1243 3153 sive
1257 3091 1324 3167 444,
1341 3089 1420 3151 Otho
1438 3087 1655 3166 castilmneus,
1686 3087 1744 3144 sire

269 3183 527 3260 metricescriptae
540 3183 783 3245 4444Ιῦ400440
790 3182 882 3243 edidit
896 3185 984 3244 44444.
1039 3182 1076 3246 44
1094 3187 1199 3248 Castro
1213 3184 1357 3264 [ludulphi
1371 3230 1379 3260 ,
1400 3183 1627 3245 Svessionensis
1649 3179 1748 3242 Gallus

269 3274 456 3336 Warthonus
471 3282 544 3346 tom.
560 3277 714 3356 Sdngliae
726 3293 831 3338 444444
849 3293 915 3356 pag.
935 3277 983 3336 50.
1037 3279 1137 3340 Abbas
1153 3281 1315 3357 Ursicampi
1334 3275 1748 3352 OrdcistcrnindeEpisoo-

267 3367 463 3446 Fridogodum
479 3371 545 3432 4444
564 3371 617 3432 4444
638 3371 773 3450 Epistola
803 3371 984 3448 vulgaverat
1038 3390 1096 3453 pus
1113 3373 1280 3436 Cardinalis
1296 3371 1437 3434 abduco
1454 3370 1539 3434 4244.
1556 3369 1593 3430 44
1614 3367 1707 3431 4373.
1721 3369 1749 3425 44

268 3453 454 3524 ldahillonius
468 3465 525 3524 Sec
542 3466 576 3524 V.
594 3465 780 3525 Benedictio.
797 3465 911 3543 p.=283.
1038 3467 1236 3548 legationibus
1248 3468 1277 3526 in
1291 3463 1415 3526 Galliam
1425 3462 1622 3542 Angliamque
1635 3461 1747 3522 nobilis.

307 3559 385 3620 ODO
412 3560 506 3646 patria
533 3559 637 3638 lingue
671 3557 760 3622 Wodc
784 3559 850 3618 sive
871 3557 983 3634 Sylva,
1039 3561 1166 3639 Scripsit
1177 3575 1323 3622 semmam
1335 3555 1543 3634 Quaestionum
1561 3554 1752 3632 Theologiou-

271 3650 436 3714 Ceutrones
450 3653 515 3712 sive
535 3650 765 3714 cantuariensis
782 3648 943 3710 Monachus
954 3656 985 3708 et
1039 3671 1106 3713 4444
1122 3660 1153 3713 44
1166 3653 1331 3714 moralium.
1343 3646 1497 3712 Sermones
1508 3648 1698 3726 detempore
1720 3647 1750 3702 et

270 3763 306 3806 ex
324 3745 422 3805 Priore
436 3744 649 3806 cantuariensi
663 3790 670 3819 ‚
683 3743 783 3804 Abbas
793 3745 828 3803 4.
847 3741 934 3804 4475.
953 3744 984 3805 S.
1038 3745 1076 3806 de
1088 3745 1212 3808 Sanctis
1238 3747 1371 3823 aliosque
1395 3743 1528 3805 cxxxi.
1546 3740 1589 3800 -de
1619 3736 1754 3799 diversis

269 3839 385 3898 44444444
404 3836 442 3896 44
458 3839 558 3912 Bello,
590 3841 618 3896 44
647 3839 754 3917 Anglia
774 3836 847 3897 044.
869 3835 983 3904 bened.
1040 3841 1193 3912 materiis,
1210 3855 1337 3918 quorum
1354 3841 1467 3917 primus
1480 3838 1507 3894 in
1526 3836 1673 3895 unctione
1699 3832 1753 3892 Ca·

268 3931 322 3988 llio
333 3931 422 4004 Prior,
435 3938 502 4006 post
514 3949 618 3994 necem
632 3931 763 3994 Thomas
775 3928 893 3990 lieclreti
908 3930 986 3991 can-
1040 3935 1092 3994 roli
1120 3936 1149 3993 io
1176 3935 1285 4014 Regem
1310 3931 1425 3992 Siciliae
1452 3928 1508 3990 44.
1531 3926 1618 3990 44644.
1649 3931 1685 3985 et
1712 3922 1757 3984 ul-

270 4023 431 4082 4444444444
441 4019 662 4104 Archiepiscopi
676 4073 685 4100 ,
701 4042 780 4105 quae
810 4015 866 4084 44.
895 4023 985 4084 illo.
1040 4031 1134 4090 timus
1153 4029 1182 4088 in
1201 4027 1303 4088 iuuere
1329 4024 1494 4085 clementis
1514 4022 1560 4082 lv.
1581 4018 1643 4080 44.
1664 4017 1753 4078 isos.

270 4113 522 4186 accidit,iortiler
538 4117 706 4179 decertavit
721 4115 858 4199 projure
876 4117 984 4178 liberae
1040 4123 1108 4184 vide
1138 4121 1292 4183 Oudinum
1320 4126 1393 4178 tom.
1425 4118 1453 4177 3.
1485 4131 1549 4194 pag·
1572 4112 1647 4174 304.
1669 4111 1757 4174 idem

269 4204 985 4289 electionishrchiepiscopicantuariensiscon-
1039 4215 1263 4296 aquibusdom
1292 4212 1421 4273 traditur
1451 4208 1605 4288 scripsisse
1634 4205 1678 4266 44
1713 4207 1758 4264 in·

269 4307 314 4361 444
335 4299 500 4360 aulicorum
520 4311 647 4363 conatus
674 4304 846 4367 asserendo.
873 4304 982 4365 Confer
1039 4312 1180 4372 ventione
1208 4305 1342 4386 corporis
1371 4307 1403 4366 S.
1430 4299 1592 4379 liilhurpae
1612 4299 1759 4378 Virginis

268 4393 420 4455 Oudinum
439 4398 460 4451 4.
478 4393 536 4472 44.
561 4397 648 4457 4542.
665 4415 728 4476 seq.
855 4463 858 4470 ,
1037 4402 1230 4464 Weniochiae
1250 4401 1279 4471 in
1310 4397 1416 4476 negiu
1436 4396 1591 4456 deiunctae
1615 4392 1658 4454 4.
1684 4391 1758 4454 72³.

309 4487 383 4565 liius
399 4489 529 4565 scripta.
546 4487 759 4552 commentarii
775 4491 806 4550 in
823 4491 982 4552 Pentateu-
1037 4497 1111 4564 Vide
1132 4496 1207 4556 4444
1228 4495 1361 4556 Sanctor.
1382 4497 1452 4552 tom
1474 4490 1502 4549 3.
1522 4487 1603 4550 Febr.
1620 4485 1669 4548 23
1687 4502 1762 4578 pag.

268 4582 356 4646 chum
375 4582 566 4660 manuscripti
588 4584 793 4664 cantabrigiae
814 4588 843 4644 in
862 4583 933 4644 bibl.
949 4585 979 4646 S.
1036 4593 1105 4654 394.
1124 4589 1183 4652 Sed
1206 4587 1254 4648 illa
1280 4585 1444 4649 lucubratio
1478 4575 1586 4644 rectius
1614 4580 1763 4640 44444444

268 4675 377 4742 Bened.
399 4692 476 4756 quos
504 4693 573 4738 curn
592 4675 743 4739 ‘veterum
778 4682 980 4740 monumentis
1035 4685 1071 4747 ad
1095 4682 1221 4745 canem
1243 4677 1478 4746 contionumde
1496 4691 1554 4755 quo
1573 4686 1684 4749 supra.

303 4864 335 4952 ι4)
352 4895 411 4944 lide
428 4894 541 4948 44444444
562 4905 586 4954 p.
603 4891 659 4943 sis.
674 4889 810 4944 4414444444
827 4903 882 4954 cop.
900 4891 955 4944 484.
