3368 5362
151 286 310 362 historica,
333 284 464 345 Thomas
486 285 667 362 Popohlount
689 293 745 344 444.
777 287 870 347 Flori-

151 379 285 440 mandus
303 377 496 439 ilaemundus
511 378 585 438 libro
601 381 630 440 3.
644 378 784 441 historiae
800 380 871 439 hae·

146 475 263 533 resium
286 490 350 551 cap.
383 475 410 533 5.
444 473 593 551 Dupiaius
626 475 654 531 in
688 474 869 534 Bibliotheca

149 567 329 643 scriptorum
353 566 590 639 haereticorum,
609 573 641 624 et
657 565 694 623 de
709 568 870 626 Commen-

149 663 233 720 tariis
254 661 335 720 Petri
353 661 493 737 Martyris
517 661 544 717 in
569 658 659 718 libros
681 659 808 719 Biblicos
822 661 871 720 lli-

148 752 280 815 4444444
302 753 404 813 Simon
427 753 501 812 libra
526 754 573 812 lll.
605 752 709 813 histor.
743 754 870 814 Criticae

150 848 179 905 in
202 847 319 906 Veteris
341 849 422 907 Test.
446 863 512 925 pag.
534 847 580 905 66,

190 936 445 1015 Palaestiuorum,
461 938 618 1018 Tyriorum
634 944 662 998 at
678 937 869 1011 Sidoniorum

148 1030 304 1092 historiam
326 1033 437 1092 editam
459 1033 560 1110 Tiguri
584 1034 671 1093 4534.
694 1034 719 1091 4.
740 1050 797 1092 444
816 1030 871 1092 du-

147 1125 228 1186 bium
252 1132 300 1184 est
333 1125 473 1185 vermilio
505 1126 619 1185 auctori
652 1124 774 1198 deberi,
798 1125 872 1184 lalli-

148 1237 207 1296 que
219 1234 271 1278 eos
284 1221 334 1297 qui
347 1218 486 1297 Anglerio
498 1219 645 1280 tribuunt.
656 1220 752 1278 Fuere
769 1219 870 1290 etiam,

149 1311 201 1371 sed
221 1310 359 1387 juniores
373 1332 387 1382 :y

191 1405 336 1465 Pu'rttus
348 1406 469 1485 Martyr
484 1405 590 1465 Festus
606 1405 671 1464 sive
684 1403 773 1464 Festa
787 1405 872 1463 Lom-

151 1497 263 1558 bardus
287 1500 443 1559 Urceanas
463 1497 536 1558 Ord.
565 1497 667 1558 Praed.
699 1501 777 1558 circa
811 1496 873 1556 An-

150 1609 223 1651 num
247 1592 334 1653 4644.
353 1591 441 1669 cujus
459 1593 657 1652 summarium
675 1591 872 1651 Constitutio-

150 1702 222 1744 num
246 1703 298 1763 pro
320 1688 465 1764 regimine
486 1685 608 1747 Ordinis
629 1684 870 1745 Praedicatorum

148 1785 240 1856 atque
261 1780 318 1840 alia
340 1783 451 1856 scripta
472 1778 552 1838 adita
574 1785 665 1855 atque
691 1778 804 1839 inedita
825 1795 872 1837 re·

149 1873 207 1932 4444
229 1875 290 1934 lac.
314 1872 472 1933 Echardus
494 1881 565 1932 tom.
589 1874 616 1933 4.
639 1889 704 1951 pag.
723 1874 770 1933 83.
835 1905 837 1908 ·

187 1967 333 2046 PETRUS
354 1968 473 2044 Martpr
494 1963 672 2038 trasimirus,
696 1964 798 2024 itidem
815 1962 869 2023 Or·
890 1993 893 2002 ,

147 2056 208 2117 din.
233 2058 335 2118 Praed.
356 2061 406 2136 qui
418 2057 630 2118 circsAnnum
645 2058 732 2118 4645.
749 2058 870 2117 Conim-

148 2150 247 2210 bricae
269 2150 392 2224 docuit,
413 2158 444 2209 et
464 2151 553 2226 eujus
585 2151 806 2214 commentaria
832 2152 872 2209 in>

149 2246 269 2304 tertiam
292 2251 407 2323 partem
426 2242 569 2303 Summae
591 2245 621 2304 S.
644 2243 776 2304 Thomas
809 2260 870 2303 me-

148 2343 246 2397 morat
266 2337 395 2398 lacobus
416 2335 573 2396 Echardus
592 2343 667 2396 tom.
679 2337 708 2396 4.
723 2354 788 2415 pag.
801 2338 873 2399 tlt.

795 179 1007 241 PETRUS

924 288 984 346 tina
1000 290 1099 346 versio
1118 290 1265 349 Bononiae
1292 293 1383 351 4546.
1406 295 1450 352 lle
1472 292 1537 352 aliis
1567 295 1633 353 vitae

924 382 1071 439 Francisci
1096 381 1222 442 Siortiae
1256 384 1458 461 scriptoribus
1491 385 1558 445 vide
1579 387 1636 446 illa·

924 481 1019 532 strena
1040 476 1232 535 llluratorium
1252 484 1272 535 t.
1289 477 1371 537 xlx,
1395 495 1500 538 rerum
1523 479 1634 540 italicar.

925 566 998 626 Vide
1012 584 1103 645 supra
1120 569 1227 630 PETlll
1250 572 1286 630 lt.
1308 569 1465 638 Currenti
1481 589 1508 650 p.
1523 572 1588 633 436.

964 661 1111 722 PETRUS
1133 661 1324 740 Mauricius,
1347 678 1441 742 supra
1455 665 1563 725 Petrus
1580 663 1637 725 Clu-

924 768 1081 812 4444444444.

964 848 1109 909 PETRUS
1129 850 1331 926 Maurocenus
1353 851 1504 910 Patricius
1517 849 1637 909 Venetus

924 947 955 1000 et
977 942 1140 1019 Episcopus
1162 942 1329 1004 Cardinalis
1349 943 1388 1003 ab
1409 941 1468 1002 Aa.
1497 944 1581 1005 4408.
1596 944 1638 1020 qui

925 1034 1056 1095 Concilio
1078 1036 1304 1096 Constantiensi
1329 1035 1386 1096 An.
1401 1037 1492 1098 4448,
1506 1037 1640 1101 interluit.

925 1131 1017 1203 atque
1039 1125 1249 1186 deinde'diem
1272 1126 1345 1186 obiit
1371 1128 1496 1205 propior
1527 1142 1641 1203 nonage

928 1224 1008 1279 nario
1030 1220 1118 1279 Anno
1140 1219 1226 1280 4444.
1250 1221 1297 1280 44.
1321 1218 1456 1298 August.
1470 1217 1641 1297 (44444444-

926 1312 1059 1375 themius
1076 1329 1141 1391 cap.
1164 1312 1232 1374 737.
1254 1319 1286 1371 44
1307 1314 1493 1375 ciacconius
1513 1315 1553 1371 ’444
1581 1313 1641 1372 Car·

925 1406 1069 1467 dinallum
1093 1407 1168 1465 Vitis
1190 1422 1257 1484 pag.
1280 1403 1370 1466 4073.
1382 1405 1419 1464 G.
1431 1405 1583 1482 losephns
1593 1405 1642 1482 Eg-

926 1514 961 1578 gs
984 1500 1011 1557 in
1036 1515 1169 1577 purpura
1190 1498 1277 1558 docta
1299 1500 1500 1577 tom.·i.pag.
1514 1498 1643 1558 5464444-

925 1610 994 1670 que.
1011 1592 1189 1652 Laudentur
1210 1596 1276 1668 ejus
1289 1592 1400 1652 Variae
1415 1589 1641 1662 detemutiaua,

927 1684 1079 1760 Consilia,
1112 1692 1220 1762 atque¹
1236 1686 1353 1764 insigne
1379 1684 1535 1746 'volumen
1564 1701 1642 1763 super

925 1785 1047 1840 secatum
1069 1776 1282 1840 decretalium.
1339 1777 1345 1784 ’

967 1873 1114 1934 PETRUS
1134 1871 1171 1932 de
1195 1872 1358 1946 4444444444,
1382 1889 1422 1932 ex
1438 1873 1587 1951 Episcopo
1602 1872 1643 1930 oi-

924 1967 1041 2045 gniensi
1066 1957 1094 2025 in
1117 1967 1291 2038 Provincia,
1306 1963 1470 2025 4444444444
1488 1966 1544 2024 Aa.
1566 1965 1642 2023 4439.

923 2060 1093 2137 Episcopus
1113 2058 1277 2120 deinrrctus
1297 2055 1355 2116 Au.
1381 2059 1475 2119 4446.
1490 2060 1559 2118 Post
1573 2057 1641 2134 lega-

923 2153 1037 2213 tionem
1061 2155 1090 2213 ia
1109 2152 1264 2213 Graeciam
1286 2157 1477 2229 susceptam,
1490 2151 1644 2228 444444444-

923 2248 1031 2325 genius
1053 2248 1099 2307 lv.
1122 2248 1148 2306 ei
1172 2244 1336 2320 injuxcrat,
1361 2245 1502 2305 interfuit
1520 2243 1641 2305 Concilio

924 2339 1107 2412 Basileensi,
1131 2339 1161 2397 in
1183 2340 1279 2416 eoque
1300 2340 1396 2398 totius
1427 2339 1509 2399 Cleri
1534 2337 1643 2396 44444444

147 2431 260 2492 Omitto
283 2430 385 2508 plures
406 2446 443 2489 ex
467 2429 573 2490 eodem
605 2431 866 2492 Dominicanorum
923 2435 1084 2510 peroravit.
1108 2435 1238 2509 Legatos
1259 2433 1354 2492 etiam
1373 2430 1643 2492 Ludavicillllle·

145 2519 277 2599 Ordine,
298 2523 336 2584 de
357 2524 468 2602 quihus
489 2523 569 2585 idem
590 2523 731 2585 laudatus
756 2525 869 2585 4444444-
922 2527 969 2603 gis
983 2524 1202 2600 Hierusalem,
1225 2526 1352 2587 Comitis
1375 2526 1567 2592 Provinciae,
1588 2530 1643 2582 4444

146 2612 205 2677 (444
224 2617 583 2678 4444444464444444444
599 2617 764 2694 Martyrem
794 2618 869 2678 Bac·
901 2620 1013 2694 ,etiam
1036 2620 1065 2678 in
1084 2618 1204 2697 Synodo
1216 2619 1400 2679 Florentius.
1413 2616 1490 2677 Vide
1504 2619 1644 2679 84444444·

147 2709 265 2769 cioaum
286 2713 351 2770 siva
373 2709 548 2770 Buciomum
571 2718 591 2768 t.
614 2711 633 2770 4
655 2726 722 2790 pag.
740 2711 808 2773 aas.
831 2708 867 2771 de
895 2785 896 2788 Ἴ
923 2711 1031 2794 thanes
1053 2720 1123 2772 tom.
1147 2713 1165 2773 3
1183 2728 1250 2791 pag.
1271 2710 1341 2770 704.
1363 2711 1408 2770 De
1430 2709 1501 2786 eius
1533 2711 1644 2792 legatio

147 2801 231 2862 Bona
255 2801 443 2884 Cesa,·pag.
474 2807 543 2865 736.
578 2800 784 2864 Praecianum
801 2807 872 2872 ⁴sea
899 2818 984 2881 ne,
1005 2806 1102 2867 Caroli
1124 2806 1186 2867 Vll.
1197 2806 1318 2865 nomine
1330 2807 1417 2881 gesta
1430 2803 1470 2864 nd
1482 2803 1642 2881 Eugenium

148 2897 351 2958 Proscimrtem
370 2914 436 2976 pag.
458 2898 526 2957 636.
548 2897 590 2957 De
602 2899 712 2957 Sancto
725 2896 867 2958 Ceroasio
924 2900 971 2959 tv.
994 2899 1160 2958 Florentiae
1181 2903 1321 2974 agentem
1351 2895 1505 2957 Odoricus
1527 2894 1644 2972 4444444

101 2989 110 3003 ’
149 3006 216 3068 pag.
237 2989 303 3050 434.
324 2988 518 3065 Laumellum,
541 2992 869 3068 ρ.444.4)44444444444-,
923 2991 981 3052 dus
1004 2992 1041 3052 ad
1063 2990 1119 3050 An.
1144 2990 1232 3051 tttl.
1265 2997 1297 3048 et
1325 2989 1461 3049 lacobus
1489 2989 1643 3068 Benignius

150 3088 248 3157 tyram
262 3083 306 3141 de
326 3083 485 3159 44444444,
508 3101 535 3162 p.
558 3083 616 3143 349
639 3079 782 3143 Moralem
802 3084 868 3142 sive
924 3086 1091 3144 Bossaetus
1119 3076 1294 3143 defensione
1326 3081 1543 3143 declarationis
1574 3080 1642 3143 Cleri

149 3172 308 3236 Moralium
329 3177 504 3251 lPassevino
514 3173 680 3249 Morellum)
692 3178 868 3254 scriptorem
922 3176 1065 3236 Gallicani
1089 3177 1138 3237 lib.
1160 3179 1199 3237 Χ.
1221 3193 1286 3254 cap.
1307 3176 1353 3235 46.
1376 3181 1400 3235 4.
1423 3177 1453 3235 4.
1478 3193 1511 3255 p.
1521 3177 1571 3236 96.
1589 3176 1643 3252 seq.

150 3266 270 3344 Collyrii
294 3272 426 3344 mentis,
456 3286 521 3348 pag.
543 3269 611 3329 434.
633 3270 785 3330 Monetam
802 3285 869 3348 pag.
966 3271 1112 3330 PETRUS
1126 3268 1402 3346 eonsummatos
1416 3313 1422 3343 ‚
1435 3269 1643 3331 4444444644

149 3362 217 3422 sot.
239 3359 401 3422 Naidinum
423 3380 480 3441 pag
511 3361 579 3422 607.
604 3362 785 3423 domanium
801 3379 867 3441 pag.
923 3360 992 3444 gin,
1012 3362 1140 3424 habetur
1162 3364 1304 3442 praelatio
1325 3355 1365 3422 ‘in
1399 3362 1514 3424 librum
1548 3362 1643 3422 nescio

149 3454 217 3515 550.
238 3455 463 3516 Scarrdaaatum
485 3474 551 3535 pag.
574 3454 691 3516 totu
713 3454 870 3517 Volcarum
924 3475 1026 3536 444444.
1046 3458 1084 3518 S.
1115 3456 1254 3518 lletlrodii
1286 3457 1463 3516 Patarensis
1497 3459 1529 3516 iu
1561 3455 1648 3533 Lycia·

148 3565 214 3627 pag.
235 3549 304 3609 700.
328 3553 379 3610 llis
396 3568 434 3611 ex
457 3550 621 3609 Possevino
643 3549 755 3610 addere
769 3550 873 3629 licebit
923 3552 1084 3631 Episcopi,
1107 3553 1135 3609 ia
1159 3550 1297 3610 Biblioth.
1320 3550 1581 3634 sangermanensi
1597 3548 1644 3609 Co

149 3646 270 3709 Petrum
293 3649 455 3723 Martyrem
478 3646 663 3721 Hispanum,
687 3644 869 3722 Episcopum
926 3645 991 3706 dice
1014 3646 1084 3706 434.
1110 3646 1154 3704 De
1186 3643 1335 3704 4444444444
1365 3641 1513 3727 ejusque
1531 3643 1643 3720 seriptis

150 3737 305 3800 Clueasem
329 3743 356 3798 in
381 3756 472 3818 regno
493 3737 667 3798 Cataloniae
698 3738 777 3798 circa
811 3739 870 3798 Aa.
928 3738 1047 3801 abunde
1068 3738 1183 3798 dictum
1206 3738 1243 3798 ah
1265 3736 1375 3796 attaris
1406 3733 1448 3794 de
1477 3735 1644 3805 Methodiis,

151 3831 240 3893 1575.
262 3837 438 3912 scriptorem
461 3834 616 3893 Directorii
632 3832 813 3892 Curatorum
826 3849 870 3891 ec.
927 3840 958 3893 et
973 3833 1022 3892 lib.
1039 3832 1071 3891 V.
1090 3831 1227 3890 Biblioth.
1238 3830 1370 3889 Graecae
1383 3831 1437 3899 44
1447 3874 1453 3886 .
1467 3847 1497 3906 p.
1510 3830 1647 3904 456444.

202 3928 347 3988 PETllUS
357 3929 477 4006 Martpr
492 3927 604 3986 Proreus
615 3925 873 3985 Novaniensislte
971 3925 1039 4000 (463
1055 3923 1201 3984 PETRUS
1215 3919 1250 3982 de
1262 3924 1469 3999 Moritaqnnaa
1485 3921 1646 3982 Fasciculus

153 4017 248 4092 dicus,
260 4021 347 4096 eujus
359 4002 423 4080 libr'i
438 4022 483 4080 lV.
507 4020 733 4080 devulnerihus
748 4028 779 4079 et
792 4020 872 4079 ulca
927 4018 1091 4078 Medicinae
1112 4017 1246 4075 venetiis
1263 4016 1305 4074 De
1321 4015 1477 4091 Gregoriis
1500 4014 1588 4076 4500.
1605 4011 1644 4070 iol.

153 4113 237 4172 ribus
249 4114 357 4189 capitis
372 4113 513 4173 viderunt
526 4115 623 4175 lucem
638 4102 733 4174 Ticini
751 4113 871 4180 45844.
928 4107 1378 4193 fig.scilic..lo.de1lETHAM
1401 4105 1561 4167 4444444444.
1572 4101 1648 4183 joui

192 4204 339 4266 PETRUS
361 4204 647 4283 Martpr'Ferrarius
659 4208 740 4267 luris
751 4206 872 4265 consul·
928 4205 977 4264 cia
991 4205 1163 4264 urinarum.
1179 4202 1215 4262 de
1226 4199 1402 4280 (labommia.
1418 4199 1456 4259 de
1470 4195 1645 4280 symplasia

154 4308 218 4370 tus,
231 4286 393 4360 defunctas
404 4300 459 4358 Aa.
477 4301 564 4361 4647.
580 4302 617 4361 de
629 4303 873 4379 qquraaciscus
929 4298 1055 4358 matrice
1069 4305 1125 4358 etc.
1146 4297 1264 4356 PETRI
1274 4293 1309 4353 de
1325 4293 1518 4371 Tausipnaao
1532 4291 1644 4354 44444444

152 4394 269 4455 44444444
292 4400 312 4452 t
337 4396 365 4455 4.
386 4394 551 4454 Cremonae
572 4394 722 4454 litteratae
744 4411 773 4472 p.
803 4394 871 4454 399.
929 4392 1210 4472 corrtraepirlimiam
1226 4388 1404 4450 adnutat!
1416 4387 1578 4448 Auatomia
1592 4385 1644 4447 nt·

39 4538 43 4547 .
152 4507 214 4569 seq.
236 4488 464 4548 dissertationes
486 4485 553 4562 ejus
578 4487 690 4565 legales
704 4488 871 4547 celebrans.
929 4488 990 4548 SlS
1004 4484 1040 4545 de
1052 4481 1263 4563 aegritudinis.
1279 4498 1458 4560 puerorum.
1466 4484 1478 4558 4

194 4583 343 4643 PETRUS
364 4578 540 4644 Matthaeus
563 4579 737 4640 currantur
771 4579 873 4640 latine
972 4580 1114 4640 PliTllUS
1141 4574 1177 4638 de
1199 4579 1316 4648 444444,
1351 4577 1509 4651 Venetus,
1541 4576 1639 4635 artium

153 4694 190 4736 ex
214 4676 315 4737 italico
338 4677 429 4736 vertit
448 4673 542 4735 vitam
561 4667 721 4734 Franciaci
741 4671 874 4753 Sforteae
931 4676 1039 4734 Doctor
1060 4680 1091 4731 et
1111 4672 1192 4732 luris
1212 4669 1639 4746 ‹;ousultissimuS,Episcopas

153 4772 239 4846 primi
262 4769 526 4832 mediolanensium
545 4784 576 4828 et
596 4767 802 4827 Genueasium
815 4767 875 4828 aa·
931 4768 968 4828 ab
991 4765 1154 4827 444444.
1174 4764 1213 4824 ad.
1229 4764 1287 4824 444.
1304 4762 1392 4824 4466.
1421 4763 1585 4821 liriniensis
1608 4757 1639 4816 de

153 4864 220 4934 cis,
244 4868 385 4944 scriptam
404 4867 529 4928 4444444
548 4860 803 4924 Α4444444.4)444444
822 4864 876 4922 La·
932 4877 991 4937 qrro
1010 4859 1153 4937 Ughellus
1170 4864 1243 4915 tom.
1263 4856 1290 4915 4.
1310 4871 1377 4934 pag.
1396 4856 1465 4916 568.
1484 4857 1637 4913 44444444·
