3658 5412
289 193 349 252 tot
446 203 450 216 “
897 183 1197 246 nonnullis

287 295 370 356 elicis
389 293 500 376 Officiis
513 309 612 372 44444
630 290 797 370 4444444444
812 289 946 368 adeoque
963 291 1008 350 di·
1064 289 1173 356 444444.
1191 291 1281 368 Ν444.
1304 289 1389 351 4473.
1418 292 1466 353 444.
1497 294 1587 354 Veoet
1607 339 1614 356 .
1635 299 1669 360 do
1688 299 1758 364 coln

288 403 399 448 versus
418 405 435 448 a
457 385 531 445 libro
549 385 673 461 Ruperti
697 384 862 444 Tuitieesis
892 382 931 442 de
961 399 1010 444 ee·
1067 385 1116 444 nia
1138 383 1226 444 4475.
1252 384 1278 442 l.
1301 382 1450 444 Hocker.l
1476 403 1503 445 e.
1522 405 1549 463 p.
1571 390 1635 451 464.

288 479 358 540 dem
381 479 513 539 materia.
546 476 704 537 Alberieus
725 476 761 536 ad
784 492 810 536 4.
833 477 922 538 4444.
943 493 1010 554 pag.
1103 474 1131 535 7.
1153 477 1309 538 Sermones
1328 493 1383 555 per
1402 476 1754 561 rolenniueatotiurenni,

289 574 358 635 249.
379 573 487 630 Exstat
509 571 537 628 io
560 568 635 630 Bibl.
666 571 840 629 monasterii
861 569 892 628 S.
912 569 1012 629 444444-
1067 567 1187 628 Domini
1208 566 1342 628 8444444
1362 573 1391 628 44
1419 571 1609 633 Beatissimae
1643 577 1756 655 Virginis

290 666 320 724 ni
342 663 658 737 Tornaeeosispteste
679 661 750 722 4444.
771 660 904 722 Sandero
936 660 1010 721 bibl.
1065 661 1169 720 Venet.
1193 661 1280 722 4474.
1303 663 1390 723 4496.

288 756 406 832 Belgica
426 753 514 815 MSS.
534 773 562 832 p.
585 754 652 816 437.
1104 755 1132 812 8.
1154 754 1196 812 444
1217 751 1341 814 bominis
1359 752 1533 832 formatione
1543 753 1625 818 444444.
1636 758 1755 820 Noriber-

327 847 527 907 ROBERTUS
547 846 747 918 4444444444,
780 847 916 924 Anglus,
938 845 1008 906 Ord.
1063 861 1118 922 gae
1140 846 1227 906 4470.

288 941 319 1002 S.
350 939 518 1008 4444444444,
553 938 656 1000 didicit
687 946 718 1000 et
749 938 851 1000 docuit
882 934 1009 1012 044444,
1104 938 1133 996 9.
1153 940 1309 1000 Sermones
1330 938 1754 1023 decmoredioinornmofflcio

287 1039 427 1093 mortuus
447 1031 627 1092 Liehleldiae
649 1049 675 1091 e.
698 1033 786 1092 4348.
806 1033 932 1109 Scripsit
957 1032 1011 1090 Le·
1064 1045 1146 1090 rum.
1168 1031 1257 1109 Neap.
1279 1032 1366 1092 4493.

285 1129 395 1206 444444
407 1126 522 1186 Sacrae
534 1123 721 1203 8444444444,
734 1123 893 1184 Comment.
908 1122 1011 1183 iolla·
1109 1121 1394 1202 i0.Speeulnmfidei
1401 1123 1752 1188 Cristionee.llenet.iiib

287 1216 418 1295 44444444
432 1215 671 1289 Sententiarum,
690 1213 725 1274 de
743 1219 876 1293 44444444
893 1213 1009 1276 444044-
1114 1218 1161 1276 44.
1176 1215 1334 1276 744444444
1354 1216 1389 1276 444
1405 1222 1504 1279 morte.
1519 1219 1611 1280 Norib.
1626 1221 1703 1280 4479.
1713 1220 1754 1280 iol.

288 1325 392 1368 eornm
406 1313 435 1368 et
449 1308 633 1381 Latinorum,
648 1305 683 1366 de
700 1303 816 1366 retione
834 1312 1007 1387 4444444444,
1111 1306 1289 1368 Prodierunt
1311 1326 1429 1386 quoque
1446 1326 1482 1368 ex
1499 1318 1566 1370 eote
1582 1311 1662 1372 dietis
1673 1312 1755 1390 04444

288 1399 324 1460 444
336 1405 517 1480 4444444444
539 1399 655 1462 Christi
663 1447 671 1473 ,
691 1396 864 1476 Quodlibeto
881 1404 909 1458 el
929 1399 1009 1478 044-
1070 1415 1131 1458 444
1152 1400 1326 1462 volumine.
1350 1401 1444 1482 bugd.
1461 1403 1546 1464 4403.
1562 1404 1650 1464 tribus
1668 1406 1753 1476 tomis,

288 1490 663 1553 cornuumaueniens
693 1509 719 1551 e.
747 1492 818 1552 294.
844 1493 961 1552 Pltseus
981 1508 1008 1552 e.
1065 1492 1169 1554 Veuet.
1192 1494 1269 1554 4490

291 1585 358 1646 554.
381 1584 569 1662 Waddiegus
588 1584 627 1645 de
649 1585 846 1664 scriptoribus
866 1584 939 1644 0rd.
961 1586 1009 1644 lli-
1102 1585 1181 1645 llaec
1206 1602 1244 1645 ex
1278 1589 1366 1647 ilenr.
1393 1587 1541 1656 Whertoni
1572 1588 1694 1668 Append.
1719 1587 1751 1648 44

287 1693 395 1739 norum
417 1695 484 1756 pag.
506 1679 577 1738 308.
598 1677 703 1738 Willot
722 1677 860 1738 Athenae
882 1677 1008 1738 sodalitii
1068 1678 1203 1737 Gaveum
1226 1695 1291 1756 pag.
1315 1681 1381 1742 448.
1413 1680 1495 1742 Adde
1524 1681 1702 1742 Trithemium
1720 1679 1752 1738 de

288 1771 477 1830 Franciseeoi
500 1786 528 1847 p.
542 1771 621 1831 alit.
1064 1769 1206 1846 scriptor.
1229 1772 1342 1833 Eeeles.
1374 1789 1401 1833 e.
1421 1773 1489 1834 887.
1519 1774 1701 1852 weddingum
1717 1771 1750 1831 de

324 1863 523 1923 nonnuliis
543 1860 577 1922 444
595 1862 674 1922 Lieio
685 1901 696 1936 ,
707 1869 797 1942 geute
807 1863 1007 1936 caracciolus,
1064 1861 1263 1940 scriptoribus
1283 1864 1352 1924 Ord.
1375 1868 1516 1928 llioorum
1537 1885 1563 1944 p.
1584 1866 1645 1928 300.
1660 1864 1747 1942 444444

284 1956 366 2033 Lycii
388 1957 418 2014 in
440 1973 532 2034 regno
552 1955 747 2033 Neapolitano
785 1963 897 2030 natus,
930 1954 1008 2016 ordi·
1063 1953 1137 2014 Bibl.
1158 1955 1379 2032 Neapolitanam
1403 1957 1745 2036 447094444444444444

285 2063 354 2107 nem
374 2049 518 2108 llioorum
540 2049 696 2124 ingressus
716 2054 785 2120 est,
807 2049 1008 2125 postEpiseo
1064 2045 1192 2105 sodalitii
1215 2049 1402 2112 Freoeiseeni
1414 2069 1441 2130 p.
1454 2049 1746 2130 5l6.Ughelliltaliem

285 2155 345 2215 pus
365 2140 509 2198 tielensis
529 2146 560 2198 et
580 2140 725 2216 Aquinas.
748 2141 781 2200 ln
812 2141 1007 2202 sermonibus
1065 2153 1182 2198 sacram
1204 2145 1274 2200 tom.
1299 2143 1319 2202 4.
1343 2161 1369 2221 4.
1391 2145 1457 2206 398.

171 2275 181 2285 .
292 2229 348 2290 fuit
380 2230 502 2290 lervrns
539 2238 571 2290 et
603 2231 798 2306 vebs-mene,
835 2233 1007 2311 nulliusque
1105 2229 1175 2290 *ln
1198 2234 1389 2296 recensendis
1409 2236 1544 2316 operibus
1572 2237 1641 2297 sacri
1670 2235 1745 2296 buius

288 2323 459 2382 auctoritati
480 2327 624 2402 pepereit.
643 2313 762 2385 Oblita.
785 2326 871 2387 4494.
890 2324 1001 2386 Edidit.
1026 2345 1030 2350 ·
1065 2332 1156 2406 atque
1176 2335 1275 2390 eetate
1296 2345 1350 2390 sue
1380 2328 1504 2390 celebris
1529 2328 1643 2388 oratoris
1667 2323 1746 2400 major
1827 2319 1828 2350 4

326 2417 353 2475 4.
368 2415 524 2476 Sermones
544 2415 580 2476 de
603 2415 723 2477 0444444
740 2462 747 2489 ,
766 2418 797 2476 Β.
825 2417 941 2496 Virgine
968 2433 1005 2477 oe
1061 2418 1213 2500 diligentie
1227 2439 1317 2501 quam
1335 2437 1411 2498 quae
1430 2421 1485 2481 huc
1502 2421 1633 2499 praestita
1656 2420 1690 2477 sit
1704 2417 1747 2476 de·
1826 2413 1828 2486 i

283 2505 411 2568 8444444.
430 2509 534 2568 Venet.
552 2508 641 2571 4489.
662 2511 739 2570 4490
772 2511 822 2570 444.
1062 2497 1218 2576 sideratur.
1236 2515 1299 2593 ligo
1315 2513 1432 2574 codices
1444 2529 1524 2574 meos
1537 2512 1670 2572 evolvens
1686 2509 1747 2568 inec

327 2600 355 2660 2.
372 2601 530 2660 Sermones
543 2601 579 2662 44
598 2603 755 2682 Tempore,
770 2603 848 2664 etde
867 2601 1006 2664 nudibus
1060 2608 1202 2684 comperi.
1213 2603 1475 2683 Qnudropeeimele
1486 2599 1747 2682 depomrientioedi

286 2693 475 2753 Sanctorum.
495 2697 689 2772 444444489.
708 2697 796 2756 Basil.
824 2697 911 2757 4490.
942 2697 1007 2773 Spi·
1064 2705 1127 2758 tum
1143 2706 1190 2758 est
1209 2701 1339 2759 Venetiis
1356 2715 1407 2776 per
1423 2694 1746 2770 VendelioumdeSpira

284 2801 335 2842 ree
357 2784 445 2854 lieo.
467 2786 514 2845 444.
536 2785 691 2849 Hackerus
709 2806 736 2866 p.
754 2790 822 2848 448.
851 2787 887 2847 444
911 2786 1007 2848 444444-
1062 2808 1140 2852 4444
1162 2791 1248 2854 tlte.
1275 2793 1303 2851 44
1332 2793 1358 2851 4.
1385 2790 1513 2857 44444444Ι
1529 2789 1593 2871 huie
1616 2786 1746 2847 adnexum
1827 2857 1828 2866 ¹

286 2871 342 2934 bns
359 2877 536 2936 Sanctorum
559 2883 731 2956 seperatim.
752 2879 827 2958 Aug.
849 2879 935 2939 Viod.
953 2897 1006 2957 per
1062 2884 1156 2946 habeo
1167 2901 1315 2960 senense,
1326 2900 1379 2945 seu
1396 2883 1434 2944 ab
1450 2885 1511 2960 ipso
1527 2879 1624 2941 eodem
1641 2880 1748 2954 impres·

285 2965 456 3028 Erherdum
479 2970 598 3030 lietdolt
619 2971 708 3033 4489.
730 2973 757 3032 d.
777 2973 866 3033 444444.
879 2990 931 3050 444
945 2975 1006 3034 Nic.
1063 2993 1130 3036 sore
1144 2974 1283 3052 junctum
1296 2976 1426 3037 libellum
1441 2973 1569 3036 eiusdem
1589 2974 1615 3030 io
1630 2987 1683 3048 quo
1696 2985 1749 3028 ser·

286 3057 403 3134 Keslen
428 3061 516 3121 4490.
533 3062 581 3122 444.
1063 3057 1168 3128 mones
1181 3068 1218 3128 de
1233 3067 1471 3130 Aoouoeiatione
1486 3070 1516 3128 li.
1529 3068 1560 3126 B.
1573 3065 1701 3143 Virginis,
1714 3063 1750 3122 lie

329 3151 357 3218 3.
379 3151 647 3233 rodrngerimele
667 3155 703 3217 de
723 3155 869 3220 Peeeotr's.
902 3158 1004 3220 Coloo.
1064 3176 1193 3220 numero
1217 3160 1499 3238 praedestinatorum
1517 3166 1546 3220 el·
1562 3160 1753 3220 Damnetomro

289 3241 376 3304 4474.
397 3245 502 3306 Venet.
524 3248 611 3308 4488.
634 3249 722 3309 4490.
745 3250 771 3308 4.
796 3252 886 3325 licii,
918 3249 1005 3313 4490.
1061 3267 1096 3312 44
1118 3250 1155 3311 de
1179 3256 1303 3326 ceteris,
1322 3252 1429 3330 quibus
1454 3251 1581 3328 angelos
1605 3249 1749 3307 lireennem

292 3352 323 3394 v.
344 3337 467 3398 Heclreri
490 3340 583 3400 Catel.
605 3342 679 3401 bibl.
697 3343 962 3405 Heilsbruoneosis
977 3361 1004 3430 p.
1062 3344 1198 3402 vincivit.
1220 3345 1328 3405 Libello
1344 3345 1411 3404 huie
1427 3344 1505 3406 44444
1521 3336 1750 3403 eddituradoota·

290 3429 357 3490 400.
380 3429 553 3491 Olienbaeh.
577 3434 664 3493 4496.
688 3435 737 3494 444.
1064 3435 1105 3494 tio
1122 3437 1192 3495 44444
1208 3442 1238 3496 44
1259 3437 1312 3498 4444
1331 3437 1550 3513 impressionis,
1566 3432 1613 3494 sed
1639 3429 1751 3490 volumi·

325 3523 352 3580 4.
365 3521 632 3602 Quadrupesimole
642 3523 679 3585 444
692 3527 882 3588 Poenitenlie.
900 3529 1004 3588 Venet.
1061 3529 1109 3588 444
1125 3534 1156 3586 et
1169 3536 1354 3588 carentorum
1383 3528 1475 3605 ligura
1499 3525 1561 3586 eod.
1585 3531 1704 3600 tempore
1719 3524 1747 3578 et

284 3614 373 3675 4474.
396 3616 423 3674 4.
445 3615 569 3693 lingent.
592 3618 678 3678 4497.
698 3617 746 3677 444.
772 3619 848 3679 Cum
871 3619 926 3680 hae
944 3619 1007 3679 edi·
1061 3619 1125 3679 loeo
1142 3637 1202 3696 quo
1217 3621 1368 3696 superiore
1384 3619 1482 3679 omnia
1499 3615 1633 3696 prodiisse
1648 3612 1731 3673 deest

282 3708 362 3768 tione
392 3709 555 3786 posteriore
578 3708 753 3787 prodierunt
779 3711 936 3780 Sermones
970 3709 1006 3772 de
1108 3712 1228 3772 Praesto
1240 3711 1310 3771 mihi
1322 3718 1369 3770 est
1383 3709 1481 3772 Codex
1495 3710 1619 3783 alius‚io
1633 3721 1684 3783 quo
1696 3718 1750 3762 sen

282 3798 518 3862 44444444444444
539 3801 667 3881 Virginis
685 3801 819 3872 4444444,
837 3800 1005 3882 444444444-
1064 3819 1170 3888 mones
1187 3804 1222 3868 444
1244 3804 1348 3864 timore
1359 3801 1542 3882 judiciorum
1552 3800 1622 3872 liei,
1641 3800 1750 3874 impres·

284 3891 463 3952 etinotornm
497 3899 526 3953 44
556 3893 766 3955 damnatorum
795 3911 938 3971 4444444,
970 3895 1006 3957 de
1061 3911 1115 3957 sus
1131 3898 1160 3954 in
1176 3898 1204 3956 4.
1219 3897 1351 3958 Venetiis
1365 3913 1412 3956 ao.
1429 3895 1513 3957 4474.
1535 3896 1580 3954 eui
1595 3889 1747 3966 adiungitur

283 3985 397 4042 entenic
415 3991 622 4063 peecatorum,
644 3986 679 4047 de
699 4003 751 4066 444
773 3984 873 4059 bono,
894 3985 930 4047 444
951 3988 1006 4067 jn·
1065 3989 1277 4050 eiusd.lormae
1288 3997 1318 4048 ot
1328 3995 1509 4050 caracterem
1522 3980 1749 4048 libellusdennr-

281 4069 358 4130 dicio
374 4073 569 4150 pestilentiae.
592 4076 691 4140 Unum
714 4097 751 4140 ex
770 4080 818 4140 his
832 4079 1005 4158 Quadrege·
1062 4081 1101 4142 lia
1128 4099 1162 4142 ae
1189 4081 1306 4142 libellus
1327 4081 1403 4142 alius
1420 4081 1548 4142 reterens
1561 4071 1750 4138 4444444404

283 4163 439 4224 simelibus
461 4169 569 4244 prodiit
589 4174 679 4232 etiam
694 4175 807 4252 lingua
825 4172 927 4233 ltaliea
940 4171 1006 4251 jus·
1062 4172 1199 4242 Adventu
1213 4173 1338 4234 Domini.
1356 4173 1488 4233 Tandem
1504 4170 1629 4232 eiusdem
1646 4178 1749 4240 semper

283 4271 321 4317 su
344 4256 521 4319 Ferdionudi
544 4265 631 4341 Regis
652 4267 717 4326 sine
739 4266 803 4328 loeo
825 4264 913 4327 4476.
935 4266 1006 4326 Tar·
1064 4267 1195 4344 figurae,
1210 4266 1374 4343 eademque
1392 4266 1507 4342 epicum
1525 4264 1612 4324 444444
1625 4264 1668 4320 444
1682 4253 1747 4316 44444

288 4350 378 4425 44444,
404 4349 491 4411 4479.
526 4353 574 4413 444.
596 4356 700 4418 venet.
724 4359 811 4420 4483.
839 4358 886 4418 444.
911 4359 1005 4438 44444.
1063 4357 1137 4419 liber
1153 4349 1746 4446 inscriptosdeliioinoclmriletemuiae

281 4443 404 4504 linctus
426 4449 473 4503 est
494 4446 587 4507 lesus
610 4449 638 4507 in
661 4452 830 4513 Desertum.
965 4503 969 4510 .
1063 4452 1144 4514 eedit
1163 4455 1191 4512 in
1212 4453 1270 4512 line
1287 4451 1403 4511 libellus
1424 4449 1459 4510 de
1476 4441 1681 4510 immortalitate
1693 4453 1748 4498 om-

320 4538 348 4596 4.
370 4537 526 4597 Sermones
549 4537 584 4598 444
600 4538 736 4602 Adventu
753 4548 781 4603 et
799 4541 1005 4622 Qrmdrogeei-
1061 4561 1128 4604 4444
1139 4551 1171 4604 et
1183 4547 1227 4605 sic
1237 4544 1412 4606 absolvitur.
1421 4543 1599 4617 Quemquam
1611 4534 1698 4596 tribue
1709 4529 1748 4590 bi·

280 4643 338 4687 444.
360 4629 466 4688 Venet.
489 4631 577 4692 4496.
599 4633 625 4690 8.
1060 4654 1111 4699 444
1127 4637 1339 4716 posterioribus
1358 4636 1463 4697 libellis
1480 4631 1557 4694 44444
1571 4633 1608 4689 444
1621 4632 1683 4686 nota
1700 4625 1745 4683 im·

322 4721 349 4777 6.
371 4721 528 4781 8444444444
549 4723 585 4785 (le
606 4725 710 4788 timore
724 4727 915 4808 judiciorum
936 4728 990 4788 Dei
997 4774 1002 4800 ‚
1062 4732 1207 4810 pressuris
1234 4723 1309 4802 loei,
1329 4736 1360 4788 et
1380 4729 1469 4803 enni,
1485 4723 1579 4786 adhue
1600 4729 1691 4780 tameo
1704 4729 1747 4776 eo

281 4807 315 4868 444
336 4811 560 4876 immortalitate
575 4819 718 4911 enimse,
741 4821 776 4884 444
797 4827 920 4884 aeterne
933 4819 1001 4882 ben·
1060 4824 1130 4884 dem
1149 4823 1211 4882 loeo
1229 4830 1259 4884 ct
1277 4830 1408 4900 temporo
1423 4816 1561 4900 prodiisse
1577 4808 1746 4886 medebitu-
