3368 5362
62 315 231 372 mentorum
247 324 371 383 44444,
387 308 541 392 illaqueor.
558 317 679 390 retemit,
691 335 781 396 eume·
832 314 972 394 promimo
988 362 995 392 ,
1013 312 1151 375 laudabis
1169 314 1216 376 ln'c
1235 315 1376 377 Politiani
1403 320 1450 381 tui
1466 319 1551 399 judi-

61 404 129 463 44444
146 425 154 464 :
178 403 287 463 inserit
303 400 422 463 alicubi
433 409 700 481 narratiunculas,
727 410 782 469 du-
835 411 920 467 rium.
936 407 1058 469 Neoilli
1072 408 1211 470 molestus
1230 428 1363 491 unquam
1375 429 1485 487 ventes,
1501 431 1552 475 me·

60 515 134 557 cor:
155 496 331 556 modumtur
347 514 485 576 cannen,
512 507 630 562 mnam:
651 503 777 582 jocatur
832 502 890 561 scit
902 501 1018 579 offendi.
1041 502 1194 563 04444404
1212 502 1239 564 is
1259 510 1306 564 est
1322 504 1377 586 qui
1392 503 1487 567 lucem
1502 524 1550 567 re·

67 589 209 664 mamilli,
220 589 325 650 cidem
341 592 461 669 premit,
478 600 622 674 uryelquc
640 595 732 668 ueris,
743 593 780 657 do
831 591 949 672 suniat,
966 601 996 655 et
1007 594 1119 657 oculos:
1129 601 1212 677 puto,
1227 598 1300 677 qma
1320 596 1550 661 0444444444-

60 702 182 745 mauus:
197 684 431 762 tentataffectus
450 687 590 758 mitiores,
606 688 707 749 statim
723 689 779 749 mi·
836 685 878 747 lia
891 685 1014 749 testibus
1028 689 1143 749 omnino
1157 689 1282 768 9audet,
1299 691 1546 773 quamvisutique

59 779 90 838 lu·
100 797 161 858 per
176 796 211 839 os
228 776 397 857 4444444444
414 778 525 842 clamem
538 781 652 852 iratus,
665 788 781 844 terreor
834 797 893 839 uon
908 780 1068 843 desiderat.
1090 782 1157 844 Vale
1173 785 1193 845 6
1211 782 1333 845 044440.
1344 783 1444 864 April.
1457 788 1545 847 4489.

58 890 94 932 ac
118 871 240 933 omisso
250 872 320 951 jam
340 870 452 932 nollem.
469 873 600 952 lteriique
612 893 670 955 pra
687 894 721 936 re
737 877 780 954 io
875 875 961 935 Liber
981 875 1019 936 de
1040 878 1102 938 vila
1123 882 1154 936 et
1175 877 1302 938 heroicis
1318 878 1485 940 actionibus
1502 896 1550 940 re·

56 983 113 1037 sa,
131 982 226 1044 quam
244 970 377 1040 tractat,
395 966 780 1044 etfiyurasvarratmtvo·
835 966 1006 1044 ligiosorum
1040 970 1070 1030 S.
1101 969 1262 1048 Augustini
1283 989 1335 1049 per
1362 973 1548 1052 octingentos

55 1061 98 1119 444
116 1058 251 1137 aemes,
270 1056 427 1138 stultique
439 1064 583 1121 actionem
596 1069 683 1140 qestu
699 1080 779 1123 com·
836 1075 942 1133 annos,
964 1068 995 1120 et
1015 1061 1149 1138 eiusdem
1172 1062 1284 1123 ordinis
1301 1063 1546 1140 constitutiones,

56 1152 184 1213 merrdat.
201 1151 361 1214 Milioero
372 1152 460 1213 etiam
472 1153 630 1234 (utsatear)
641 1171 778 1217 crescere
835 1151 1103 1232 Ordinationosque
1120 1173 1196 1234 quae
1212 1157 1294 1217 44444
1311 1174 1364 1235 per
1379 1158 1455 1218 tanti
1469 1163 1546 1219 tem·

57 1247 168 1326 inipso
182 1245 325 1328 pulpito,
346 1262 399 1305 nec
415 1262 512 1326 supra
527 1247 579 1307 sui
602 1247 695 1322 modo,
722 1248 779 1311 sed
832 1247 966 1322 ponsa
998 1248 1125 1306 Illariano
1157 1248 1290 1329 digestae
1320 1248 1546 1313 interciderunt.

56 1341 172 1400 4444444
188 1339 426 1420 mmralomims
441 1357 612 1402 cursuram
628 1359 716 1421 saepe
733 1349 778 1404 est
832 1337 905 1398 Vide
927 1338 1050 1417 Philippi
1072 1340 1161 1400 Elssil
1192 1344 1422 1403 encomiasticon
1443 1344 1544 1422 Augur
1607 1384 1609 1389 ,

56 1435 150 1495 44444.
160 1434 206 1494 Ac
218 1433 292 1494 dum
302 1433 571 1514 nonnunquam
581 1433 699 1513 4449444
710 1452 777 1495 con·
831 1431 993 1495 stinianum
1017 1449 1080 1510 pag.
1104 1433 1170 1496 405.

58 1526 191 1607 templor,
204 1528 296 1588 cessit
304 1524 451 1586 44444444
455 1526 614 1607 judicium.
628 1525 776 1589 Putabam
870 1523 1065 1586 MARIANUS
1077 1523 1263 1587 Florentinus
1275 1527 1344 1588 Ord.
1355 1529 1458 1589 Minor.
1471 1531 1544 1588 scri·

55 1620 120 1702 fore
135 1626 255 1695 tomen,
271 1625 308 1680 ut
321 1625 495 1699 cousumpta
507 1619 695 1698 postmodum
723 1639 774 1680 mo·
831 1623 897 1694 ntor
919 1615 1072 1677 Fasciculi
1102 1617 1316 1680 Chronicorum
1337 1620 1458 1685 Ordinis
1477 1622 1545 1693 sui,

56 1713 265 1785 diminuimus
283 1713 314 1772 im
330 1712 394 1774 dies
410 1731 456 1773 me
472 1719 602 1793 caperet.
617 1713 775 1775 Caeterum
828 1709 962 1770 distincti
996 1711 1026 1768 in
1058 1711 1148 1771 libros
1168 1714 1201 1772 V.
1228 1721 1258 1773 et
1289 1714 1387 1775 adhuc
1420 1714 1550 1788 inediti,

57 1805 299 1867 eumoccidit:
315 1805 393 1866 idem
410 1805 487 1867 enim
499 1806 665 1888 postridie,
683 1809 775 1887 quasi
827 1803 907 1879 quod
929 1803 1039 1865 desinit
1061 1805 1091 1862 in
1112 1821 1160 1864 an.
1184 1804 1269 1865 ll86.
1292 1805 1329 1866 de
1350 1823 1410 1882 quo
1435 1805 1541 1865 viden·

60 1898 133 1960 alius
147 1897 353 1974 audiebatur,
369 1900 423 1960 sed
435 1899 484 1959 illo
501 1901 564 1980 ipso
582 1901 701 1978 melior,
719 1903 775 1983 qui
826 1894 885 1956 dus
904 1897 949 1955 lo.
976 1898 1125 1974 Launojus
1157 1896 1230 1958 libro
1251 1897 1288 1957 de
1310 1906 1432 1959 auctore
1453 1897 1542 1961 444444

60 1992 150 2073 pridie
167 1995 258 2054 uuus
273 1993 410 2071 optimas.
428 1993 488 2054 Nec
502 2000 534 2053 tu
561 1993 638 2056 illari
657 2011 765 2074 corpu.
826 2005 892 2048 rum
915 1988 952 2049 de
976 1991 1139 2050 imitatione
1161 1992 1297 2066 Cllristi,
1319 1993 1416 2070 capite
1437 1991 1488 2052 VII
1509 1997 1541 2052 et

62 2083 174 2145 saelum
191 2086 412 2165 muleoepseris.
439 2088 600 2161 Invictum,
628 2086 769 2167 infatiya.
824 2081 921 2141 lulius
942 2083 1030 2160 Niger
1051 2085 1080 2140 in
1100 2082 1338 2144 Florentinorum
1355 2087 1536 2162 scriptorum

59 2176 112 2240 lita
125 2185 188 2241 ert:
203 2183 240 2238 ut
255 2196 312 2238 aaa
328 2177 448 2239 aliunde
462 2180 557 2257 magii
572 2183 772 2259 repararem:
827 2175 952 2233 Historia
975 2191 1038 2252 pag.
1062 2175 1130 2235 397.
1146 2176 1194 2235 ubi
1214 2175 1342 2237 traditur
1359 2179 1449 2237 etiam
1466 2177 1542 2237 sori-

58 2290 117 2341 res,
128 2270 267 2352 quamde
285 2268 438 2332 laboribus
455 2271 527 2352 Ipsis
543 2272 687 2333 vitentur.
696 2275 771 2350 0444
824 2268 920 2344 psissc
942 2266 990 2326 hic
1010 2270 1159 2328 Marianus
1181 2267 1356 2346 Catalacum
1380 2271 1445 2329 sive
1471 2267 1538 2331 ltre-

60 2366 124 2427 inde
143 2372 248 2427 444444
266 2369 489 2440 motumvocrs,
508 2370 620 2427 4444444
635 2369 767 2446 spiriaci
823 2359 936 2421 viorem
957 2358 1112 2420 historiam
1129 2361 1250 2442 piorum
1269 2361 1405 2442 fratrum
1435 2362 1539 2424 laico-

57 2466 172 2520 lantum
190 2459 304 2520 virium
317 2505 325 2530 ,
340 2475 378 2518 ac
394 2457 522 2518 laterum
537 2463 696 2538 speraret?
709 2462 769 2522 Ad.
822 2469 891 2513 rum
905 2453 957 2514 sui
972 2452 1104 2531 Ordinis,
1120 2464 1150 2514 ct
1166 2454 1246 2515 vitus
1264 2453 1538 2519 calumniarum

58 2552 90 2613 (te
105 2552 408 2633 qaodrerurticatur
424 2551 700 2632 quamnquam,e
718 2555 768 2616 de.
824 2546 945 2607 Ordinis
961 2549 991 2608 S.
1012 2547 1135 2608 Clarae:
1154 2548 1351 2608 Iliaerorium
1374 2545 1462 2610 llrbls
1483 2553 1538 2611 Ito-

56 2647 141 2724 nique
158 2662 230 2705 cum
248 2643 310 2723 ipso
325 2643 512 2724 familiarius
528 2646 592 2722 aqi:
607 2647 768 2726 etquidem
822 2657 887 2700 moe
903 2640 1074 2702 distinctum
1091 2642 1122 2701 in
1140 2641 1246 2722 Capita
1263 2642 1369 2703 XVIII.
1393 2649 1425 2701 nt
1448 2641 1538 2705 44444-

56 2736 128 2797 nihil
135 2736 204 2798 vidi
213 2735 364 2817 placidius
376 2785 383 2805 ,
397 2736 472 2798 nilu'l
488 2743 586 2797 tamen
597 2740 686 2799 elram
695 2758 768 2801 cau.
821 2732 901 2793 riam
914 2734 950 2795 de
967 2734 1163 2795 translatione
1179 2733 1298 2795 habitui
1316 2732 1416 2797 sancti
1430 2736 1535 2797 Pallii

58 2830 122 2891 tius.
138 2831 206 2891 Non
222 2827 619 2908 ejusabsterretseoeritas,
630 2850 688 2892 444
699 2834 767 2894 itam
823 2828 979 2889 Fennoesci
996 2846 1017 2887 a
1033 2831 1129 2888 Monte
1149 2835 1235 2889 acuto
1263 2826 1465 2906 Florentiam,
1486 2833 1537 2891 cui

58 2923 223 3003 corrumpit
235 2921 377 3003 facilitas.
392 2922 455 2983 Alii
469 2940 535 2984 aum
552 2941 584 2986 ee
600 2927 761 3004 maqirtror
824 2921 1009 2981 translationi
1030 2929 1135 2982 auctor
1157 2924 1219 3000 ipsa
1240 2923 1375 2983 interluit
1395 2924 1431 2984 Α.
1447 2922 1536 2999 4504.

60 3016 251 3079 molesiarum
268 3016 466 3097 profitentur,
484 3017 611 3079 credunt
629 3016 690 3079 sibi
705 3021 766 3099 jus
862 3014 949 3090 (497.
976 3015 1042 3074 Vita
1071 3017 1104 3076 B.
1126 3015 1275 3076 Antoniae
1307 3016 1345 3076 de
1376 3017 1535 3078 Florentia.

59 3126 116 3170 csse
129 3110 161 3170 in
178 3108 428 3185 homiuesoitae,
445 3115 474 3170 et
489 3111 571 3172 necis
584 3132 593 3171 :
608 3111 709 3191 itaque
724 3115 769 3174 sia
821 3107 981 3166 Tractatus
1012 3107 1049 3168 de
1071 3112 1185 3186 origine
1214 3110 1368 3170 nobilitate
1388 3116 1420 3171 et
1439 3111 1538 3173 excet-

60 3200 284 3283 mtmpmauter
299 3207 444 3280 potestate
460 3200 768 3277 abutuntur,utmum-
820 3197 911 3259 lentia
932 3201 1059 3260 Tusciae
1094 3203 1270 3279 explicitum
1305 3219 1354 3262 an.
1388 3202 1476 3264 4047·
1501 3210 1536 3265 ut

61 3311 142 3372 quam
150 3294 357 3375 supercilium,
367 3312 520 3374 44444444
527 3295 694 3376 paedayoyi
700 3297 766 3361 444-
819 3293 900 3353 MSS.
924 3293 1088 3354 Florentiae
1102 3297 1130 3354 in
1144 3296 1216 3356 Bibl.
1238 3298 1291 3357 PP.
1313 3294 1529 3374 D’Oam'ssanti

62 3392 179 3464 tum,et
196 3386 293 3450 certa
309 3386 363 3448 illa
388 3391 497 3449 tetrica
523 3388 680 3469 deponant.
707 3393 763 3452 llic
820 3393 1025 3446 memorantur
1042 3389 1071 3445 in
1089 3386 1314 3468 Biblioqrafiaa
1331 3391 1486 3466 Mausolo.)
1588 3386 1591 3391 ⁴

62 3485 150 3541 aulem
163 3487 265 3542 noster
281 3481 327 3543 sio
343 3481 462 3542 modum
476 3487 576 3542 444444
590 3481 694 3544 didicit
705 3490 764 3556 ,ut
856 3479 1047 3541 adalanus
1067 3482 1173 3543 Scotus
1193 3485 1258 3540 sive
1282 3482 1454 3555 Ilibernus,
1474 3486 1534 3554 444-

64 3571 159 3654 inipso
175 3580 292 3635 tamtum
304 3573 420 3656 pulrrito
435 3592 597 3635 censuram
613 3585 765 3638 emnceat:
821 3572 936 3632 nacbus
956 3572 1027 3632 Ord.
1049 3573 1159 3633 Bened.
1176 3573 1323 3662 Coloniae,
1341 3575 1462 3650 Fuldao,
1473 3580 1534 3638 Ido-

65 3666 302 3740 mmdeseemdit,
319 3667 444 3728 imoicem
464 3666 592 3729 civiliter
616 3669 762 3750 44444444.
818 3667 958 3742 guntiae,
980 3683 1036 3727 nec
1057 3683 1115 3726 non
1138 3664 1334 3739 Ratisbonaa,
1357 3666 1406 3727 uhi
1419 3668 1533 3731 4444444-

68 3758 211 3831 Qiuresie
228 3779 248 3820 a
262 3760 569 3834 me,sical’icoitem
584 3761 765 3823 Mirandula
818 3761 942 3819 malicus
963 3767 994 3819 et
1024 3776 1124 3821 sacras
1156 3760 1271 3820 litteras
1297 3758 1417 3835 docuit,
1438 3768 1530 3840 atquo

70 3863 119 3909 mo
137 3850 222 3922 (bone
237 3852 337 3925 Ileus,
350 3853 511 3932 quooirott
521 3852 764 3933 0444444444-
818 3852 926 3912 iterum
946 3856 1133 3933 Mogontiae,
1151 3853 1200 3914 utri
1213 3852 1373 3914 defunctus
1389 3854 1424 3914 Α.
1442 3854 1530 3917 4088.

72 3946 124 4017 lm,
141 3945 271 4006 utnulla
288 3946 385 4023 mo9is
403 3964 495 4026 quam
511 3964 645 4007 emmone
662 3945 764 4023 llinis,
817 3945 860 4004 De
882 3945 937 4006 hoc
955 3954 1074 4025 practer
1091 3948 1216 4006 Baleum
1235 3942 1312 4004 xlv.
1331 3946 1378 4008 45.
1391 3948 1531 4012 vossium

74 4038 306 4099 eloonsuetudme
323 4038 477 4100 tristitiam
494 4038 610 4099 latoris
626 4038 766 4100 4444444-
819 4054 882 4116 pag.
905 4041 974 4101 384.
998 4040 1131 4100 Cavanm
1149 4038 1187 4099 ad
1208 4055 1255 4097 an.
1275 4038 1361 4100 4009.
1377 4040 1529 4105 Oudinum

74 4140 131 4191 444.
147 4132 223 4193 Nam
240 4134 421 4194 Laurentius
447 4133 510 4213 ipse
534 4131 678 4205 Iledices,
708 4133 763 4194 cle·
817 4138 888 4191 tom.
911 4133 939 4207 2,
961 4149 1025 4211 pag.
1048 4133 1116 4191 098.
1137 4135 1198 4191 lac.
1220 4131 1381 4192 Waraeum
1402 4131 1440 4194 de
1457 4138 1531 4197 sori·

75 4234 131 4294 tom
147 4225 329 4304 4494444444
341 4226 765 4305 spectator,quoalumltomi-
818 4225 951 4302 ptanbus
974 4225 1128 4285 Iliberniac
1147 4224 1196 4285 lib.
1216 4227 1242 4285 4.
1261 4242 1327 4303 pag.
1341 4227 1378 4286 00
1394 4226 1528 4309 aliosque

77 4312 100 4370 tl
110 4315 236 4379 tribuat:
252 4335 312 4379 nom
327 4319 411 4381 ando
434 4317 602 4381 substrttcto
626 4321 764 4401 protomus
820 4316 956 4379 laudatos
977 4336 995 4380 a
1016 4319 1132 4379 Labbeo
1153 4327 1224 4378 tom,
1246 4319 1274 4379 a.
1296 4319 1334 4379 de
1354 4316 1383 4379 S.
1406 4320 1440 4381 E.
1462 4340 1527 4403 pag.

80 4401 167 4487 044944
181 4414 214 4473 8.
225 4409 450 4473 Gallicoemolio
466 4411 610 4486 ostendit,
623 4413 676 4475 sed
689 4414 764 4476 mul-
819 4411 865 4471 52.
877 4412 1013 4474 adeunda
1025 4413 1099 4474 Acta
1111 4415 1244 4475 sanctor.
1257 4421 1327 4473 tom.
1343 4412 1371 4473 2.
1387 4414 1525 4477 Februar.

79 4499 297 4583 0404444494
312 4503 492 4566 assiduitate
508 4503 653 4584 quadam,
670 4505 765 4568 cultu-
820 4522 885 4583 pag.
908 4506 975 4566 364.
997 4523 1060 4585 seq.
1090 4515 1121 4567 et
1151 4508 1296 4587 Georgius
1325 4506 1476 4569 Makcnzie
1497 4512 1525 4570 in

80 4601 134 4662 tu:
149 4603 182 4658 ul
197 4615 260 4659 444
270 4597 399 4660 camillo
410 4595 766 4661 ambulatiunculamom-
818 4614 906 4676 opere
927 4598 965 4661 de
975 4602 1046 4660 vitis
1063 4602 1242 4680 scriptorum
1258 4600 1423 4674 Scotorum,
1434 4602 1527 4662 Edin-

80 4680 148 4748 Illuc
160 4688 255 4769 ferme
269 4690 351 4753 oilae
366 4688 505 4751 urbanae
518 4690 764 4763 04444τεί04444-
819 4691 904 4771 burgi
926 4692 1012 4754 4708.
1037 4694 1085 4754 444.
1106 4694 1230 4773 Anglrce
1252 4693 1339 4753 editis
1361 4700 1432 4752 tom.
1455 4696 1483 4756 4.
1496 4713 1525 4773 p.

83 4775 182 4855 044444.
199 4784 478 4864 Itaquetequoqne
494 4783 609 4861 liortor,
620 4785 762 4866 inspicias
818 4786 865 4843 99.
888 4788 956 4846 409.
977 4789 1105 4848 Exstant
1125 4788 1192 4864 ejus
1220 4784 1434 4849 Chronicorum
1464 4776 1525 4848 An-

80 4860 193 4938 4444444
210 4878 252 4955 (44
264 4879 360 4960 potes)
380 4881 409 4939 et
425 4877 581 4958 explores,
604 4878 694 4940 etiam
726 4880 762 4941 de
817 4880 929 4942 nulium
941 4878 1013 4940 libri
1026 4882 1080 4941 III.
1093 4899 1221 4959 quorum
1232 4874 1525 4965 primusdnionn&
