3368 5362
156 309 281 380 lamque
301 299 363 380 jam
386 313 474 360 suam
497 296 653 356 triremem
675 292 802 355 classem
821 310 874 353 au-

156 396 287 474 genuam,
309 409 427 455 summa
450 409 504 452 sua
525 407 595 451 cum
618 394 787 469 potestate,
809 386 874 446 dili·

155 491 279 569 gentia,
299 488 481 564 solertiaque
503 483 677 545 incumbere
709 485 802 557 seito,
835 479 873 540 ad

155 601 232 662 quae
254 601 313 643 uon
333 580 419 642 modo
435 581 555 659 Regiam
571 595 656 639 suam
675 577 800 652 Urbem,
819 573 873 634 sed

155 680 279 756 Aligeas
292 678 394 754 utique
410 674 541 747 lnsulas,
560 675 717 744 Lemnum,
731 671 873 741 imbrum,

155 773 284 850 Scyron,
302 772 464 848 Scyatum,
482 768 687 846 Scopulosquc
704 765 873 828 admiscen-

155 867 227 929 dum
249 862 532 927 emmunitatem
554 869 583 921 13
606 877 697 938 3333
730 859 782 920 diu
812 858 874 918 leli·

154 963 285 1035 ciorenr,
306 966 337 1020 et
358 965 388 1019 13
410 958 607 1019 Sanctissima
631 956 685 1016 bac
709 957 736 1014 in
753 951 874 1031 capedi-

153 1057 234 1116 tione
246 1054 377 1116 revisere
389 1059 468 1130 opto.
479 1048 573 1110 Pridie
585 1048 666 1111 Idus.
685 1047 853 1127 septembr.

196 1152 352 1211 Praeterea
368 1146 461 1206 clusis
474 1189 481 1218 ,
496 1152 527 1204 et
542 1143 578 1204 ad
597 1143 675 1204 diem
694 1143 774 1205 bunc
791 1141 871 1205 Xlll.

155 1243 283 1307 Kalend.
304 1239 449 1305 Octobres
473 1238 659 1300 morantibus
680 1239 797 1308 literis,
818 1238 875 1299 Nu·

154 1339 230 1400 biles
265 1332 399 1397 nonnulli
429 1333 607 1394 Genuenses
636 1332 694 1392 Viri
718 1333 810 1392 certis
837 1346 873 1392 ex

156 1430 256 1494 llhodo
271 1428 405 1508 epistolis
421 1427 644 1506 significarunt,
664 1425 792 1487 llbodios
810 1426 875 1488 ΛΕ-

156 1527 313 1604 gyptiucae
335 1519 429 1582 Classi
454 1523 607 1598 ingentem
640 1519 762 1581 Cladem
798 1522 875 1580 intu-

157 1618 251 1691 lisse,
272 1624 303 1678 et
324 1631 401 1694 quos
435 1614 471 1676 ad
495 1621 605 1674 terram
627 1613 822 1685 desilientes,
844 1620 875 1673 et

157 1714 273 1775 maenia
296 1726 441 1789 quassare
470 1708 621 1768 calcantes
650 1714 874 1781 convenerant,

158 1805 194 1868 ad
220 1821 328 1864 novem
353 1803 508 1862 hominum
536 1801 624 1860 millia
657 1808 781 1878 captos,
809 1817 875 1862 cae·

156 1915 266 1976 333333
290 1897 416 1967 1331333,
448 1894 682 1971 machinasque,
714 1912 749 1955 ac
780 1896 873 1973 spolia

155 1993 254 2052 emnia
276 1989 400 2050 barbara
421 1987 600 2066 diripuisse,
621 1995 652 2048 et
674 1991 752 2050 inter
783 1991 877 2068 capti·

155 2101 211 2144 vas
232 2102 249 2144 e
271 2080 539 2162 praestantioribus
560 2081 732 2142 Admiratos
754 2100 809 2144 sex
832 2085 876 2143 in-

155 2173 578 2254 133333133303333311331
602 2174 792 2237 lelicissimae
826 2193 874 2236 res

153 2278 302 2350 quantum
318 2270 502 2331 Christicolis
512 2265 677 2347 adjumenti
699 2272 872 2347 extiterint3

151 2364 351 2443 Barbarisquc
390 2363 521 2441 33313313
566 2363 702 2424 hostibus
740 2364 872 2425 31131333

153 2474 227 2521 3333
248 2465 278 2517 13
296 2457 461 2534 inlelligere
477 2457 610 2531 3313333,
632 2459 765 2533 331133,
782 2464 872 2534 31333

153 2552 378 2632 sapientissime
401 2556 504 2628 33133,
526 2557 558 2608 31
580 2548 641 2609 iere
663 2556 782 2629 patrum
803 2552 873 2610 insi·

153 2665 230 2726 gne,
252 2652 284 2706 et
305 2645 474 2706 immortale
495 2643 603 2704 decus.

214 2742 246 2802 E.
269 2740 302 2799 il.
326 2741 356 2799 P.
381 2739 415 2799 Τ.

429 2832 639 2893 Dicatissimus
660 2828 809 2909 Kyriacus

491 2924 710 2986 Anconitanus.

485 3086 550 3147 vlt.

173 3248 373 3321 rluconilorao,
396 3243 577 3326 1133133333
599 3244 685 3308 bus:
710 3252 738 3308 el
757 3248 849 3310 Anco·

193 3357 377 3432 3113333333,
394 3354 699 3438 llbapusoeorumque
709 3357 830 3440 foedata:

214 3484 256 3527 cx
291 3465 328 3526 K.
367 3462 402 3525 P.
441 3463 477 3522 Λ.
516 3463 634 3525 Morino
672 3465 816 3529 (13113311

254 3577 409 3652 1133133333
445 3574 512 3631 Viro
540 3572 584 3635 Cl.
618 3574 772 3653 Ir'yriocus

285 3680 498 3742 Anconituuas.
523 3680 742 3743 Picenicollcus.

194 3905 339 4024 Venisti
359 3972 407 4025 tan
423 3964 503 4042 133,
521 3972 660 4045 optume,
675 3969 870 4046 praestantis·

154 4059 290 4135 31133333
311 4060 436 4130 itariae,
460 4068 593 4119 nostram
617 4061 872 4122 333313333113·

153 4168 222 4212 nam
245 4154 274 4212 P.
298 4153 331 4214 C.
352 4171 388 4213 33
410 4156 593 4232 3331133133
610 4156 735 4217 Vestrae
752 4157 871 4217 nobilis-

153 4248 246 4313 simae
267 4246 407 4307 Civitatis
427 4248 528 4308 ordine
551 4253 698 4329 Legatos,
716 4259 746 4310 31
765 4254 871 4313 033133

152 4342 309 4419 egregius,
330 4339 366 4401 ed
390 4342 617 4416 renovandum,
639 4346 803 4422 quinimmo
822 4362 871 4424 po·

58 4497 61 4501 ,
153 4435 213 4493 1133
230 4433 326 4493 dicam
346 4436 373 4494 in
394 4436 500 4496 melius
518 4437 761 4511 emendandum,
780 4441 870 4499 reior-

153 4526 356 4605 nlandumquo
383 4530 487 4591 laedas
512 4528 627 4607 jamdiu
663 4535 867 4595 intermissum

151 4620 464 4701 1313313333313333,
487 4630 518 4685 31
541 4635 657 4685 3331333
680 4628 792 4689 tamdiu
819 4646 870 4689 no·

150 4712 197 4773 bis
231 4716 429 4778 amicissimos
463 4719 865 4799 1113333333333113113133

192 4915 228 4975 (1)
244 4915 309 4965 Vide
327 4915 447 4968 11133333.
466 4920 701 4974 1113133113333311.

715 183 948 258 CYerlCl
984 172 1098 259 ,aab

929 293 1042 354 scilicet
1065 298 1261 371 utrarumque
1283 294 1379 357 Cives
1400 294 1497 368 inter,
1515 291 1616 353 hincin-

928 386 965 447 de
987 389 1097 462 socios,
1120 389 1244 462 incolas,
1268 394 1300 447 et
1320 388 1457 448 colonos.
1477 387 1551 465 Opus
1573 387 1619 464 331-

928 480 996 540 dem
1021 480 1179 541 honestum
1205 483 1232 539 in
1258 481 1383 558 3313313,
1410 490 1442 541 31
1469 480 1620 558 exoptabile,

929 577 1024 652 pium,
1050 576 1134 648 utile,
1156 575 1297 653 dignum,
1319 575 1507 645 humanum,
1535 582 1561 633 et
1584 573 1620 631 ho·

930 669 1074 742 norabilc,
1096 677 1380 748 opportunumque,
1402 678 1434 728 et
1463 668 1624 747 quodammo-

929 761 966 820 do
989 762 1057 822 binc
1079 763 1146 823 inde
1168 763 1368 835 Civitatibus,
1391 764 1577 842 gentibusque
1594 760 1624 817 iu-

931 856 1027 915 vicem
1052 858 1255 917 necessarium
1277 858 1435 916 excitatis.
1451 855 1506 915 Sed
1521 871 1572 932 333
1585 856 1625 918 sis.

928 957 1051 1027 optumo
1078 953 1203 1022 liarine,
1234 952 1379 1025 alacrior,
1414 951 1577 1027 avidiorque
1599 947 1625 1006 31

930 1045 1002 1106 baec
1026 1048 1087 1125 ipsa
1110 1045 1322 1107 honestissima
1353 1043 1475 1105 laedera
1506 1040 1627 1110 ineunda,

929 1143 1146 1220 firmandaque,
1163 1140 1239 1202 baud
1260 1140 1352 1201 dubie
1372 1139 1493 1211 habeto,
1505 1136 1573 1215 quod
1585 1137 1629 1194 133

929 1237 1050 1299 deratae
1072 1236 1158 1296 binae
1180 1235 1236 1295 bae
1259 1237 1388 1314 antiquo
1408 1233 1540 1302 nobiles,
1559 1237 1628 1306 31333

930 1333 1097 1395 liberrimae
1130 1332 1270 1391 civitates
1307 1329 1497 1400 maritimae,
1527 1326 1628 1384 invicem

930 1429 1130 1490 amicissimae
1153 1425 1293 1500 Ancona,
1315 1432 1348 1485 31
1370 1422 1533 1502 Epidauria
1556 1419 1630 1498 11333-

929 1523 1011 1594 3133,
1032 1521 1232 1582 adamantinis
1259 1519 1495 1579 benevolentiae
1527 1515 1631 1574 31333113

926 1616 1064 1695 junctae,
1086 1615 1162 1675 duae
1186 1613 1279 1674 veluti
1296 1612 1514 1673 stabilissimae
1531 1609 1630 1684 11113331,

930 1711 1133 1789 113131131333
1155 1711 1254 1782 31333,
1283 1706 1320 1768 ad
1357 1714 1525 1783 utrumque
1554 1702 1631 1770 lalus,

928 1814 960 1867 31
972 1804 1177 1866 ineluctabiles
1194 1818 1281 1861 arces
1295 1803 1468 1861 extiterint.
1483 1798 1559 1860 llaec
1569 1798 1630 1856 enim

929 1902 965 1961 ad
989 1901 1135 1972 italicum,
1157 1897 1204 1956 1113
1232 1894 1357 1973 quidem
1388 1895 1429 1954 ad
1456 1895 1631 1956 Dalmaticum

929 2012 984 2057 333
1009 2010 1146 2072 3333333
1164 1991 1277 2062 littora,
1312 1991 1474 2068 mariaque
1504 1993 1630 2055 tutantes,

928 2105 1056 2166 quarum
1075 2085 1196 2164 quidem
1214 2084 1362 2144 nobilium
1382 2084 1631 2150 Civitatumsitus,

929 2183 1080 2259 regiones,
1105 2186 1136 2239 et
1152 2180 1289 2256 egregias
1304 2178 1484 2256 qualitates,
1503 2177 1579 2236 bisce
1597 2173 1633 2232 be

929 2274 1118 2334 nevolentiae
1141 2280 1210 2332 1333
1233 2272 1306 2332 duxi
1326 2289 1422 2348 quam
1439 2271 1543 2348 paucis
1559 2268 1632 2328 adue

928 2366 1066 2428 tondum.
1101 2368 1151 2427 Est
1186 2367 1267 2423 enim
1288 2365 1409 2425 Civitas
1432 2367 1553 2424 Ancona
1571 2359 1635 2419 nobi·

928 2461 974 2534 113,
984 2461 1005 2540 (1
1016 2461 1022 2530 1
1032 2468 1063 2520 31
1075 2467 1135 2520 1313
1151 2460 1211 2518 1333
1224 2458 1297 2517 orbe
1311 2458 1481 2535 praeclara,
1492 2456 1636 2536 egregium·

927 2572 987 2632 333
1006 2555 1102 2615 Piceni
1128 2553 1300 2630 provinciae
1336 2560 1442 2630 caput.
1467 2551 1531 2623 Quo
1560 2550 1632 2608 etiam

929 2665 1036 2708 nomen
1055 2648 1125 2708 dare
1139 2664 1191 2725 333
1203 2647 1385 2707 excellentia
1401 2649 1529 2718 meruit,
1542 2653 1571 2705 ut
1586 2642 1632 2702 13-

927 2743 1065 2801 33311333
1086 2741 1215 2802 1133313133
1245 2747 1494 2818 nuncuparetur.
1530 2738 1630 2799 Etenim

928 2835 1003 2895 Vero
1024 2837 1125 2909 altius,
1158 2842 1191 2896 ut
1222 2852 1256 2895 ea
1284 2834 1321 2894 de
1342 2834 1500 2912 praeclare
1526 2833 1632 2893 cirtulo

927 2931 1050 3008 antiqua
1072 2931 1109 2990 ab
1130 2930 1241 3007 origine
1261 2937 1422 3007 repetam,
1442 2930 1494 3009 qui
1517 2944 1578 2988 earn
1597 2929 1633 2982 13-

928 3024 1025 3084 mines
1050 3024 1088 3084 ab
1117 3023 1231 3102 origine
1263 3023 1481 3098 condiderint,
1503 3038 1589 3101 quare
1605 3034 1632 3078 ea

927 3125 1012 3195 parte
1041 3121 1197 3191 venerint,
1221 3135 1278 3177 uon
1311 3120 1390 3178 satis
1423 3126 1541 3180 certum
1573 3118 1633 3175 inter

927 3221 1066 3274 auctores
1089 3213 1234 3286 Graecos,
1264 3213 1432 3273 Latinosvc
1465 3218 1630 3291 compertum

925 3307 1039 3382 babeo,
1060 3325 1114 3367 nec
1136 3309 1244 3367 mirum
1268 3313 1331 3366 tam
1355 3308 1447 3386 longo
1468 3324 1543 3369 aevo
1562 3306 1631 3365 Com·

926 3404 1084 3462 mentariis
1099 3419 1156 3460 non
1176 3399 1448 3462 intercedentibus.
1469 3404 1576 3473 Fuere,
1592 3397 1629 3475 331

924 3513 961 3555 ex
979 3495 1051 3555 Delo
1069 3511 1152 3556 sacra
1172 3496 1200 3553 in
1216 3493 1336 3571 Aegeo,
1352 3504 1449 3574 atque
1468 3495 1628 3555 nobilissima

923 3587 1088 3666 Cycladum
1110 3588 1220 3654 Insula,
1238 3597 1523 3650 commemorarunt
1547 3587 1630 3648 Sacer-

922 3681 1008 3743 dotes
1034 3682 1179 3760 quosdam
1210 3683 1292 3742 viros
1321 3700 1360 3743 ex
1391 3683 1498 3744 Dorica
1531 3682 1629 3758 regione

924 3774 1072 3851 Graecos,
1089 3795 1123 3836 ea
1144 3776 1219 3837 lorte
1234 3782 1422 3853 tempestate
1450 3772 1628 3855 praedonibus

923 3872 1050 3948 agitatos
1060 3870 1155 3931 altum
1168 3888 1220 3949 per
1234 3870 1369 3944 lonium,
1383 3871 1533 3948 illyrium,
1545 3865 1627 3928 11313

924 3967 1059 4026 ticumve
1086 3965 1341 4036 transtretantes,
1358 3972 1499 4024 nostrum
1526 3957 1625 4020 landen

924 4059 960 4118 ad
980 4061 1215 4138 promontorium
1236 4058 1351 4137 Cymba
1369 4057 1525 4121 devectos.
1541 4052 1625 4115 aeden

924 4154 1017 4215 Divae
1033 4154 1140 4214 Veneri
1158 4199 1165 4229 ,
1183 4171 1260 4231 3333
1278 4153 1334 4213 sibi
1362 4155 1425 4213 Dea
1450 4152 1537 4214 Coelo
1562 4145 1624 4207 brol·

923 4265 981 4327 gna
1011 4247 1125 4321 luerat,
1143 4255 1301 4326 postquam
1321 4246 1519 4317 dicaverant,
1538 4238 1623 4321 prinei·

924 4345 1005 4421 pium
1034 4342 1160 4402 Civitati
1177 4341 1318 4416 dedisse,
1332 4345 1422 4419 eiquo
1442 4356 1547 4400 nomeu
1562 4336 1621 4394 situs

923 4438 1145 4516 opportunitate
1178 4435 1213 4496 ad
1244 4439 1365 4495 3333331
1395 4434 1488 4495 cubiti
1518 4433 1618 4509 liguram

921 4531 1034 4591 Graeco
1059 4531 1202 4591 vocabulo
1230 4528 1386 4591 Anconam
1419 4531 1521 4589 merito
1546 4528 1615 4599 lupe

921 4628 1029 4686 suisse.
1052 4627 1133 4697 Quos
1154 4623 1243 4683 deide
1272 4628 1429 4686 33331133
1455 4621 1559 4699 Lydia,
1581 4616 1613 4673 11
1672 4636 1674 4659 ¹

922 4722 990 4793 nia,
1013 4722 1116 4794 Caria,
1139 4718 1522 4797 alqueCiliciaiuvenes,
1543 4721 1608 4788 33111
1672 4706 1674 4743 ¹
