3368 5362
165 198 224 259 nra
514 146 517 150 ’
787 185 1044 249 sacrans

163 305 323 384 primarius
336 302 473 373 tuit,vir
496 300 604 379 ingenii
618 293 883 357 testividrlrorem
975 293 1166 356 ROGERlllS
1199 296 1300 372 Baco,
1339 298 1410 359 vide
1442 315 1531 379 supra
1554 303 1598 363 lib.
1618 306 1643 365 44.

163 400 341 458 actionama
363 397 406 454 lo.
425 393 567 453 Bossiano
584 391 783 469 excogitatam
804 389 884 449 locu·
928 378 1003 467 'pag.
1027 389 1095 449 430.

164 494 318 570 pistarit:
352 489 474 564 scripsit
505 494 656 565 praeterea
695 483 885 559 Quaestiones
978 482 1156 544 ROGERUS
1178 481 1291 558 litate,
1313 485 1386 546 vide
1409 489 1486 549 inira
1507 488 1627 568 Ninnius

162 581 353 655 sabbatinus,
369 583 523 642 Summam
546 595 636 658 super
656 580 711 638 lar
732 577 828 649 civile,
848 579 884 639 dc
977 576 1167 637 nocemus
1200 575 1424 656 Calcayninna,
1458 581 1650 657 Florentium,

163 674 268 736 libellis
283 676 392 735 etlnrc
405 671 567 747 canonico,
579 670 745 731 secundum
759 673 882 732 turmam
938 667 1009 729 Ord.
1020 668 1285 747 Praedicatorum‚
1306 670 1422 734 domus
1443 674 1474 735 S.
1494 675 1595 735 4444444
1613 693 1651 736 un

163 773 192 829 in
210 772 340 828 Romana
355 769 443 828 Curia
461 764 763 842 frequentatamtlric
778 764 885 846 prodiit
939 763 1036 823 vallae
1067 762 1176 822 ibidem
1210 762 1378 839 alumnus,
1411 775 1483 844 post
1512 769 1651 847 Inquisitor

161 862 254 940 Lugd.
286 860 363 937 apud
397 859 549 919 Matthiam
581 858 766 937 Bpnirnmma
798 858 884 918 4538.
939 857 969 913 44
991 856 1098 915 Tuscia
1121 854 1244 915 tandem
1266 873 1293 916 a.
1312 857 1403 918 4240.
1428 860 1592 938 Episcopus
1607 861 1650 922 Ca·

161 954 344 1016 Pancirollus
366 953 403 1015 de
424 953 513 1012 claris
536 953 649 1028 Legum
671 951 885 1028 interpretibus
940 950 1087 1021 strensis,
1107 947 1180 1007 obiit
1210 965 1238 1009 a.
1270 951 1361 1010 ⁴290.
1396 953 1549 1013 Laurentii
1573 954 1650 1027 Galli,

166 1050 200 1108 ll.
216 1038 369 1108 4844444.
383 1044 420 1105 de
434 1044 621 1106 Montlauccn
636 1043 710 1103 Bibl.
726 1043 886 1103 Bibliothe-
939 1040 1052 1101 ordinis
1071 1040 1229 1117 ejusdem,
1251 1041 1414 1102 Summam
1444 1045 1581 1124 liepicrrr,
1599 1048 1649 1106 aire

162 1158 264 1202 carum
284 1137 364 1199 MSS.
379 1139 511 1217 ptest.
530 1135 720 1198 43804987.
737 1137 887 1196 444444-
940 1135 1048 1194 librum
1081 1134 1119 1193 dc
1150 1134 1317 1195 virtutibus
1350 1143 1382 1196 et
1416 1138 1649 1216 virneeiiogn

163 1236 289 1293 sevinus
306 1239 386 1291 torno
405 1232 439 1291 44.
468 1231 638 1308 Apparatus
660 1247 686 1307 p.
709 1229 779 1290 350.
802 1228 883 1288 idem
939 1227 1051 1288 Gallica
1084 1229 1113 1286 in
1137 1226 1273 1288 Italicam
1305 1232 1487 1306 convertit,
1508 1233 1650 1310 etproprie

162 1324 271 1385 dicitur
301 1321 486 1404 Odosredns,
512 1321 551 1381 de
579 1338 639 1397 quo
667 1327 769 1381 noster
794 1337 885 1398 supra
938 1321 974 1382 ad
998 1322 1075 1381 hanc
1095 1319 1310 1382 Bibliothecani
1347 1339 1408 1382 non
1443 1325 1589 1402 pertinet,
1606 1325 1649 1384 nisi

148 1425 233 1476 tom.
252 1418 286 1476 V.
306 1434 371 1494 pag.
389 1416 455 1474 469.
472 1414 578 1473 Felleri
596 1411 689 1474 Catai.
707 1413 786 1475 4488.
812 1414 884 1474 Bibl.
940 1415 1094 1475 possevini
1128 1430 1213 1473 error
1243 1415 1288 1475 sic
1321 1420 1512 1490 annotetur,
1532 1418 1649 1495 4444444-

168 1511 318 1570 Paullinae
335 1526 400 1588 pag.
418 1508 486 1567 446.
505 1508 573 1567 dil.
941 1510 1003 1569 lum
1027 1508 1175 1567 versionis
1197 1509 1237 1567 ita
1260 1508 1366 1586 ponit:
1385 1508 1519 1570 Eversio
1534 1509 1649 1570 citiores

202 1600 410 1663 4404444008
424 1645 430 1675 ,
443 1600 544 1661 Abbas
556 1601 730 1660 Casineusis
741 1605 771 1659 et
785 1599 887 1660 Cardi-
940 1606 969 1661 et
990 1599 1181 1680 consequutio
1198 1599 1359 1660 uirtutem.
1380 1601 1459 1661 Vide
1486 1604 1547 1664 lac.
1561 1600 1648 1675 Qurtil.

164 1697 240 1756 neiis
253 1712 280 1755 a.
299 1696 386 1756 4489.
405 1692 495 1771 eujus
516 1693 647 1771 Epistola
676 1692 712 1753 ad
740 1696 885 1752 ioannem
940 1693 977 1754 de
999 1692 1200 1771 Scriptoribus
1220 1693 1291 1754 Ord.
1328 1696 1589 1759 Dominicanorum
1606 1696 1646 1755 tl

159 1789 197 1849 de
215 1789 337 1850 salerno
349 1788 449 1848 Presb.
471 1785 662 1846 cardinalem
692 1785 826 1863 Angelus
847 1785 884 1844 de
940 1805 968 1865 p.
980 1787 1050 1848 388.
1062 1788 1221 1848 Pocciantii
1235 1787 1335 1848 catal.
1348 1789 1541 1867 Scriptorum
1555 1791 1647 1851 Plorrn

160 1884 242 1943 Nuce
259 1881 352 1942 edidit
369 1883 397 1941 in
427 1885 530 1941 annot.
558 1878 594 1938 ad
624 1879 720 1939 Vitam
748 1879 779 1938 S.
793 1879 886 1938 Bene·
941 1884 1073 1942 tinorum
1096 1897 1125 1958 p.
1139 1879 1207 1940 459.
1229 1878 1345 1940 lulium
1368 1882 1498 1959 Nigrum
1519 1882 1555 1944 de
1574 1883 1645 1960 scrip

163 1975 234 2035 dicti
249 1993 275 2035 c.
299 1977 347 2036 48.
939 1983 994 2035 tor.
1006 1974 1185 2035 Florentinis
1207 1990 1235 2051 p.
1251 1972 1319 2033 487.
1340 1973 1502 2037 4444444444
1513 1976 1577 2055 pii
1595 1974 1645 2049 4499

203 2066 402 2137 nocemus,
419 2065 626 2127 atellanensis
647 2066 833 2144 44444444,
849 2066 886 2125 44
928 2052 1088 2130 'erasnm
1100 2067 1187 2126 444.
1198 2063 1232 2125 nt
1246 2067 1278 2127 s.
1295 2065 1341 2127 nr.
1358 2066 1488 2131 4444444
1502 2071 1556 2130 m.
1571 2068 1644 2137 44444

169 2176 247 2219 anno
284 2160 376 2220 4449.
413 2161 532 2237 scripsit
572 2157 647 2217 Acta
682 2155 887 2218 translationis
979 2160 1174 2224 nonnuliis
1198 2159 1297 2221 Casae
1318 2178 1416 2222 nonae
1437 2160 1470 2222 in
1490 2179 1575 2242 repro
1591 2160 1646 2223 aa

169 2257 339 2333 martyram
357 2248 597 2327 Abellineneinm,
620 2267 698 2327 quae
718 2251 886 2311 exstantia
937 2254 1069 2334 politano
1084 2251 1257 2327 Monachus,
1271 2255 1351 2314 vixit
1362 2257 1449 2318 circa
1460 2272 1569 2317 anuum
1582 2254 1645 2316 tm.

166 2346 251 2405 Actis
280 2344 458 2406 Sanctorum
488 2351 560 2404 tom.
591 2344 626 2406 44.
651 2344 735 2405 Febr.
760 2361 787 2422 p.
818 2343 887 2404 764.
940 2349 1016 2424 Eius
1036 2355 1084 2408 est
1119 2346 1182 2406 Vita
1210 2347 1244 2405 B.
1273 2344 1403 2406 Placidi.
1436 2348 1645 2409 tthodiausiser

167 2440 310 2519 Ughellus
327 2447 407 2500 tomo
424 2441 499 2500 Vlll.
516 2458 542 2518 p.
559 2440 625 2500 tsi.
941 2458 1012 2520 agra
1032 2439 1239 2513 Amiternino,
1262 2441 1397 2518 primum
1420 2443 1579 2516 eremitae,
1596 2444 1645 2518 poti

211 2532 424 2609 440οΕ444448,
455 2535 536 2594 Prior
564 2533 593 2592 S.
622 2531 783 2605 Abrahae,
811 2532 888 2591 circa
943 2533 1079 2594 monaehi
1101 2534 1264 2607 Ocrensis,
1286 2532 1406 2594 ordinis
1439 2533 1645 2601 cisterciensis,

166 2644 194 2686 4.
211 2628 297 2688 4470.
319 2628 445 2705 Scripsit
460 2623 625 2704 Epistolam
650 2624 687 2684 ad
712 2623 887 2684 Gauiridum
941 2627 991 2704 qui
1010 2625 1114 2685 eodem
1133 2625 1235 2688 secula
1253 2626 1340 2687 vixit.
1358 2627 1455 2688 Extat
1470 2625 1549 2706 apud
1563 2623 1645 2704 tigrin

173 2718 387 2796 subpriorem,
415 2725 483 2795 post
509 2718 642 2776 Priorem
683 2723 711 2775 et
743 2714 888 2774 Abbatem
943 2719 1004 2780 lum
1023 2719 1126 2778 ltaliae
1148 2719 1257 2777 Sacrae
1278 2720 1435 2780 tomo‘Vl.
1458 2736 1489 2798 p.
1508 2719 1574 2781 nst

168 2809 197 2868 8.
213 2808 318 2869 Annae
343 2812 509 2869 Monasterii
536 2809 748 2886 Bangeziensis
765 2810 794 2866 in
812 2805 890 2866 Neu·
983 2810 1158 2872 440οΕ4448
1181 2809 1413 2887 Cicmtrwnst's,
1445 2814 1524 2876 male
1552 2813 1646 2893 quitus

159 2903 260 2976 stria,
273 2919 362 2980 quam
381 2903 474 2962 habes
487 2902 564 2980 apud
580 2904 711 2962 Martene
725 2908 756 2959 et
768 2898 889 2960 Durand
944 2904 1013 2964 darn
1037 2903 1226 2976 Cestrensis,
1247 2902 1321 2963 Ord.
1343 2905 1374 2964 S.
1397 2906 1552 2967 Benedicti
1570 2919 1646 2967 marn

170 2994 259 3053 Thes.
278 3010 355 3053 noro
372 2993 592 3055 dnecdotorum
611 3001 682 3054 tom.
706 2994 725 3052 4.
738 3010 766 3070 p.
785 2994 851 3053 548.
943 2997 1020 3059 chus
1042 2998 1316 3058 Westmonasterii.
1329 2999 1466 3077 Scripsit
1485 2995 1644 3080 Polym-utin

107 3078 110 3085 ’
209 3085 385 3148 nonsatis
400 3084 543 3159 Albanas,
558 3087 683 3164 duglas,
696 3086 789 3164 patria
803 3086 889 3144 44444-
943 3095 1126 3170 temporum,
1153 3090 1183 3149 h.
1214 3107 1241 3148 e·
1274 3089 1519 3167 historiam-ab
1556 3090 1645 3168 ungine

167 3178 333 3252 4444444444,
348 3196 386 3239 ex
404 3177 510 3256 oppido
525 3178 555 3238 S.
587 3177 691 3238 Albani
719 3176 886 3249 oriundus,
943 3183 1046 3244 mundi
1070 3182 1224 3261 usquead
1246 3200 1275 3244 a.
1306 3183 1398 3246 4344.
1430 3184 1545 3246 Deinde
1562 3181 1646 3259 alind

163 3272 277 3332 ordinis
294 3272 485 3333 Carmeiitani
502 3270 668 3331 monachus
680 3270 887 3347 Londinensis,
939 3276 1183 3337 [incitamentum
1211 3276 1293 3336 XXV.
1322 3293 1497 3349 annonem,
1517 3270 1644 3354 usqaetd

165 3368 244 3425 circa
258 3362 887 3443 a.tt50.1tetiquitcompendinmHistoria·
940 3387 965 3430 a,
989 3371 1078 3431 4339,
1102 3370 1231 3429 44444444
1251 3370 1380 3430 centur.
1404 3372 1442 3431 v.
1476 3369 1523 3431 48.
1554 3371 1645 3430 Pitsens

164 3475 234 3517 rum
252 3455 367 3517 Bibliae
384 3462 414 3517 et
434 3456 612 3535 Propeniem
629 3457 744 3533 liepnm
766 3456 885 3514 Britan·
940 3480 965 3522 e.
988 3464 1056 3523 544,
1088 3462 1143 3522 Atii
1177 3458 1341 3522 [4444444444
1376 3471 1514 3538 vocant,
1533 3470 1566 3525 44
1582 3464 1645 3543 pout

164 3548 884 3612 niae.BalaeusCentur.Xll.7l.Piteusc.8i0.
939 3555 1064 3615 Vossius
1097 3554 1135 3613 de
1166 3555 1277 3614 ilistor.
1321 3557 1443 3615 Latinis
1473 3574 1505 3634 p.
1535 3548 1643 3616 444444

205 3644 380 3708 nocentis
396 3645 496 3705 Abbas
511 3645 543 3701 B.
557 3643 675 3702 Erurtii
689 3639 885 3702 Aurelianen·
939 3647 1141 3721 lticlrardum,
1163 3653 1199 3708 ut
1220 3654 1326 3707 monet
1354 3646 1502 3712 Oudinus
1521 3656 1593 3708 tamo
1608 3642 1641 3704 444.

164 3738 222 3811 sia,
241 3741 318 3798 circa
338 3755 366 3798 a.
394 3738 478 3798 4450.
506 3734 630 3812 Scripsit
658 3731 818 3811 Epistolam
846 3733 885 3793 ad
939 3752 1107 3820 perperam.

166 3831 329 3890 monachos
347 3833 376 3891 S.
400 3831 556 3890 ludontni
575 3827 832 3905 liothomagensis,
847 3826 884 3885 de
978 3833 1172 3908 4400444448,
1195 3834 1278 3893 Prior
1296 3828 1641 3915 cistercensisspnnn

166 3923 338 3983 inventione
347 3927 376 3984 B.
385 3925 500 3984 Evurtii
514 3938 592 4000 quae
602 3927 686 3980 extat
696 3935 743 3997 ap.
752 3920 883 3979 Matiene
938 3924 1005 4001 ejus
1025 3931 1103 3985 duae
1124 3932 1231 3988 extant
1248 3927 1328 4004 apud
1340 3929 1547 3990 Bertrandum
1558 3925 1641 3988 Tissttt

105 4048 108 4055 ·
166 4015 321 4074 etDurand
335 4017 424 4076 Thes.
437 4033 515 4075 novo
528 4013 732 4076 dnedotorurn
745 4019 765 4070 t.
782 4012 883 4072 4443.
940 4019 968 4077 in
991 4017 1066 4078 Bibl.
1087 4021 1209 4082 Petrum
1242 4020 1500 4082 cisterciensium
1526 4028 1590 4081 tom.
1605 4014 1638 4074 ΙΙΙ·

206 4104 404 4178 4406444408,
418 4110 585 4186 Episcopus
602 4108 732 4184 primum
746 4104 885 4165 Aurelia·
938 4128 1005 4191 pag.
1027 4111 1096 4172 449.
1119 4112 1188 4173 tat.

166 4196 267 4255 nensis
284 4204 315 4256 et
332 4199 573 4272 Lemovicensis,
591 4205 658 4277 post
679 4197 886 4275 Archiepisco·
979 4203 1156 4266 ROGERUS
1171 4203 1405 4274 Cietarcicnsia.
1426 4200 1635 4270 monachnsln

165 4305 223 4368 pus
237 4288 442 4364 dimicensis,
455 4298 592 4351 mortuus
605 4307 633 4350 a.
648 4289 734 4350 4367.
748 4291 886 4351 Aureliae
938 4296 1026 4375 glus,
1041 4299 1070 4355 in
1089 4297 1232 4358 coenobio
1243 4297 1387 4358 Fordano
1400 4345 1408 4372 ,
1420 4301 1528 4362 claruit
1537 4317 1562 4361 a.
1574 4292 1631 4357 tnr.

164 4385 219 4442 lus
233 4385 410 4444 canonicum
423 4383 553 4442 etcivile
575 4384 696 4458 docuit,
711 4391 742 4442 et
766 4387 886 4443 Tracta·
940 4394 972 4448 et
990 4390 1114 4466 'scripsit
1131 4387 1382 4453 amantionis.
1398 4382 1631 4463 Elircdctiaedi

169 4483 233 4536 tum
252 4473 476 4537 delictionilras
494 4467 622 4551 scripsit,
639 4479 690 4552 qui
706 4493 745 4537 an
768 4479 884 4555 uspiam
939 4480 1070 4541 batissaa
1103 4482 1402 4561 Schoenaugiensis,
1434 4488 1485 4563 qui
1507 4485 1628 4555 libero*

166 4578 260 4644 estet,
276 4589 334 4630 non
348 4570 442 4631 habeo
453 4575 651 4644 compertum.
664 4569 737 4629 Vide
749 4571 823 4631 Acta
834 4571 886 4630 88.
939 4572 995 4633 diit
1016 4575 1045 4632 in
1071 4574 1133 4634 lac.
1165 4575 1249 4634 Fabri
1284 4575 1372 4637 Libm
1401 4582 1492 4639 trium
1524 4575 1626 4636 iimmot

165 4672 237 4724 tom.
256 4667 276 4724 l.
296 4667 390 4726 Martii
408 4684 436 4744 p.
457 4666 525 4727 449.
544 4662 593 4722 ubi
611 4665 673 4722 vita
700 4667 767 4739 ojus
796 4681 886 4742 expo
939 4670 970 4725 et
1004 4667 1097 4727 trium
1127 4665 1334 4746 spiritualium
1358 4673 1537 4749 ¹virginum,
1562 4660 1623 4726 Pttt‘t

167 4759 255 4815 nitur.
271 4757 355 4817 ddde
376 4757 501 4820 Galliam
527 4755 727 4818 Christianam
753 4764 833 4816 tomo
849 4754 885 4815 ll.
941 4760 1028 4818 4543.
1052 4759 1096 4818 lic
1113 4758 1249 4819 undecim
1266 4759 1400 4822 millibus
1413 4747 1622 4839 stramentio

165 4865 230 4922 pap.
248 4851 280 4908 84
305 4854 369 4910 3532.
937 4849 1003 4910 trine
1019 4852 1207 4926 occisarum,
1223 4853 1398 4913 lincominm
1418 4856 1522 4917 licetne
1536 4844 1620 4910 414444
