3368 5362
149 167 209 226 160
708 163 1085 228 onnnntsnnn

179 272 402 352 Antiquitatum
422 270 630 332 Veronensium
644 271 707 331 libri
724 273 784 332 Vll.
799 274 864 350 qni·
920 275 999 332 sient
1036 289 1090 332 neo
1130 270 1209 333 Vitae
1240 269 1577 352 troni-nptscopornm
1611 280 1635 335 et

143 370 201 430 bns
221 367 319 426 octavi
342 366 407 424 libri
431 366 493 425 loco
527 365 758 442 inscriptionum
788 368 865 424 anti·
916 365 1083 443 primatum
1091 363 1316 444 primariorum
1333 366 1545 433 Ecclesiarum
1562 369 1637 429 Occi-

144 478 272 542 quarum
295 461 512 519 veronensium
536 458 652 536 sylloge
685 458 863 532 subiicitur,
920 458 1032 531 dentis,
1051 461 1100 519 vel
1118 477 1244 536 quorum
1259 450 1399 520 meminit
1414 462 1640 521 AntoniusVer·

144 554 282 635 prodiere
304 552 438 614 Veronae
462 548 609 612 lentot.
634 553 676 611 lis
698 551 754 610 hoo
775 569 865 629 opere
921 552 1054 622 dierius,
1073 551 1109 611 (le
1130 551 1257 630 antiqua
1274 551 1356 632 apud
1373 552 1484 613 Gentes
1502 551 1646 632 1441494644

143 649 305 727 decerptus
328 647 400 706 liber
422 653 529 705 sextus
550 644 587 703 de
611 645 699 705 Urbis
731 645 865 706 Veronae
920 644 1334 727 sioepotiussuperstih'one,
1349 644 1561 725 desaerificiis
1576 665 1641 718 ,ou-

144 744 221 802 Vrris
241 742 375 803 doctrina
390 747 421 799 et
439 739 544 800 bellica
564 733 731 799 illustribus
749 739 864 817 prodie-
918 742 1019 819 pariis
1031 785 1037 814 ,
1049 737 1641 820 aruspicinis,sortibus,sacrisepulis,

142 844 189 918 rat
209 836 343 895 Veronae
367 834 440 916 4644
470 833 499 892 4.
921 833 999 894 ludr's
1026 833 1170 906 scenicis,
1195 831 1388 911 aladiatoriis
1415 839 1446 893 et
1464 830 1554 915 feriis
1582 831 1646 893 libri

183 931 228 991 04
250 927 328 999 ludis
352 925 545 991 Circensibus
567 926 631 987 libri
654 926 732 1001 duo,
754 927 865 1009 quibus
919 928 985 988 llll.
1002 937 1054 991 ant
1076 929 1140 987 libri
1169 930 1303 1005 quinque.
1324 926 1360 987 de
1382 929 1477 988 varia
1499 927 1641 987 creatione

143 1026 287 1086 universa
310 1023 372 1082 fere
394 1023 595 1081 Romanorum
618 1020 760 1088 Veterum
780 1035 864 1078 sacra
920 1023 1022 1101 Papae
1053 1020 1116 1082 siue
1144 1018 1318 1098 Pontificum
1343 1021 1556 1082 Romanorum
1585 1019 1642 1079 flou

142 1120 281 1195 ritusque
303 1115 502 1177 declarantur.
525 1115 683 1199 hntwerp.
707 1112 867 1173 4896414-
919 1114 1120 1176 omittendum
1140 1120 1242 1174 autem
1265 1113 1343 1190 quod
1373 1114 1456 1174 idem
1474 1114 1643 1176 Comnenns

143 1219 205 1274 net.
228 1210 316 1270 4606.
338 1211 421 1270 Ρ4444
445 1209 533 1275 4604.
554 1208 593 1268 Et
615 1224 683 1267 oum
708 1208 787 1266 notis
817 1205 865 1265 lo
920 1227 986 1290 pag.
997 1209 1052 1270 424
1078 1213 1180 1267 narrat
1192 1206 1304 1266 inedita
1316 1207 1435 1267 Onufrii
1447 1209 1547 1268 multa
1560 1207 1642 1267 fuisse

142 1305 231 1366 aunis
252 1302 372 1381 Argoli,
391 1309 481 1380 atque
503 1301 712 1370 additamento
733 1301 796 1360 Nic.
821 1303 867 1361 Pi·
921 1302 1000 1381 apud
1014 1302 1156 1362 Allatium
1170 1345 1177 1375 ‚
1193 1317 1270 1378 quae
1287 1300 1336 1360 ille
1355 1308 1388 1361 ut
1403 1300 1533 1362 videtur
1548 1318 1586 1361 ex
1598 1301 1659 1361 Va·-

145 1397 234 1468 nelli‚
256 1397 361 1456 Patav.
384 1396 454 1456 4644
478 1394 525 1454 fol.
544 1404 575 1454 et
592 1412 630 1454 ex
647 1395 788 1454 Patavina
806 1393 865 1454 edi·
923 1397 1030 1456 ticonio
1060 1393 1219 1455 Codicibus
1251 1392 1422 1471 descripsit.
1459 1390 1644 1468 aesalon,

144 1496 225 1550 tione
247 1492 275 1548 in
300 1499 379 1549 tomo
402 1507 486 1549 nono
501 1489 634 1549 thesauri
657 1489 824 1548 Graeviani.
924 1490 1022 1567 inquit
1043 1486 1159 1547 duobus
1182 1486 1268 1546 tomis
1284 1485 1458 1565 inuentibus
1476 1487 1509 1546 in
1531 1483 1644 1546 cimelir's

80 1572 85 1581 ’
182 1583 226 1642 De
238 1581 388 1660 triumpho
404 1582 479 1642 liber
507 1600 577 1642 cum
611 1581 695 1641 libris
721 1580 758 1640 de
786 1580 865 1643 ludis

143 1677 336 1739 Circensibus
349 1679 472 1754 saepius
497 1675 621 1748 editus,
647 1680 678 1734 et
705 1675 866 1752 separatim

142 1770 311 1830 illustratus
328 1770 512 1830 iiloaohimo
526 1770 572 1828 lo.
591 1767 725 1842 Modern,
743 1767 867 1829 llelmst·

143 1862 229 1923 1676.
254 1864 278 1922 4.
298 1880 335 1922 ex
353 1880 412 1940 qun
432 1861 703 1921 editione'recusus
720 1867 801 1921 torno
816 1877 866 1918 no·

141 1975 178 2017 no
196 1956 306 2018 laudati
326 1956 459 2017 thesauri
477 1955 636 2016 Graeviani
653 1954 761 2015 Confer
780 1955 867 2014 Com-

141 2052 322 2110 menta-rium
339 2041 370 2107 in
390 2049 440 2109 lib.
458 2049 491 2106 V.
518 2050 674 2108 Fastorum
704 2064 768 2124 pag.
799 2047 868 2107 338.

141 2143 209 2201 346.
225 2141 295 2203 edit·
311 2142 580 2201 Commelinianae.

177 2238 347 2315 Descriptio
362 2235 505 2313 triumphi
523 2235 724 2295 Romanorum
743 2233 866 2311 amplis-

143 2329 866 2415 simiexlapidummonumentisdesumtidntwe

144 2427 232 2487 4656.
251 2425 277 2485 t.

182 2519 223 2578 lte
240 2519 303 2577 ritu
322 2516 484 2598 sepeliendi
498 2524 629 2577 mortuos
650 2513 732 2595 apud
747 2520 862 2576 veteres

143 2612 330 2676 Christianos
346 2617 374 2671 et
394 2611 429 2671 dc
447 2629 550 2671 eoram
570 2608 780 2684 coemeteriis,
804 2626 860 2669 una

141 2723 210 2767 cnm
239 2692 386 2766 Chronico
411 2703 624 2766 Ecclesiastico
645 2703 750 2763 Colon.
778 2703 865 2771 4568.

142 2800 190 2859 fol.
212 2807 327 2859 etcum
349 2798 524 2858 Pontificum
545 2799 615 2857 vitis
639 2799 749 2856 lovan.
775 2794 864 2857 1570.

142 2894 170 2952 8.
184 2882 285 2953 Calon.
303 2889 390 2952 4674.
400 2892 447 2952 441.
460 2898 491 2950 et
503 2892 663 2968 separatim
676 2891 761 2948 llom.
773 2889 863 2949 4584.

145 2987 173 3045 8.
194 2990 285 3063 atquo
306 2985 417 3045 Gallice
441 2987 523 3045 Paris
545 2983 634 3043 4643.
655 2985 684 3042 8.

165 3080 207 3139 De
234 3076 408 3159 baptismate
432 3075 590 3149 Paschali,
612 3075 726 3155 44494444
741 3081 776 3145 et
804 3075 868 3135 ritu

143 3171 339 3232 consecrandi
358 3173 457 3250 Aquas
479 3171 550 3230 nti
569 3171 652 3230 liber.
672 3172 756 3232 hom.
775 3169 864 3230 4560.

922 1581 1037 1644 biblicis
1054 1581 1159 1641 teonis
1175 1578 1282 1640 Allatii
1291 1627 1298 1653 ,
1319 1577 1378 1640 nbi
1392 1599 1431 1640 ea
1452 1579 1603 1653 uidimus,
1620 1583 1643 1640 el

923 1694 984 1755 qim
996 1674 1079 1735 licuit
1096 1674 1127 1733 in
1144 1690 1217 1754 opus
1234 1691 1409 1748 annornm,
1428 1674 1514 1753 quod
1521 1671 1641 1753 parole

922 1785 999 1840 mus,
1013 1769 1231 1847 excerpsimus.
1245 1768 1291 1826 lia
1302 1784 1358 1828 nos
1370 1766 1497 1828 hercule
1510 1786 1569 1827 non
1582 1765 1643 1828 art

923 1860 1059 1922 tradenda
1082 1862 1266 1934 censuimus,
1284 1862 1394 1940 quaesti
1409 1861 1514 1922 edita:
1538 1862 1568 1922 in
1587 1859 1639 1940 pui-

924 1954 979 2017 bus
997 1955 1139 2035 qrramuis
1152 1973 1209 2014 reon
1227 1955 1325 2014 omnia
1337 1956 1506 2016 recentiori
1523 1955 1640 2018 Criticae

924 2056 953 2109 et
969 2056 1125 2110 emunctae
1143 2050 1228 2110 rearis
1243 2048 1640 2130 hominumjudiorbrespnn

922 2143 1021 2216 deant,
1034 2150 1104 2203 sunt
1117 2148 1248 2202 attamen
1258 2141 1354 2205 multa
1364 2140 1639 2224 manimisaciendo,

922 2236 1111 2317 indicantque
1122 2253 1159 2295 ac
1167 2233 1258 2313 plane
1273 2232 1471 2316 comprobant
1484 2283 1492 2315 ,
1504 2251 1637 2298 summan

922 2330 1063 2391 Punuinii
1082 2348 1118 2389 ac
1136 2327 1338 2391 uenerabilem
1361 2331 1499 2408 posteris
1514 2328 1638 2391 eruditio

921 2438 998 2484 nem.

956 2520 1022 2597 lpse
1032 2518 1175 2599 Onufrius
1186 2537 1252 2598 pag.
1271 2519 1342 2579 464.
1363 2519 1582 2596 antiquitatum
1592 2518 1637 2576 le

919 2630 1039 2673 ronens.
1059 2615 1136 2690 inter
1147 2613 1374 2674 lucubrationes
1393 2629 1468 2673 suas
1483 2629 1543 2672 non
1559 2628 1637 2672 erere

920 2723 970 2766 sas
987 2705 1183 2786 antiquarum
1201 2704 1291 2766 totius
1315 2710 1479 2769 terrarum
1499 2703 1636 2766 046614-

921 2789 1116 2879 scrrptionnm
1128 2799 1246 2865 librum.
1260 2818 1286 2868 4.·
1296 2798 1465 2862 Chronieon
1478 2795 1636 2860 universale

922 2891 961 2953 ab
980 2891 1059 2953 Orbe
1077 2893 1191 2970 condito
1205 2893 1246 2952 ad
1261 2910 1377 2952 annum
1396 2895 1518 2954 untx.
1537 2893 1577 2954 De
1588 2889 1637 2950 ori·

920 2987 991 3066 9ine
1016 3004 1176 3046 sacrorum
1194 2987 1340 3048 Ordinem
1358 2984 1452 3048 tihros
1473 2988 1516 3046 11.
1533 2983 1635 3047 Deeri-

920 3081 988 3161 9444
1026 3080 1245 3143 Cardinalium.
1276 3081 1319 3138 lie
1339 3078 1475 3158 antiquis
1507 3078 1635 3140 institutis

922 3180 1072 3238 Romanae
1091 3174 1249 3235 Ecclesiae.
1268 3174 1309 3233 lie
1326 3173 1462 3253 antiquis
1473 3172 1600 3251 ejusdem
1614 3173 1634 3245 bl

145 3267 173 3325 4.
195 3267 282 3326 loto.
307 3268 335 3325 8.

282 3359 396 3421 lnodita
418 3360 557 3421 domni:

925 3268 1036 3351 Officiis
1054 3274 1083 3328 et
1098 3264 1332 3347 Manistratihus
1346 3268 1385 3326 Et
1402 3262 1598 3327 Bibliothecae
1610 3264 1637 3326 li

921 3360 991 3422 bros
1009 3362 1054 3421 VI.
1069 3363 1120 3421 llis
1135 3379 1175 3431 ex¹
1185 3360 1319 3438 Philippo
1331 3358 1432 3419 Elssio
1450 3359 1574 3420 brevem
1590 3356 1638 3418 col·

180 3452 342 3514 Annalium
380 3451 660 3514 Ecclesiasticorum
701 3452 861 3512 Volumina
920 3453 1072 3514 lectionem
1092 3451 1293 3528 conuitiorum
1312 3448 1561 3511 Generalium-ae
1577 3453 1639 3514 Pro·

142 3546 220 3620 duo,
243 3551 308 3608 sive
337 3550 497 3609 centurias
518 3547 595 3607 duas
618 3548 764 3622 primores
792 3544 866 3603 deli·
920 3546 1095 3608 nineialiur'n
1126 3548 1196 3606 licet
1227 3544 1410 3623 adjungere,
1444 3550 1476 3603 et
1507 3542 1639 3606 histirion

141 3658 247 3722 neasse
259 3644 533 3721 etprimameorum
544 3639 717 3718 grapbldem
727 3639 865 3716 posuisse
920 3639 1117 3723 familiarum
1132 3639 1378 3717 ‚Frangipaniae,
1393 3637 1531 3699 Sabellae
1541 3686 1550 3713 ,
1561 3638 1640 3700 llari·

140 3735 287 3809 traditur,
304 3738 380 3814 qua's
392 3734 501 3795 deinde
520 3733 644 3811 perfecit
659 3739 749 3809 atque
767 3730 866 3790 elabo-

143 3830 221 3887 ravit
232 3830 344 3888 Caesar
357 3827 513 3889 Baronius.
528 3826 642 3886 Onufrii
659 3824 863 3902 autographon

142 3923 171 3978 in
190 3920 639 3991 14464.1444444444414444444
659 3920 757 3980 innuit
776 3920 865 3978 Ema-

145 4011 213 4071 nuel
236 4012 489 4074 Schelstratenus

188 4103 281 4164 Vitam
298 4105 527 4165 Patriarcarum
540 4112 673 4184 qemtuor
685 4103 859 4185 primarum

144 4196 280 4273 sedium,
303 4215 378 4276 quas
396 4198 492 4259 editas
509 4185 618 4259 Romae
636 4203 678 4260 ait
695 4198 865 4269 Draudius,

924 3752 1046 3794 morum
1062 3745 1070 3807 '‚
1088 3735 1266 3795 Cenciorum
1282 3730 1590 3810 ‚llattbaeorumque¹

960 3828 1101 3903 Mannum
1117 3823 1277 3885 ritualium
1293 3829 1430 3885 ueterum
1450 3841 1528 3904 opus
1549 3825 1640 3885 11444-

917 3937 975 3981 sor.
1002 3922 1111 3980 Romae
1140 3922 1168 3977 in
1196 3918 1266 3977 Bibl.
1296 3916 1449 3977 Pontihoia
1469 3919 1600 3978 Palatina
1614 3920 1639 3973 et

921 4013 998 4092 apud
1022 4015 1150 4073 Parisios
1172 4014 1200 4071 in
1225 4013 1331 4088 Regia,
1353 4029 1391 4072 ex
1414 4028 1475 4088 qun
1499 4011 1641 4089 praefatio

922 4126 989 4167 nem
1012 4108 1127 4168 Onufrii
1155 4105 1291 4184 vulgarit
1313 4103 1507 4165 liabillonius
1529 4112 1588 4164 tom
1617 4101 1639 4160 4.

920 4204 1013 4263 Musei
1037 4201 1130 4261 ltalici
1153 4217 1218 4278 pag.
1243 4198 1311 4259 466.

145 4300 235 4369 atque
258 4293 335 4351 inter
352 4290 431 4351 edita
452 4291 566 4351 Onufrii
589 4293 679 4352 refert
695 4293 759 4353 Nlo.
780 4291 866 4350 Com·
962 4294 1129 4357 Chronicon
1147 4300 1236 4354 vetus
1257 4288 1520 4372 ONUFlithUlt,
1534 4292 1575 4350 'er
1590 4304 1640 4366 quo

145 4403 244 4447 nebus
265 4394 285 4446 l·
310 4389 336 4447 l·
359 4386 429 4444 hisl-
462 4386 617 4462 Gymnasii
643 4387 776 4446 Patavini
799 4387 882 4461 pag?
920 4399 1061 4468 excerpta
1089 4388 1171 4448 dedit
1198 4386 1344 4447 Onulrius
1367 4386 1396 4444 in
1420 4382 1640 4451 Commentariis

145 4482 214 4544 220.
237 4497 411 4559 uunquam,
434 4484 466 4538 ut
489 4487 560 4559 pul-o
578 4481 676 4540 lucem
701 4479 865 4551 viderunt,
921 4483 957 4544 ad
981 4480 1294 4555 fastosConsulares,
1318 4477 1356 4538 de
1378 4478 1491 4575 quibus
1512 4493 1608 4555 supra.

188 4734 213 4793 a)
233 4737 304 4797 Apud
319 4736 410 4800 Philip.
426 4735 535 4786 lilerium
553 4746 610 4796 pag.
628 4729 684 4779 546.
702 4731 739 4778 De
755 4729 871 4791 partiet-
962 4735 989 4791 b)
1005 4734 1135 4805 Ecclesiae
1151 4698 1297 4789 Romanae]
1315 4741 1367 4778 non
1383 4730 1455 4780 ttrbls
1472 4733 1562 4778 nomae
1575 4731 1601 4776 ut
1613 4724 1641 4771 le·

143 4805 204 4868 bus,
221 4824 275 4856 una
291 4811 446 4860 cumtridus
457 4809 576 4860 millibus
592 4805 803 4867 inscriptionum
815 4805 868 4853 144·
916 4821 959 4871 gas
979 4809 1044 4871 opud
1060 4808 1170 4857 Elsslum
1188 4808 1244 4857 lotii
1263 4808 1355 4854 clltw.

143 4894 293 4933 manarum.
