3630 5422
673 239 993 303 sersrounu
1527 248 1587 316 sas

83 365 168 428 guas
188 345 225 409 ad
252 348 438 425 hlajestatem
472 354 578 426 tuam,
609 355 640 408 et
670 349 809 411 lllustres
1244 363 1278 426 ῃ,

84 445 237 521 Despotas
258 442 366 504 iratres
383 441 593 517 Theodorum,
615 450 645 502 et
663 443 809 504 Constan-
906 383 1086 506 Praeterea
1108 463 1177 509 cnm
1205 463 1243 508 ex
1270 428 1474 528 hadrianopoli
1503 469 1585 516 rece·

84 537 189 598 tinum
213 535 331 597 dedere.
353 534 391 596 Ut
412 554 466 614 ego
488 536 572 597 vohis
587 535 808 614 dicatissimus,
863 535 954 614 dere,
975 547 1006 600 et
1029 540 1141 602 abitum
1164 543 1343 618 Byzantium
1370 541 1583 621 adornassem,

81 637 118 690 et
140 629 256 692 tamdiu
279 629 470 690 fidelissimus
491 630 683 703 observator,
706 640 737 691 et
757 648 808 692 ve·
862 647 900 691 ex
922 634 1070 695 Pannonia
1099 636 1241 712 Legatos,
1275 634 1444 712 propediem
1478 639 1582 704 eodem

81 731 188 785 strum
209 726 343 802 apprime
363 723 579 804 cupidissimus
600 726 729 802 gloriae,
752 741 807 786 vos
862 725 898 786 ad
916 744 1055 804 magnum
1076 731 1173 807 ipsum
1189 730 1299 807 Regem
1314 728 1500 793 adventuros
1516 751 1583 814 per-

83 819 172 896 ipsos
197 823 258 877 tarn
292 815 415 892 fideles,
446 818 626 894 catholicos,
659 827 691 880 et
723 819 807 880 Chri·
861 821 1007 896 cepimus.
1028 820 1110 893 Quos
1123 839 1191 883 curn
1210 829 1369 900 expectare
1384 822 1582 905 delegissem,

80 912 288 972 stianissrmos
310 912 461 989 Principes
481 911 517 972 ad
541 911 619 973 hano
641 915 734 992 ipsam
753 911 805 974 ad·
863 929 920 971 non
943 913 1055 974 multos
1077 921 1143 993 post
1164 914 1248 991 dies,
1269 922 1398 994 quatuor
1425 918 1473 980 hic
1505 920 1579 984 Ora-

82 1021 198 1066 versus
219 1004 366 1066 Barbaros
387 1004 491 1066 hostes
522 1004 742 1084 expeditionem
766 1008 807 1067 ia·
862 1010 942 1064 tores
962 1005 999 1068 ad
1023 1009 1083 1068 tx.
1105 1010 1241 1086 equitum
1263 1011 1421 1072 comitatos
1449 1013 1581 1077 vidimus

81 1099 217 1161 vendam
235 1099 419 1172 excitarem,
440 1106 489 1173 et,
512 1108 544 1162 ut
561 1099 666 1180 ajunt,
680 1101 805 1162 calcaria
861 1096 1037 1175 advenisse,
1058 1118 1153 1162 unum
1175 1103 1289 1163 scilicet
1310 1103 1422 1182 Stoylra
1455 1105 1581 1179 Quisda·

80 1194 279 1257 cnrrentibus
299 1192 408 1254 addere
429 1209 549 1254 summo
570 1194 688 1267 studio,
713 1196 807 1257 soler·
863 1192 931 1253 nich
962 1211 978 1254 a
1014 1195 1168 1271 Poloniae,
1204 1198 1432 1276 Pannoniaeque
1467 1201 1579 1281 inclyto

82 1290 188 1368 tiaquo
208 1303 341 1349 conarer.
363 1292 394 1347 et
415 1286 536 1348 tandem
558 1303 629 1349 cum
644 1288 680 1348 ad
699 1289 806 1350 Achai·
861 1289 939 1365 llege
962 1287 1115 1366 Ladislao,
1137 1290 1265 1352 alterum
1289 1291 1446 1355 Vitislaum
1473 1296 1580 1358 abillo

81 1399 173 1458 cam,
206 1381 545 1460 Peloponnesiacamque
577 1383 731 1443 Patrarurn
765 1381 803 1444 ad
860 1382 1049 1460 praecellenti
1073 1384 1216 1462 Equitum
1240 1387 1377 1464 Magistro
1398 1389 1579 1451 Goniatila·

81 1476 193 1538 urbem
208 1477 378 1550 venissem,
400 1474 476 1535 illico
494 1474 575 1536 tratri
594 1484 646 1537 tuo
664 1476 804 1538 lllustris
860 1492 917 1551 no,
938 1482 969 1536 et
985 1473 1091 1538 dnose
1108 1475 1233 1556 Georgio
1249 1475 1485 1558 Argentigenao,
1503 1485 1580 1545 blae-

80 1572 163 1632 simo
176 1570 372 1632 Constantino
388 1569 546 1646 scripsi,et
559 1569 688 1649 hacipsa
701 1572 804 1651 utiquo
858 1570 939 1644 siae,
973 1571 1076 1631 Servia
1090 1587 1195 1649 raeque
1227 1574 1397 1649 provinciae
1428 1574 1578 1656 Despnta:

79 1663 120 1724 de
143 1680 197 1738 re,
218 1681 295 1742 quae
318 1663 407 1742 digna
430 1664 494 1724 risa
516 1671 608 1736 sunt,
629 1663 748 1726 detexi:
772 1673 804 1727 et
858 1679 985 1743 quorum
1006 1665 1081 1725 alter
1102 1665 1303 1744 lletropolites
1318 1664 1352 1727 Α.
1368 1667 1509 1748 religione
1527 1689 1579 1732 ve·

77 1775 152 1820 oum
177 1756 245 1818 inde
266 1757 446 1819 Corinthum
471 1759 662 1820 vonissema
698 1760 803 1820 Derne-
858 1757 1010 1819 nerandus
1031 1765 1115 1819 orat:
1136 1759 1212 1818 alter
1235 1775 1305 1819 vero
1333 1762 1455 1822 nomine
1488 1765 1580 1842 logo-

79 1859 141 1912 trro
161 1851 278 1912 Axanio
296 1851 445 1929 praelecto
458 1866 514 1911 sno
529 1853 718 1931 percepimus
732 1870 802 1914 enm
858 1850 976 1912 thetes:
997 1853 1047 1929 qui
1070 1868 1139 1912 cum
1162 1858 1230 1929 post
1249 1850 1373 1914 biduum
1396 1854 1433 1914 ad
1470 1873 1576 1938 snper-

81 1961 182 2024 nuper
214 1946 331 2025 magnis
352 1943 485 2023 undique
506 1945 642 2006 collectis
662 1963 699 2007 er
721 1944 803 2007 Pelo-
857 1943 924 2004 bam
951 1946 1072 2024 lysanni
1104 1947 1303 2023 praesentiam
1336 1963 1370 2008 se
1401 1951 1579 2015 contulisset

80 2055 218 2118 ponnoso
238 2040 331 2118 copiis
356 2055 414 2100 una
441 2040 553 2118 optimo
582 2055 652 2100 cum
686 2039 800 2101 Thomu
856 2038 966 2116 liegius
986 2037 1093 2100 Orator
1112 2040 1263 2117 primum,
1284 2037 1393 2101 deinde
1418 2043 1578 2124 Despotei,

81 2132 231 2194 srermano
252 2150 290 2194 ex
315 2132 570 2207 Lacedaemonia,
602 2133 800 2210 Spartaniave
857 2138 890 2193 ut
925 2132 1050 2194 ultimus
1080 2149 1118 2193 ex
1150 2134 1289 2210 primario
1326 2134 1429 2197 bellica
1464 2140 1577 2204 virtute

82 2228 242 2289 llisistrate
263 2226 301 2289 ad
324 2226 426 2288 lsthon
445 2244 514 2288 curn
533 2229 669 2288 exercitu
686 2225 800 2287 adveu-
855 2226 949 2300 luno,
974 2227 1105 2302 Latinis,
1127 2227 1269 2303 Graecis,
1290 2228 1505 2312 Servianisqne
1541 2235 1578 2294 li-

80 2329 194 2384 turum.
218 2321 270 2383 Ubi
293 2322 402 2382 iterum
423 2320 510 2398 longo
523 2337 677 2382 murorum
693 2337 800 2397 aggere
855 2322 927 2380 teris
948 2321 1090 2399 epistolas
1111 2319 1148 2380 dc
1181 2319 1259 2395 lide,
1290 2329 1321 2382 et
1352 2339 1406 2386 sua
1439 2343 1578 2406 quaeque

79 2418 240 2492 restituto,
262 2417 415 2493 lstmoque
442 2414 522 2475 fatali
556 2430 663 2478 rursus
695 2416 799 2492 utique
856 2414 988 2474 modesta
1011 2431 1136 2475 munera
1154 2417 1277 2494 principi
1294 2434 1401 2497 magno
1418 2417 1577 2483 dederunt.

80 2513 200 2574 turritis
221 2509 377 2571 maenibus
396 2509 525 2582 vallato,
546 2509 655 2570 exinde
674 2526 726 2589 por
743 2510 802 2569 hle·
855 2509 893 2569 lit
914 2509 951 2570 ad
974 2515 1126 2587 postorum
1148 2508 1227 2570 diem
1254 2526 1324 2572 oum
1358 2513 1437 2591 apud
1471 2517 1577 2594 Regios

81 2604 215 2684 garidem
248 2605 350 2683 copias
382 2604 612 2680 traducturum,
645 2604 801 2665 Achaiam·
856 2605 1014 2664 Bassianus
1034 2603 1172 2680 collegas
1195 2620 1257 2663 rem
1287 2612 1388 2666 tantae
1421 2608 1577 2686 legationis

81 2717 141 2779 que
164 2705 278 2772 totam,
305 2697 473 2760 Thebarum
504 2701 566 2775 jam
599 2698 672 2759 urbs
705 2713 801 2775 nuper
855 2701 1037 2775 agitassent,
1060 2703 1090 2756 et
1111 2695 1209 2758 ablat-a
1231 2696 1575 2781 jampridem;occupa·

83 2797 112 2854 in
134 2791 315 2854 deditionem
338 2800 477 2872 recepta,
511 2792 699 2865 Lebadeam,
733 2793 800 2852 Par·
856 2798 925 2850 tave
946 2809 1048 2852 eorum
1072 2793 1100 2850 in
1124 2792 1288 2852 Provinciis
1305 2794 1575 2876 oppida,repetita

83 2903 288 2966 naseamque,
309 2887 465 2962 llanliam,
486 2893 517 2946 et
537 2903 653 2947 sacram
674 2885 801 2964 Delpho·
857 2885 958 2964 majori
980 2901 1017 2946 ex
1039 2891 1142 2963 parte,
1173 2901 1315 2947 concessa
1347 2887 1476 2967 denique
1508 2898 1577 2971 post

83 3000 151 3046 rum
170 2982 273 3044 urbem
288 2980 800 3060 singuliscohortibusinvasurum,
856 2980 988 3041 triduum
1010 2981 1219 3059 excepissent,
1241 2987 1271 3040 et
1293 2982 1444 3043 nonnullis
1466 2982 1501 3044 ad
1527 3002 1576 3063 pa·

82 3085 140 3139 eta
154 3075 288 3137 barbaris
300 3074 677 3155 praedignelibnraturum,
689 3076 802 3154 optimo
856 3091 922 3135 cem
937 3071 1172 3151 componendam
1190 3071 1410 3135 conditionibus
1426 3078 1575 3154 acceptis,

79 3169 208 3250 juvante
230 3173 302 3232 lieo.
323 3171 386 3250 Ego
407 3168 461 3230 sed
484 3171 564 3230 enim
587 3171 700 3230 intereo
730 3185 800 3230 eum
855 3167 891 3228 ad
915 3168 1064 3246 principes
1085 3182 1209 3236 eorum,
1230 3172 1260 3225 ei
1282 3167 1406 3244 patriam
1440 3185 1574 3231 remeare

81 3266 243 3344 Euripeam
265 3262 468 3338 Chalcidiam,
490 3265 638 3342 insignem
661 3262 800 3324 Eubaeae
856 3269 1009 3323 curarunt.
1031 3259 1088 3320 Sed
1117 3277 1186 3320 cum
1219 3262 1386 3338 expetitum
1418 3264 1576 3341 praecipue

82 3361 243 3422 Civitatem
279 3358 492 3433 advenissem,
531 3363 564 3418 ut
602 3364 667 3419 tute
707 3357 802 3435 magis
855 3354 996 3433 oppidum
1010 3353 1081 3416 illud
1101 3354 1216 3431 insigne
1234 3355 1575 3435 columbarium,quod

84 3460 167 3513 tuam
200 3468 308 3513 versus
342 3453 453 3530 regiam
487 3450 591 3511 urbem
628 3445 800 3530 navigarem
855 3447 891 3508 ad
915 3449 1038 3509 Danubii
1063 3454 1194 3509 meatum
1212 3449 1388 3508 Peristerion
1407 3449 1519 3510 Graece
1534 3449 1578 3510 dl·

83 3546 120 3610 ad
154 3547 188 3608 V.
217 3546 268 3609 Cal
300 3548 420 3608 blartias
452 3546 613 3622 Euripeam
646 3547 800 3605 triremem
855 3548 950 3610 cunt.
971 3541 1119 3602 Barbarus
1146 3549 1324 3621 occupatum
1358 3544 1469 3605 iterum
1501 3542 1577 3604 deti-

82 3641 291 3706 conscendens
312 3640 427 3718 Maphio
448 3640 554 3702 Molino
588 3640 700 3700 Veneto
731 3639 801 3699 Viro
858 3652 928 3696 nere
947 3636 1187 3697 maluerat:non
1203 3653 1291 3697 omne
1309 3636 1347 3697 ab
1359 3637 1438 3716 Rege
1453 3637 1575 3715 foedus,

85 3738 174 3799 nobili
196 3735 351 3799 Navarcho
371 3736 526 3814 caepimus
547 3734 706 3812 navigare,
737 3735 801 3811 ipse
857 3732 968 3791 sociive
990 3739 1087 3792 ratum
1111 3731 1172 3791 lore
1191 3730 1370 3811 putandum.
1388 3733 1448 3793 Nec
1466 3745 1500 3792 ea
1519 3732 1575 3792 ior·

85 3831 206 3912 quidem
216 3828 402 3907 uthEgeum
420 3828 458 3890 ab
473 3829 580 3890 inlests
591 3828 800 3908 Cyothalanis,
858 3831 1067 3904 requestam
1090 3826 1148 3886 late
1171 3824 1338 3887 reddiderat
1362 3828 1499 3906 princeps
1521 3826 1569 3888 hic

87 3926 250 4007 piratisque
273 3925 431 3999 liberaret,
452 3940 507 4001 ego
530 3940 620 3990 vero.
643 3930 676 3984 ut
696 3940 734 3983 ex
757 3925 803 3982 iti·
857 3921 1025 3999 superbus,
1045 3922 1215 3981 amisisset:
1238 3921 1266 3979 ni
1299 3937 1389 4000 nuper
1426 3921 1574 3983 adversus

88 4037 158 4084 nere
178 4019 299 4080 Sacram
322 4017 434 4087 helon,
456 4023 651 4095 caeterasque
681 4032 803 4096 sparsas
858 4015 1079 4078 Charamanum
1111 4031 1166 4075 suo
1193 4016 1296 4094 potiori
1331 4032 1400 4078 cum
1439 4018 1574 4078 exercitu

88 4133 139 4197 per
159 4131 271 4193 aequor
298 4112 446 4190 Cycladas
478 4110 668 4190 indagarem:
702 4118 732 4171 et
764 4128 801 4171 ex
858 4110 1046 4189 proiecturus
1063 4115 1163 4170 esset:
1183 4127 1250 4170 nam
1270 4110 1376 4188 ingens
1393 4110 1505 4171 bellum
1525 4129 1576 4190 po-

89 4209 161 4274 Chio
181 4207 311 4286 denique
332 4208 472 4290 tutiorem
497 4223 549 4284 per
571 4205 671 4265 navim
690 4206 801 4284 regiam
858 4210 927 4263 tons
942 4203 989 4263 illa
1009 4204 1037 4261 io
1056 4201 1126 4263 Asia
1139 4203 1278 4282 princeps
1296 4204 1325 4262 in
1338 4205 1435 4282 ipsum
1448 4206 1576 4266 Teucro-

88 4307 181 4385 tpsam
202 4309 284 4364 tuam
317 4298 604 4379 Constantinopolim
638 4297 802 4360 adventare
858 4313 925 4359 rum
944 4298 1052 4375 liegern
1072 4311 1213 4376 parasse,
1235 4313 1366 4375 suasque
1377 4297 1439 4376 jam
1458 4300 1577 4378 provin-

89 4414 245 4470 curarem,
265 4397 376 4474 optimo
394 4393 521 4473 jurante
546 4395 627 4467 lieo,
658 4409 712 4454 nec
744 4410 802 4455 non
858 4391 920 4451 cias
953 4397 1105 4452 vastatum
1141 4392 1197 4465 iri,
1232 4390 1401 4470 oppidaque
1430 4407 1576 4470 occupare

89 4491 181 4554 Genio
202 4489 396 4552 Sanctissimo
419 4495 520 4549 nostro
554 4487 699 4548 lavitania
731 4489 805 4548 ller-
858 4486 993 4566 caepisse
1011 4485 1341 4566 perceperai.Quasoh
1359 4501 1408 4546 res
1426 4503 1483 4546 non
1501 4485 1576 4547 mul·

90 4587 178 4648 curio.
206 4585 251 4646 Ex
284 4582 387 4644 eadem
420 4583 561 4643 Trirems.
584 4582 627 4642 Er
655 4582 731 4644 Oica
753 4597 805 4643 an·
862 4584 909 4641 tos
933 4586 1000 4658 post
1017 4579 1100 4656 dies,
1130 4579 1232 4640 relicto
1251 4581 1279 4640 in
1298 4579 1421 4640 Thracia
1455 4579 1577 4658 Cialabp

92 4685 171 4760 tiqua
194 4679 346 4742 Euboinas
367 4675 506 4746 insulae,
528 4681 559 4736 et
580 4679 733 4736 vetustate
753 4674 806 4735 de·
862 4676 1014 4737 nonnullis
1030 4692 1099 4736 cnm
1125 4674 1291 4754 legionibus
1316 4675 1395 4748 illio,
1423 4680 1453 4733 et
1480 4673 1574 4735 Chalil

93 4777 150 4838 leta
170 4775 309 4837 Civitate.
861 4772 962 4831 Bassia
1001 4770 1141 4848 Collega,
1177 4771 1316 4849 primario
1351 4768 1575 4846 Hellespontum

861 4865 1074 4940 transfretare,
1090 4871 1122 4925 et
1139 4866 1167 4926 in
1185 4864 1287 4927 Asiam
1302 4864 1403 4944 copias
1416 4863 1504 4924 enixe
1521 4861 1576 4924 du·

132 4965 166 5034 E·
187 4965 218 5028 S.
240 4965 272 5030 ll·
295 4963 332 5026 ll.
353 4962 408 5028 T„
483 4959 692 5026 dicatissimus
713 4961 747 5024 tt.
769 4957 805 5022 l.
860 4961 966 5023 etitare
986 4959 1171 5023 decreverat.
1200 4962 1321 5024 Postero
1349 4976 1420 5022 vero
1436 4956 1484 5021 die
1504 4972 1574 5020 curn
