<?xml version="1.0" encoding="UTF-8"?>
<!DOCTYPE html PUBLIC "-//W3C//DTD XHTML 1.0 Transitional//EN"
    "http://www.w3.org/TR/xhtml1/DTD/xhtml1-transitional.dtd">
<html xmlns="http://www.w3.org/1999/xhtml" xml:lang="en" lang="en">
 <head>
  <title>
</title>
<meta http-equiv="Content-Type" content="text/html;charset=utf-8" />
  <meta name='ocr-system' content='tesseract 3.04.00' />
  <meta name='ocr-capabilities' content='ocr_page ocr_carea ocr_par ocr_line ocrx_word'/>
</head>
<body>
  <div class='ocr_page' id='page_1' title='image "./bibliothecalati01gallgoog_0027.png"; bbox 0 0 3368 5362; ppageno 0'>
   <div class='ocr_carea' id='block_1_1' title="bbox 95 189 957 255">
    <p class='ocr_par' dir='ltr' id='par_1_1' title="bbox 95 189 957 255">
     <span class='ocr_line' id='line_1_1' title="bbox 95 189 957 255; baseline -0.006 0"><span class='ocrx_word' id='word_1_1' title='bbox 95 193 136 255; x_wconf 75' lang='lat' dir='ltr'><strong><em>at</em></strong></span> <span class='ocrx_word' id='word_1_2' title='bbox 733 189 957 254; x_wconf 78' lang='lat' dir='ltr'>MARCUS</span> 
     </span>
    </p>
   </div>
   <div class='ocr_carea' id='block_1_2' title="bbox 95 291 1587 1215">
    <p class='ocr_par' dir='ltr' id='par_1_2' title="bbox 95 291 1587 1033">
     <span class='ocr_line' id='line_1_2' title="bbox 96 291 1586 376; baseline 0.001 -20"><span class='ocrx_word' id='word_1_3' title='bbox 96 313 184 369; x_wconf 86' lang='lat' dir='ltr'><strong><em>inus,</em></strong></span> <span class='ocrx_word' id='word_1_4' title='bbox 201 300 230 354; x_wconf 90' lang='lat' dir='ltr'><strong><em>et</em></strong></span> <span class='ocrx_word' id='word_1_5' title='bbox 244 312 286 354; x_wconf 78' lang='lat' dir='ltr'><strong><em>ea:</em></strong></span> <span class='ocrx_word' id='word_1_6' title='bbox 307 292 435 355; x_wconf 86' lang='lat' dir='ltr'><strong><em>iiiaotuto</em></strong></span> <span class='ocrx_word' id='word_1_7' title='bbox 453 299 481 354; x_wconf 91' lang='lat' dir='ltr'><strong><em>et</em></strong></span> <span class='ocrx_word' id='word_1_8' title='bbox 495 291 704 355; x_wconf 76' lang='lat' dir='ltr'><strong><em>ineaetriccliiti</em></strong></span> <span class='ocrx_word' id='word_1_9' title='bbox 719 312 815 373; x_wconf 86' lang='lat' dir='ltr'><strong><em>paene</em></strong></span> <span class='ocrx_word' id='word_1_10' title='bbox 870 296 952 360; x_wconf 86' lang='lat' dir='ltr'><strong><em>idem</em></strong></span> <span class='ocrx_word' id='word_1_11' title='bbox 975 300 1082 359; x_wconf 86' lang='lat' dir='ltr'><strong><em>Petrus</em></strong></span> <span class='ocrx_word' id='word_1_12' title='bbox 1102 297 1190 358; x_wconf 86' lang='lat' dir='ltr'><strong><em>docet</em></strong></span> <span class='ocrx_word' id='word_1_13' title='bbox 1220 298 1351 359; x_wconf 88' lang='lat' dir='ltr'><strong><em>Marcum</em></strong></span> <span class='ocrx_word' id='word_1_14' title='bbox 1373 298 1532 376; x_wconf 79' lang='lat' dir='ltr'>scripsisse</span> <span class='ocrx_word' id='word_1_15' title='bbox 1551 297 1586 358; x_wconf 85' lang='lat' dir='ltr'><strong><em>ile</em></strong></span> 
     </span>
     <span class='ocr_line' id='line_1_3' title="bbox 96 386 1584 468; baseline 0 -19"><span class='ocrx_word' id='word_1_16' title='bbox 96 395 270 463; x_wconf 80' lang='lat' dir='ltr'><strong><em>caractere,</em></strong></span> <span class='ocrx_word' id='word_1_17' title='bbox 289 387 388 468; x_wconf 86' lang='lat' dir='ltr'><strong><em>quotis</em></strong></span> <span class='ocrx_word' id='word_1_18' title='bbox 406 387 455 447; x_wconf 87' lang='lat' dir='ltr'><strong><em>ilto</em></strong></span> <span class='ocrx_word' id='word_1_19' title='bbox 480 393 608 467; x_wconf 83' lang='lat' dir='ltr'><strong><em>tempore-</em></strong></span> <span class='ocrx_word' id='word_1_20' title='bbox 626 386 816 449; x_wconf 80' lang='lat' dir='ltr'><em>tabellionum</em></span> <span class='ocrx_word' id='word_1_21' title='bbox 871 392 932 454; x_wconf 84' lang='lat' dir='ltr'><strong><em>situ</em></strong></span> <span class='ocrx_word' id='word_1_22' title='bbox 947 396 976 451; x_wconf 89' lang='lat' dir='ltr'><strong><em>et</em></strong></span> <span class='ocrx_word' id='word_1_23' title='bbox 987 392 1204 452; x_wconf 86' lang='lat' dir='ltr'><strong><em>constructione</em></strong></span> <span class='ocrx_word' id='word_1_24' title='bbox 1222 387 1365 453; x_wconf 85' lang='lat' dir='ltr'><strong><em>Coenodii&#39;</em></strong></span> <span class='ocrx_word' id='word_1_25' title='bbox 1386 390 1584 452; x_wconf 80' lang='lat' dir='ltr'><strong><em>Cassincnsis.</em></strong></span> 
     </span>
     <span class='ocr_line' id='line_1_4' title="bbox 102 481 1587 564; baseline 0.001 -22"><span class='ocrx_word' id='word_1_26' title='bbox 102 482 172 564; x_wconf 76' lang='lat' dir='ltr'><strong><em>suit,</em></strong></span> <span class='ocrx_word' id='word_1_27' title='bbox 192 482 406 544; x_wconf 85' lang='lat' dir='ltr'><strong><em>evolveramns.</em></strong></span> <span class='ocrx_word' id='word_1_28' title='bbox 428 481 539 541; x_wconf 82' lang='lat' dir='ltr'><strong><em>Eadem</em></strong></span> <span class='ocrx_word' id='word_1_29' title='bbox 564 481 664 542; x_wconf 84' lang='lat' dir='ltr'><strong><em>iniecta</em></strong></span> <span class='ocrx_word' id='word_1_30' title='bbox 686 482 817 561; x_wconf 79' lang='lat' dir='ltr'><strong><em>scriptae</em></strong></span> <span class='ocrx_word' id='word_1_31' title='bbox 872 485 973 545; x_wconf 82' lang='lat' dir='ltr'>Edidit</span> <span class='ocrx_word' id='word_1_32' title='bbox 999 484 1134 563; x_wconf 76' lang='lat' dir='ltr'><strong>Angelus</strong></span> <span class='ocrx_word' id='word_1_33' title='bbox 1154 502 1171 545; x_wconf 90' lang='lat' dir='ltr'><strong><em>a</em></strong></span> <span class='ocrx_word' id='word_1_34' title='bbox 1193 485 1274 544; x_wconf 88' lang='lat' dir='ltr'>Nuce</span> <span class='ocrx_word' id='word_1_35' title='bbox 1294 483 1331 543; x_wconf 92' lang='lat' dir='ltr'><strong><em>ad</em></strong></span> <span class='ocrx_word' id='word_1_36' title='bbox 1353 484 1468 543; x_wconf 82' lang='lat' dir='ltr'><strong><em>calcem</em></strong></span> <span class='ocrx_word' id='word_1_37' title='bbox 1495 485 1587 543; x_wconf 80' lang='lat' dir='ltr'><strong><em>Chre</em></strong></span> 
     </span>
     <span class='ocr_line' id='line_1_5' title="bbox 95 574 1586 658; baseline 0.001 -21"><span class='ocrx_word' id='word_1_38' title='bbox 95 577 183 658; x_wconf 76' lang='lat' dir='ltr'><strong><em>fuere</em></strong></span> <span class='ocrx_word' id='word_1_39' title='bbox 201 575 344 656; x_wconf 77' lang='grc'><strong>44000044</strong></span> <span class='ocrx_word' id='word_1_40' title='bbox 364 574 532 656; x_wconf 72' lang='lat' dir='ltr'><strong><em>farinulae,</em></strong></span> <span class='ocrx_word' id='word_1_41' title='bbox 554 575 632 636; x_wconf 84' lang='grc'><strong>04004</strong></span> <span class='ocrx_word' id='word_1_42' title='bbox 653 576 684 635; x_wconf 87' lang='lat' dir='ltr'><strong><em>in</em></strong></span> <span class='ocrx_word' id='word_1_43' title='bbox 702 574 816 637; x_wconf 87' lang='lat' dir='ltr'><strong><em>Codici-</em></strong></span> <span class='ocrx_word' id='word_1_44' title='bbox 872 579 930 638; x_wconf 91' lang='grc'><strong>0404</strong></span> <span class='ocrx_word' id='word_1_45' title='bbox 952 580 1059 639; x_wconf 82' lang='lat' dir='ltr'><strong>Leonis</strong></span> <span class='ocrx_word' id='word_1_46' title='bbox 1079 577 1244 652; x_wconf 82' lang='lat' dir='ltr'><strong>Ostiensis,</strong></span> <span class='ocrx_word' id='word_1_47' title='bbox 1266 578 1317 655; x_wconf 91' lang='grc'><strong><em>004</em></strong></span> <span class='ocrx_word' id='word_1_48' title='bbox 1340 576 1432 653; x_wconf 84' lang='lat' dir='ltr'><strong><em>hujus</em></strong></span> <span class='ocrx_word' id='word_1_49' title='bbox 1446 579 1586 638; x_wconf 85' lang='lat' dir='ltr'><strong><em>carminis</em></strong></span> 
     </span>
     <span class='ocr_line' id='line_1_6' title="bbox 97 669 1585 750; baseline 0 -20"><span class='ocrx_word' id='word_1_50' title='bbox 97 669 153 733; x_wconf 85' lang='lat' dir='ltr'><strong><em>dus</em></strong></span> <span class='ocrx_word' id='word_1_51' title='bbox 171 670 301 750; x_wconf 77' lang='lat' dir='ltr'><strong><em>antiquis</em></strong></span> <span class='ocrx_word' id='word_1_52' title='bbox 322 670 530 750; x_wconf 84' lang='lat' dir='ltr'><strong><em>reperiuntur.</em></strong></span> <span class='ocrx_word' id='word_1_53' title='bbox 556 672 707 748; x_wconf 78' lang='lat' dir='ltr'><strong><em>Insignem</em></strong></span> <span class='ocrx_word' id='word_1_54' title='bbox 731 669 817 731; x_wconf 92' lang='lat' dir='ltr'><strong><em>Codi-</em></strong></span> <span class='ocrx_word' id='word_1_55' title='bbox 871 673 1008 732; x_wconf 89' lang='lat' dir='ltr'><strong><em>memiuit</em></strong></span> <span class='ocrx_word' id='word_1_56' title='bbox 1041 673 1090 732; x_wconf 92' lang='grc'><strong>444.</strong></span> <span class='ocrx_word' id='word_1_57' title='bbox 1112 672 1159 732; x_wconf 78' lang='grc'><strong><em>99.</em></strong></span> <span class='ocrx_word' id='word_1_58' title='bbox 1194 672 1302 731; x_wconf 81' lang='lat' dir='ltr'><strong><em>Exstat</em></strong></span> <span class='ocrx_word' id='word_1_59' title='bbox 1322 673 1413 731; x_wconf 89' lang='lat' dir='ltr'><strong><em>etiarn</em></strong></span> <span class='ocrx_word' id='word_1_60' title='bbox 1436 677 1520 730; x_wconf 88' lang='lat' dir='ltr'><strong><em>tamo</em></strong></span> <span class='ocrx_word' id='word_1_61' title='bbox 1541 672 1585 730; x_wconf 86' lang='grc'><strong>444.</strong></span> 
     </span>
     <span class='ocr_line' id='line_1_7' title="bbox 97 763 1587 844; baseline -0.001 -20"><span class='ocrx_word' id='word_1_62' title='bbox 97 781 163 824; x_wconf 89' lang='lat' dir='ltr'><strong><em>cem</em></strong></span> <span class='ocrx_word' id='word_1_63' title='bbox 198 765 303 825; x_wconf 89' lang='lat' dir='ltr'><strong><em>harum</em></strong></span> <span class='ocrx_word' id='word_1_64' title='bbox 334 765 553 839; x_wconf 80' lang='lat' dir='ltr'><strong><em>formularum,</em></strong></span> <span class='ocrx_word' id='word_1_65' title='bbox 584 780 731 823; x_wconf 90' lang='lat' dir='ltr'><strong><em>annorum</em></strong></span> <span class='ocrx_word' id='word_1_66' title='bbox 753 780 817 824; x_wconf 91' lang='lat' dir='ltr'><strong><em>am·</em></strong></span> <span class='ocrx_word' id='word_1_67' title='bbox 871 766 1005 827; x_wconf 83' lang='lat' dir='ltr'><strong><em>thesauri</em></strong></span> <span class='ocrx_word' id='word_1_68' title='bbox 1028 766 1129 826; x_wconf 85' lang='lat' dir='ltr'><strong><em>ltaliae</em></strong></span> <span class='ocrx_word' id='word_1_69' title='bbox 1149 765 1339 825; x_wconf 86' lang='lat' dir='ltr'><strong><em>Muratoriani</em></strong></span> <span class='ocrx_word' id='word_1_70' title='bbox 1361 778 1429 841; x_wconf 87' lang='lat' dir='ltr'><strong><em>pag.</em></strong></span> <span class='ocrx_word' id='word_1_71' title='bbox 1451 763 1520 844; x_wconf 84' lang='grc'><strong>695.</strong></span> <span class='ocrx_word' id='word_1_72' title='bbox 1543 765 1587 823; x_wconf 92' lang='lat' dir='ltr'><strong><em>ln·</em></strong></span> 
     </span>
     <span class='ocr_line' id='line_1_8' title="bbox 95 854 1587 938; baseline -0.002 -20"><span class='ocrx_word' id='word_1_73' title='bbox 95 859 175 936; x_wconf 90' lang='lat' dir='ltr'><strong><em>plius</em></strong></span> <span class='ocrx_word' id='word_1_74' title='bbox 196 860 269 921; x_wconf 86' lang='lat' dir='ltr'><strong><em>DCC</em></strong></span> <span class='ocrx_word' id='word_1_75' title='bbox 292 876 379 919; x_wconf 88' lang='lat' dir='ltr'><strong><em>servo</em></strong></span> <span class='ocrx_word' id='word_1_76' title='bbox 402 865 510 918; x_wconf 90' lang='lat' dir='ltr'><strong><em>nactus</em></strong></span> <span class='ocrx_word' id='word_1_77' title='bbox 531 859 721 918; x_wconf 85' lang='lat' dir='ltr'><strong><em>exsectione</em></strong></span> <span class='ocrx_word' id='word_1_78' title='bbox 742 857 814 917; x_wconf 90' lang='lat' dir='ltr'><strong><em>Ribl.</em></strong></span> <span class='ocrx_word' id='word_1_79' title='bbox 870 862 960 938; x_wconf 88' lang='lat' dir='ltr'><strong><em>cipit:</em></strong></span> <span class='ocrx_word' id='word_1_80' title='bbox 985 859 1080 920; x_wconf 88' lang='lat' dir='ltr'><strong><em>Coeco</em></strong></span> <span class='ocrx_word' id='word_1_81' title='bbox 1093 856 1274 938; x_wconf 80' lang='lat' dir='ltr'><strong><em>profanatus</em></strong></span> <span class='ocrx_word' id='word_1_82' title='bbox 1288 854 1398 917; x_wconf 81' lang='lat' dir='ltr'><strong><em>coleret</em></strong></span> <span class='ocrx_word' id='word_1_83' title='bbox 1412 856 1486 916; x_wconf 86' lang='lat' dir='ltr'><strong><em>dum</em></strong></span> <span class='ocrx_word' id='word_1_84' title='bbox 1498 854 1587 916; x_wconf 84' lang='lat' dir='ltr'><strong><em>turba</em></strong></span> 
     </span>
     <span class='ocr_line' id='line_1_9' title="bbox 95 950 1585 1033; baseline -0.003 -21"><span class='ocrx_word' id='word_1_85' title='bbox 95 950 259 1012; x_wconf 84' lang='lat' dir='ltr'><strong><em>Gudianae.</em></strong></span> <span class='ocrx_word' id='word_1_86' title='bbox 865 953 991 1033; x_wconf 77' lang='lat' dir='ltr'><strong><em>fipurus.</em></strong></span> <span class='ocrx_word' id='word_1_87' title='bbox 1015 953 1087 1013; x_wconf 89' lang='lat' dir='ltr'><strong><em>Vide</em></strong></span> <span class='ocrx_word' id='word_1_88' title='bbox 1108 960 1140 1012; x_wconf 88' lang='grc'><strong><em>04</em></strong></span> <span class='ocrx_word' id='word_1_89' title='bbox 1161 952 1237 1012; x_wconf 85' lang='lat' dir='ltr'><strong><em>inira</em></strong></span> <span class='ocrx_word' id='word_1_90' title='bbox 1254 950 1406 1012; x_wconf 86' lang='lat' dir='ltr'>MARCUS</span> <span class='ocrx_word' id='word_1_91' title='bbox 1420 951 1585 1011; x_wconf 65' lang='lat' dir='ltr'><strong><em>Macrinus.</em></strong></span> 
     </span>
    </p>

    <p class='ocr_par' dir='ltr' id='par_1_3' title="bbox 95 1042 1586 1215">
     <span class='ocr_line' id='line_1_10' title="bbox 137 1042 1586 1123; baseline 0 -18"><span class='ocrx_word' id='word_1_92' title='bbox 137 1044 290 1106; x_wconf 79' lang='lat' dir='ltr'>MARCUS</span> <span class='ocrx_word' id='word_1_93' title='bbox 310 1046 464 1105; x_wconf 89' lang='lat' dir='ltr'><strong><em>Romanus</em></strong></span> <span class='ocrx_word' id='word_1_94' title='bbox 489 1046 574 1122; x_wconf 87' lang='lat' dir='ltr'><strong><em>Papo</em></strong></span> <span class='ocrx_word' id='word_1_95' title='bbox 594 1061 640 1103; x_wconf 92' lang='lat' dir='ltr'><strong><em>an.</em></strong></span> <span class='ocrx_word' id='word_1_96' title='bbox 659 1044 716 1104; x_wconf 91' lang='grc'>336</span> <span class='ocrx_word' id='word_1_97' title='bbox 732 1045 750 1103; x_wconf 80' lang='lat' dir='ltr'><strong><em>ii</em></strong></span> <span class='ocrx_word' id='word_1_98' title='bbox 768 1042 815 1103; x_wconf 97' lang='grc'><strong><em>46.</em></strong></span> <span class='ocrx_word' id='word_1_99' title='bbox 909 1048 1062 1108; x_wconf 82' lang='lat' dir='ltr'>MARCUS</span> <span class='ocrx_word' id='word_1_100' title='bbox 1083 1044 1293 1123; x_wconf 78' lang='lat' dir='ltr'><strong><em>cassinensis,</em></strong></span> <span class='ocrx_word' id='word_1_101' title='bbox 1316 1045 1398 1105; x_wconf 89' lang='lat' dir='ltr'><strong><em>idem</em></strong></span> <span class='ocrx_word' id='word_1_102' title='bbox 1412 1061 1485 1105; x_wconf 92' lang='lat' dir='ltr'><strong><em>cum</em></strong></span> <span class='ocrx_word' id='word_1_103' title='bbox 1501 1062 1586 1123; x_wconf 78' lang='lat' dir='ltr'><strong><em>supe</em></strong></span> 
     </span>
     <span class='ocr_line' id='line_1_11' title="bbox 95 1137 956 1215; baseline 0.002 -18"><span class='ocrx_word' id='word_1_104' title='bbox 95 1137 468 1201; x_wconf 63' lang='lat' dir='ltr'><strong><em>tenuissimorum.</em></strong></span> <span class='ocrx_word' id='word_1_105' title='bbox 497 1138 534 1199; x_wconf 92' lang='lat' dir='ltr'><strong><em>ad</em></strong></span> <span class='ocrx_word' id='word_1_106' title='bbox 563 1155 653 1215; x_wconf 90' lang='lat' dir='ltr'><strong><em>quem</em></strong></span> <span class='ocrx_word' id='word_1_107' title='bbox 683 1137 814 1213; x_wconf 83' lang='lat' dir='ltr'><strong><em>Epistola</em></strong></span> <span class='ocrx_word' id='word_1_108' title='bbox 869 1140 956 1201; x_wconf 88' lang='lat' dir='ltr'><strong><em>riure.</em></strong></span> 
     </span>
    </p>
   </div>
   <div class='ocr_carea' id='block_1_3' title="bbox 1 1223 1582 1311">
    <p class='ocr_par' dir='ltr' id='par_1_4' title="bbox 1 1223 1582 1311">
     <span class='ocr_line' id='line_1_12' title="bbox 1 1223 1582 1311; baseline -0.001 -20"><span class='ocrx_word' id='word_1_109' title='bbox 1 1245 2 1258; x_wconf 63' lang='lat'>¹</span> <span class='ocrx_word' id='word_1_110' title='bbox 97 1231 154 1292; x_wconf 92' lang='lat' dir='ltr'><strong><em>sub</em></strong></span> <span class='ocrx_word' id='word_1_111' title='bbox 175 1223 330 1292; x_wconf 75' lang='lat' dir='ltr'><strong><em>Athanasii</em></strong></span> <span class='ocrx_word' id='word_1_112' title='bbox 351 1239 383 1292; x_wconf 90' lang='grc'><strong><em>04</em></strong></span> <span class='ocrx_word' id='word_1_113' title='bbox 409 1234 618 1311; x_wconf 81' lang='lat' dir='ltr'><strong><em>AEgyptiorum</em></strong></span> <span class='ocrx_word' id='word_1_114' title='bbox 653 1233 815 1308; x_wconf 90' lang='lat' dir='ltr'><strong><em>Episcopo·</em></strong></span> <span class='ocrx_word' id='word_1_115' title='bbox 909 1231 1103 1295; x_wconf 89' lang='lat' dir='ltr'><strong><em>MARCUSde</em></strong></span> <span class='ocrx_word' id='word_1_116' title='bbox 1115 1233 1389 1295; x_wconf 83' lang='lat' dir='ltr'><strong><em>Cottni‘sBchemus</em></strong></span> <span class='ocrx_word' id='word_1_117' title='bbox 1400 1232 1582 1311; x_wconf 77' lang='lat' dir='ltr'><strong><em>sigismundi</em></strong></span> 
     </span>
    </p>
   </div>
   <div class='ocr_carea' id='block_1_4' title="bbox 95 1323 1586 4306">
    <p class='ocr_par' dir='ltr' id='par_1_5' title="bbox 95 1323 1586 4306">
     <span class='ocr_line' id='line_1_13' title="bbox 97 1323 1584 1405; baseline -0.002 -21"><span class='ocrx_word' id='word_1_118' title='bbox 97 1342 165 1384; x_wconf 90' lang='lat' dir='ltr'><strong><em>rum</em></strong></span> <span class='ocrx_word' id='word_1_119' title='bbox 188 1329 327 1401; x_wconf 87' lang='lat' dir='ltr'><strong><em>nomine,</em></strong></span> <span class='ocrx_word' id='word_1_120' title='bbox 351 1327 380 1386; x_wconf 92' lang='lat' dir='ltr'><strong><em>in</em></strong></span> <span class='ocrx_word' id='word_1_121' title='bbox 404 1326 547 1386; x_wconf 88' lang='lat' dir='ltr'><strong><em>Blondolli</em></strong></span> <span class='ocrx_word' id='word_1_122' title='bbox 571 1323 815 1386; x_wconf 84' lang='lat' dir='ltr'><strong><em>Pseudo-isidoro</em></strong></span> <span class='ocrx_word' id='word_1_123' title='bbox 870 1329 945 1405; x_wconf 85' lang='lat' dir='ltr'><strong><em>imp.</em></strong></span> <span class='ocrx_word' id='word_1_124' title='bbox 966 1327 1115 1388; x_wconf 76' lang='lat' dir='ltr'><strong><em>archiater</em></strong></span> <span class='ocrx_word' id='word_1_125' title='bbox 1134 1330 1213 1388; x_wconf 77' lang='lat' dir='ltr'><strong><em>circa</em></strong></span> <span class='ocrx_word' id='word_1_126' title='bbox 1230 1345 1279 1388; x_wconf 82' lang='lat' dir='ltr'><strong><em>an.</em></strong></span> <span class='ocrx_word' id='word_1_127' title='bbox 1294 1328 1372 1388; x_wconf 70' lang='grc'><strong>4448</strong></span> <span class='ocrx_word' id='word_1_128' title='bbox 1389 1329 1439 1388; x_wconf 87' lang='lat' dir='ltr'><strong><em>cui</em></strong></span> <span class='ocrx_word' id='word_1_129' title='bbox 1457 1326 1584 1386; x_wconf 76' lang='lat' dir='ltr'><strong><em>abiaram</em></strong></span> 
     </span>
     <span class='ocr_line' id='line_1_14' title="bbox 97 1415 1585 1497; baseline -0.001 -19"><span class='ocrx_word' id='word_1_130' title='bbox 97 1436 165 1497; x_wconf 86' lang='lat' dir='ltr'><strong><em>pag.</em></strong></span> <span class='ocrx_word' id='word_1_131' title='bbox 186 1418 255 1480; x_wconf 83' lang='lat' dir='ltr'><strong><em>li36.</em></strong></span> <span class='ocrx_word' id='word_1_132' title='bbox 277 1437 336 1480; x_wconf 89' lang='lat' dir='ltr'><strong><em>una</em></strong></span> <span class='ocrx_word' id='word_1_133' title='bbox 356 1437 427 1480; x_wconf 89' lang='lat' dir='ltr'><strong><em>eum</em></strong></span> <span class='ocrx_word' id='word_1_134' title='bbox 443 1422 533 1480; x_wconf 86' lang='lat' dir='ltr'><strong><em>Marci</em></strong></span> <span class='ocrx_word' id='word_1_135' title='bbox 550 1419 587 1479; x_wconf 92' lang='lat' dir='ltr'><strong><em>ad</em></strong></span> <span class='ocrx_word' id='word_1_136' title='bbox 605 1418 727 1479; x_wconf 90' lang='lat' dir='ltr'><strong><em>eusdem</em></strong></span> <span class='ocrx_word' id='word_1_137' title='bbox 747 1415 818 1494; x_wconf 86' lang='lat' dir='ltr'><strong><em>Epi·</em></strong></span> <span class='ocrx_word' id='word_1_138' title='bbox 868 1419 907 1481; x_wconf 89' lang='lat' dir='ltr'><strong><em>de</em></strong></span> <span class='ocrx_word' id='word_1_139' title='bbox 929 1421 1102 1481; x_wconf 84' lang='lat' dir='ltr'><strong><em>infirmitate</em></strong></span> <span class='ocrx_word' id='word_1_140' title='bbox 1124 1437 1179 1481; x_wconf 88' lang='lat' dir='ltr'><strong><em>sua</em></strong></span> <span class='ocrx_word' id='word_1_141' title='bbox 1200 1423 1218 1481; x_wconf 81' lang='lat' dir='ltr'><strong><em>a</em></strong></span> <span class='ocrx_word' id='word_1_142' title='bbox 1238 1420 1352 1481; x_wconf 89' lang='lat' dir='ltr'><strong><em>Joanne</em></strong></span> <span class='ocrx_word' id='word_1_143' title='bbox 1369 1420 1486 1479; x_wconf 87' lang='lat' dir='ltr'><strong><em>Abbate</em></strong></span> <span class='ocrx_word' id='word_1_144' title='bbox 1504 1423 1585 1478; x_wconf 86' lang='lat' dir='ltr'><strong><em>Lam·</em></strong></span> 
     </span>
     <span class='ocr_line' id='line_1_15' title="bbox 97 1510 1585 1592; baseline 0 -20"><span class='ocrx_word' id='word_1_145' title='bbox 97 1511 173 1572; x_wconf 87' lang='lat' dir='ltr'><strong><em>stola</em></strong></span> <span class='ocrx_word' id='word_1_146' title='bbox 206 1513 345 1573; x_wconf 88' lang='lat' dir='ltr'><strong><em>similiter</em></strong></span> <span class='ocrx_word' id='word_1_147' title='bbox 377 1515 566 1592; x_wconf 87' lang='lat' dir='ltr'><strong><em>supposititia</em></strong></span> <span class='ocrx_word' id='word_1_148' title='bbox 596 1529 661 1590; x_wconf 85' lang='lat' dir='ltr'><strong><em>pag.</em></strong></span> <span class='ocrx_word' id='word_1_149' title='bbox 690 1513 756 1572; x_wconf 88' lang='grc'><strong>438.</strong></span> <span class='ocrx_word' id='word_1_150' title='bbox 779 1510 816 1569; x_wconf 87' lang='lat' dir='ltr'><strong><em>de</em></strong></span> <span class='ocrx_word' id='word_1_151' title='bbox 871 1514 994 1575; x_wconf 82' lang='lat' dir='ltr'><strong><em>bucensi</em></strong></span> <span class='ocrx_word' id='word_1_152' title='bbox 1017 1515 1256 1574; x_wconf 79' lang='lat' dir='ltr'><strong><em>informationem</em></strong></span> <span class='ocrx_word' id='word_1_153' title='bbox 1288 1511 1381 1572; x_wconf 88' lang='lat' dir='ltr'><strong><em>edidit</em></strong></span> <span class='ocrx_word' id='word_1_154' title='bbox 1413 1512 1585 1572; x_wconf 85' lang='lat' dir='ltr'><strong><em>Beruardus</em></strong></span> 
     </span>
     <span class='ocr_line' id='line_1_16' title="bbox 98 1604 1581 1685; baseline -0.002 -19"><span class='ocrx_word' id='word_1_155' title='bbox 98 1624 225 1668; x_wconf 89' lang='lat' dir='ltr'><strong><em>numero</em></strong></span> <span class='ocrx_word' id='word_1_156' title='bbox 246 1607 451 1685; x_wconf 88' lang='lat' dir='ltr'><strong><em>Capitulorum</em></strong></span> <span class='ocrx_word' id='word_1_157' title='bbox 474 1608 541 1666; x_wconf 89' lang='lat' dir='ltr'><strong><em>sive</em></strong></span> <span class='ocrx_word' id='word_1_158' title='bbox 563 1607 720 1668; x_wconf 88' lang='lat' dir='ltr'><strong><em>Canonum</em></strong></span> <span class='ocrx_word' id='word_1_159' title='bbox 739 1605 818 1664; x_wconf 91' lang='lat' dir='ltr'><strong><em>Con·</em></strong></span> <span class='ocrx_word' id='word_1_160' title='bbox 871 1610 928 1669; x_wconf 87' lang='lat' dir='ltr'><strong><em>Pez</em></strong></span> <span class='ocrx_word' id='word_1_161' title='bbox 947 1608 975 1666; x_wconf 90' lang='lat' dir='ltr'><strong><em>in</em></strong></span> <span class='ocrx_word' id='word_1_162' title='bbox 995 1608 1215 1685; x_wconf 85' lang='lat' dir='ltr'><strong><em>Prolegomenis</em></strong></span> <span class='ocrx_word' id='word_1_163' title='bbox 1232 1605 1269 1666; x_wconf 94' lang='lat' dir='ltr'><strong><em>ad</em></strong></span> <span class='ocrx_word' id='word_1_164' title='bbox 1284 1617 1356 1665; x_wconf 84' lang='lat' dir='ltr'><strong><em>toni.</em></strong></span> <span class='ocrx_word' id='word_1_165' title='bbox 1369 1606 1397 1665; x_wconf 78' lang='grc'><strong><em>2.</em></strong></span> <span class='ocrx_word' id='word_1_166' title='bbox 1414 1604 1581 1665; x_wconf 87' lang='lat' dir='ltr'><strong><em>anecdotor.</em></strong></span> 
     </span>
     <span class='ocr_line' id='line_1_17' title="bbox 98 1699 1127 1780; baseline -0.001 -19"><span class='ocrx_word' id='word_1_167' title='bbox 98 1702 157 1761; x_wconf 91' lang='lat' dir='ltr'><strong><em>cilii</em></strong></span> <span class='ocrx_word' id='word_1_168' title='bbox 179 1703 310 1763; x_wconf 84' lang='lat' dir='ltr'><strong><em>Nicaeni.</em></strong></span> <span class='ocrx_word' id='word_1_169' title='bbox 331 1701 441 1762; x_wconf 89' lang='lat' dir='ltr'><strong><em>Conier</em></strong></span> <span class='ocrx_word' id='word_1_170' title='bbox 463 1701 606 1762; x_wconf 90' lang='lat' dir='ltr'><strong><em>Ludnvici</em></strong></span> <span class='ocrx_word' id='word_1_171' title='bbox 623 1700 723 1761; x_wconf 85' lang='lat' dir='ltr'><strong><em>iacobi</em></strong></span> <span class='ocrx_word' id='word_1_172' title='bbox 741 1699 816 1760; x_wconf 88' lang='lat' dir='ltr'><strong><em>Bihl.</em></strong></span> <span class='ocrx_word' id='word_1_173' title='bbox 871 1718 937 1780; x_wconf 90' lang='lat' dir='ltr'><strong><em>pag.</em></strong></span> <span class='ocrx_word' id='word_1_174' title='bbox 960 1699 1127 1761; x_wconf 86' lang='lat' dir='ltr'><strong><em>XXXVlll.</em></strong></span> 
     </span>
     <span class='ocr_line' id='line_1_18' title="bbox 98 1790 1581 1875; baseline -0.002 -19"><span class='ocrx_word' id='word_1_175' title='bbox 98 1796 282 1856; x_wconf 84' lang='lat' dir='ltr'><strong><em>Pontificiam</em></strong></span> <span class='ocrx_word' id='word_1_176' title='bbox 298 1813 363 1875; x_wconf 87' lang='lat' dir='ltr'><strong><em>pag.</em></strong></span> <span class='ocrx_word' id='word_1_177' title='bbox 377 1796 443 1856; x_wconf 84' lang='grc'><strong>466.</strong></span> <span class='ocrx_word' id='word_1_178' title='bbox 457 1796 506 1856; x_wconf 92' lang='lat' dir='ltr'><strong><em>ubi</em></strong></span> <span class='ocrx_word' id='word_1_179' title='bbox 519 1798 609 1857; x_wconf 89' lang='lat' dir='ltr'><strong><em>etiam</em></strong></span> <span class='ocrx_word' id='word_1_180' title='bbox 622 1794 814 1872; x_wconf 85' lang='lat' dir='ltr'><strong><em>Epitaphium</em></strong></span> <span class='ocrx_word' id='word_1_181' title='bbox 910 1792 1063 1856; x_wconf 81' lang='lat' dir='ltr'>MARCUS</span> <span class='ocrx_word' id='word_1_182' title='bbox 1084 1793 1248 1870; x_wconf 69' lang='lat' dir='ltr'><strong><em>Georgius,</em></strong></span> <span class='ocrx_word' id='word_1_183' title='bbox 1270 1808 1360 1871; x_wconf 85' lang='lat' dir='ltr'><strong><em>supra</em></strong></span> <span class='ocrx_word' id='word_1_184' title='bbox 1382 1790 1581 1862; x_wconf 79' lang='lat' dir='ltr'>GEORGlUS,</span> 
     </span>
     <span class='ocr_line' id='line_1_19' title="bbox 98 1888 1141 1967; baseline -0.004 -18"><span class='ocrx_word' id='word_1_185' title='bbox 98 1888 177 1967; x_wconf 87' lang='lat' dir='ltr'><strong><em>quod</em></strong></span> <span class='ocrx_word' id='word_1_186' title='bbox 193 1891 282 1951; x_wconf 88' lang='lat' dir='ltr'><strong><em>Marci</em></strong></span> <span class='ocrx_word' id='word_1_187' title='bbox 307 1892 468 1950; x_wconf 85' lang='lat' dir='ltr'><strong><em>memoriae</em></strong></span> <span class='ocrx_word' id='word_1_188' title='bbox 490 1890 521 1950; x_wconf 91' lang='lat' dir='ltr'><strong><em>S.</em></strong></span> <span class='ocrx_word' id='word_1_189' title='bbox 542 1891 692 1949; x_wconf 89' lang='lat' dir='ltr'><strong><em>Damasus</em></strong></span> <span class='ocrx_word' id='word_1_190' title='bbox 712 1904 817 1947; x_wconf 75' lang='lat' dir='ltr'><strong><em>conse</em></strong></span> <span class='ocrx_word' id='word_1_191' title='bbox 872 1892 942 1946; x_wconf 88' lang='lat' dir='ltr'><strong><em>tom.</em></strong></span> <span class='ocrx_word' id='word_1_192' title='bbox 965 1888 983 1946; x_wconf 92' lang='grc'>3</span> <span class='ocrx_word' id='word_1_193' title='bbox 1005 1904 1072 1966; x_wconf 88' lang='lat' dir='ltr'><strong><em>pag.</em></strong></span> <span class='ocrx_word' id='word_1_194' title='bbox 1094 1888 1141 1947; x_wconf 85' lang='grc'><strong><em>34.</em></strong></span> 
     </span>
     <span class='ocr_line' id='line_1_20' title="bbox 96 1976 1552 2060; baseline -0.005 -17"><span class='ocrx_word' id='word_1_195' title='bbox 96 1986 202 2043; x_wconf 84' lang='lat' dir='ltr'><strong><em>crevit.</em></strong></span> <span class='ocrx_word' id='word_1_196' title='bbox 225 1987 267 2044; x_wconf 87' lang='lat' dir='ltr'><strong><em>De</em></strong></span> <span class='ocrx_word' id='word_1_197' title='bbox 289 1985 355 2060; x_wconf 77' lang='lat' dir='ltr'><strong><em>eius</em></strong></span> <span class='ocrx_word' id='word_1_198' title='bbox 377 1982 525 2056; x_wconf 85' lang='lat' dir='ltr'><strong><em>Decreta,</em></strong></span> <span class='ocrx_word' id='word_1_199' title='bbox 546 1999 607 2060; x_wconf 88' lang='lat' dir='ltr'><strong><em>quo</em></strong></span> <span class='ocrx_word' id='word_1_200' title='bbox 621 1982 816 2042; x_wconf 89' lang='lat' dir='ltr'><strong><em>constituisse</em></strong></span> <span class='ocrx_word' id='word_1_201' title='bbox 910 1980 1064 2044; x_wconf 86' lang='lat' dir='ltr'>MARCUS</span> <span class='ocrx_word' id='word_1_202' title='bbox 1085 1976 1244 2055; x_wconf 75' lang='lat' dir='ltr'><strong><em>Maeuius,</em></strong></span> <span class='ocrx_word' id='word_1_203' title='bbox 1266 1980 1342 2039; x_wconf 83' lang='lat' dir='ltr'><strong><em>inira</em></strong></span> <span class='ocrx_word' id='word_1_204' title='bbox 1362 1977 1552 2039; x_wconf 91' lang='lat' dir='ltr'>MARULUS.</span> 
     </span>
     <span class='ocr_line' id='line_1_21' title="bbox 98 2071 1584 2155; baseline -0.005 -20"><span class='ocrx_word' id='word_1_205' title='bbox 98 2076 227 2137; x_wconf 87' lang='lat' dir='ltr'><strong><em>traditur</em></strong></span> <span class='ocrx_word' id='word_1_206' title='bbox 238 2084 272 2138; x_wconf 89' lang='lat' dir='ltr'><strong><em>ut</em></strong></span> <span class='ocrx_word' id='word_1_207' title='bbox 285 2079 454 2155; x_wconf 85' lang='lat' dir='ltr'><strong><em>Episcopus</em></strong></span> <span class='ocrx_word' id='word_1_208' title='bbox 466 2078 615 2137; x_wconf 87' lang='lat' dir='ltr'><strong><em>Ostiensis</em></strong></span> <span class='ocrx_word' id='word_1_209' title='bbox 627 2075 714 2153; x_wconf 90' lang='lat' dir='ltr'><strong><em>pallio</em></strong></span> <span class='ocrx_word' id='word_1_210' title='bbox 728 2082 816 2135; x_wconf 87' lang='lat' dir='ltr'><strong><em>utens</em></strong></span> <span class='ocrx_word' id='word_1_211' title='bbox 909 2074 1060 2135; x_wconf 81' lang='lat' dir='ltr'>MARCUS</span> <span class='ocrx_word' id='word_1_212' title='bbox 1077 2074 1253 2144; x_wconf 72' lang='lat' dir='ltr'><strong><em>Mecinus,</em></strong></span> <span class='ocrx_word' id='word_1_213' title='bbox 1267 2074 1436 2151; x_wconf 87' lang='lat' dir='ltr'><strong><em>Episcopus</em></strong></span> <span class='ocrx_word' id='word_1_214' title='bbox 1455 2081 1489 2132; x_wconf 88' lang='lat' dir='ltr'><strong><em>ut</em></strong></span> <span class='ocrx_word' id='word_1_215' title='bbox 1503 2071 1584 2148; x_wconf 86' lang='lat' dir='ltr'><strong><em>ajunt</em></strong></span> 
     </span>
     <span class='ocr_line' id='line_1_22' title="bbox 97 2167 1584 2248; baseline -0.005 -18"><span class='ocrx_word' id='word_1_216' title='bbox 97 2171 280 2248; x_wconf 80' lang='lat' dir='ltr'><strong><em>Episcopum</em></strong></span> <span class='ocrx_word' id='word_1_217' title='bbox 300 2170 388 2230; x_wconf 87' lang='lat' dir='ltr'><strong><em>Urbis</em></strong></span> <span class='ocrx_word' id='word_1_218' title='bbox 398 2171 508 2230; x_wconf 91' lang='lat' dir='ltr'><strong><em>Romae</em></strong></span> <span class='ocrx_word' id='word_1_219' title='bbox 520 2175 729 2242; x_wconf 86' lang='lat' dir='ltr'><strong><em>consecraret,</em></strong></span> <span class='ocrx_word' id='word_1_220' title='bbox 748 2169 816 2228; x_wconf 88' lang='lat' dir='ltr'><strong><em>vido</em></strong></span> <span class='ocrx_word' id='word_1_221' title='bbox 871 2169 1191 2246; x_wconf 88' lang='lat' dir='ltr'><strong><em>Caesaraugustanus,</em></strong></span> <span class='ocrx_word' id='word_1_222' title='bbox 1212 2169 1339 2244; x_wconf 87' lang='grc'><strong>00040400</strong></span> <span class='ocrx_word' id='word_1_223' title='bbox 1359 2167 1584 2225; x_wconf 86' lang='lat' dir='ltr'><strong><em>commentitius</em></strong></span> 
     </span>
     <span class='ocr_line' id='line_1_23' title="bbox 98 2258 1585 2341; baseline -0.006 -15"><span class='ocrx_word' id='word_1_224' title='bbox 98 2267 220 2326; x_wconf 88' lang='lat' dir='ltr'><strong><em>Petrum</em></strong></span> <span class='ocrx_word' id='word_1_225' title='bbox 243 2265 393 2324; x_wconf 86' lang='lat' dir='ltr'><strong><em>Constant</em></strong></span> <span class='ocrx_word' id='word_1_226' title='bbox 415 2265 444 2321; x_wconf 89' lang='lat' dir='ltr'><strong><em>iu</em></strong></span> <span class='ocrx_word' id='word_1_227' title='bbox 466 2263 610 2341; x_wconf 90' lang='lat' dir='ltr'><strong><em>Epistolis</em></strong></span> <span class='ocrx_word' id='word_1_228' title='bbox 639 2262 814 2323; x_wconf 80' lang='lat' dir='ltr'><strong><em>Pontificum</em></strong></span> <span class='ocrx_word' id='word_1_229' title='bbox 873 2262 1035 2336; x_wconf 86' lang='lat' dir='ltr'><strong><em>Clironiai,</em></strong></span> <span class='ocrx_word' id='word_1_230' title='bbox 1056 2263 1121 2321; x_wconf 89' lang='lat' dir='ltr'><strong><em>sive</em></strong></span> <span class='ocrx_word' id='word_1_231' title='bbox 1143 2261 1377 2320; x_wconf 86' lang='lat' dir='ltr'><strong><em>continuationis</em></strong></span> <span class='ocrx_word' id='word_1_232' title='bbox 1399 2258 1518 2319; x_wconf 85' lang='lat' dir='ltr'><strong><em>Pseudo</em></strong></span> <span class='ocrx_word' id='word_1_233' title='bbox 1532 2260 1585 2317; x_wconf 80' lang='lat' dir='ltr'><strong><em>Ue·</em></strong></span> 
     </span>
     <span class='ocr_line' id='line_1_24' title="bbox 97 2351 1583 2436; baseline -0.006 -18"><span class='ocrx_word' id='word_1_234' title='bbox 97 2374 164 2436; x_wconf 88' lang='lat' dir='ltr'><strong><em>pag.</em></strong></span> <span class='ocrx_word' id='word_1_235' title='bbox 187 2357 256 2418; x_wconf 81' lang='grc'><strong>366.</strong></span> <span class='ocrx_word' id='word_1_236' title='bbox 277 2358 500 2418; x_wconf 90' lang='lat' dir='ltr'><strong><em>Tillemontium</em></strong></span> <span class='ocrx_word' id='word_1_237' title='bbox 524 2365 596 2416; x_wconf 85' lang='lat' dir='ltr'><strong><em>toni.</em></strong></span> <span class='ocrx_word' id='word_1_238' title='bbox 626 2358 689 2417; x_wconf 90' lang='lat' dir='ltr'><strong><em>Vll.</em></strong></span> <span class='ocrx_word' id='word_1_239' title='bbox 709 2359 817 2417; x_wconf 84' lang='grc'><strong>440000-</strong></span> <span class='ocrx_word' id='word_1_240' title='bbox 871 2358 929 2416; x_wconf 80' lang='lat' dir='ltr'><strong><em>stri</em></strong></span> <span class='ocrx_word' id='word_1_241' title='bbox 952 2355 990 2416; x_wconf 89' lang='lat' dir='ltr'><strong><em>ab</em></strong></span> <span class='ocrx_word' id='word_1_242' title='bbox 1010 2357 1046 2415; x_wconf 90' lang='lat' dir='ltr'><strong><em>A.</em></strong></span> <span class='ocrx_word' id='word_1_243' title='bbox 1068 2356 1102 2413; x_wconf 92' lang='lat' dir='ltr'><strong><em>C.</em></strong></span> <span class='ocrx_word' id='word_1_244' title='bbox 1125 2355 1192 2413; x_wconf 85' lang='grc'><strong>439.</strong></span> <span class='ocrx_word' id='word_1_245' title='bbox 1214 2353 1251 2414; x_wconf 89' lang='lat' dir='ltr'><strong><em>ad</em></strong></span> <span class='ocrx_word' id='word_1_246' title='bbox 1285 2353 1353 2413; x_wconf 78' lang='lat' dir='ltr'><strong><em>ME.</em></strong></span> <span class='ocrx_word' id='word_1_247' title='bbox 1385 2351 1490 2412; x_wconf 87' lang='lat' dir='ltr'><strong><em>Edidit</em></strong></span> <span class='ocrx_word' id='word_1_248' title='bbox 1517 2368 1583 2410; x_wconf 93' lang='lat' dir='ltr'><strong><em>cum</em></strong></span> 
     </span>
     <span class='ocr_line' id='line_1_25' title="bbox 99 2446 1585 2529; baseline -0.005 -19"><span class='ocrx_word' id='word_1_249' title='bbox 99 2453 210 2513; x_wconf 86' lang='lat' dir='ltr'><strong><em>riarum</em></strong></span> <span class='ocrx_word' id='word_1_250' title='bbox 235 2453 267 2512; x_wconf 88' lang='lat' dir='ltr'><strong><em>R.</em></strong></span> <span class='ocrx_word' id='word_1_251' title='bbox 291 2453 324 2512; x_wconf 93' lang='lat' dir='ltr'><strong><em>E.</em></strong></span> <span class='ocrx_word' id='word_1_252' title='bbox 346 2469 413 2529; x_wconf 87' lang='lat' dir='ltr'><strong><em>pag.</em></strong></span> <span class='ocrx_word' id='word_1_253' title='bbox 434 2453 503 2511; x_wconf 85' lang='grc'><strong>968.</strong></span> <span class='ocrx_word' id='word_1_254' title='bbox 870 2450 978 2527; x_wconf 89' lang='lat' dir='ltr'><strong><em>amplis</em></strong></span> <span class='ocrx_word' id='word_1_255' title='bbox 998 2449 1224 2510; x_wconf 87' lang='lat' dir='ltr'><strong><em>commentariis</em></strong></span> <span class='ocrx_word' id='word_1_256' title='bbox 1245 2448 1424 2508; x_wconf 82' lang='lat' dir='ltr'><strong><em>Franciscus</em></strong></span> <span class='ocrx_word' id='word_1_257' title='bbox 1449 2446 1585 2505; x_wconf 87' lang='lat' dir='ltr'><strong><em>Bivarius</em></strong></span> 
     </span>
     <span class='ocr_line' id='line_1_26' title="bbox 145 2537 1583 2621; baseline -0.005 -17"><span class='ocrx_word' id='word_1_258' title='bbox 145 2547 255 2606; x_wconf 87' lang='lat' dir='ltr'><strong><em>Petrus</em></strong></span> <span class='ocrx_word' id='word_1_259' title='bbox 271 2546 424 2607; x_wconf 90' lang='lat' dir='ltr'>MARCUS</span> <span class='ocrx_word' id='word_1_260' title='bbox 441 2545 658 2613; x_wconf 76' lang='lat' dir='ltr'><strong><em>Subdiaconus</em></strong></span> <span class='ocrx_word' id='word_1_261' title='bbox 669 2550 759 2621; x_wconf 90' lang='lat' dir='ltr'><strong><em>atque</em></strong></span> <span class='ocrx_word' id='word_1_262' title='bbox 771 2544 819 2603; x_wconf 93' lang='lat' dir='ltr'><strong><em>ln·</em></strong></span> <span class='ocrx_word' id='word_1_263' title='bbox 870 2542 985 2604; x_wconf 90' lang='lat' dir='ltr'><strong><em>Madrit.</em></strong></span> <span class='ocrx_word' id='word_1_264' title='bbox 1003 2543 1080 2603; x_wconf 83' lang='lat' dir='ltr'><strong><em>t6t5</em></strong></span> <span class='ocrx_word' id='word_1_265' title='bbox 1098 2542 1146 2601; x_wconf 92' lang='grc'><strong>404.</strong></span> <span class='ocrx_word' id='word_1_266' title='bbox 1164 2549 1195 2600; x_wconf 84' lang='grc'><strong><em>04</em></strong></span> <span class='ocrx_word' id='word_1_267' title='bbox 1213 2541 1293 2601; x_wconf 90' lang='lat' dir='ltr'><strong><em>huno</em></strong></span> <span class='ocrx_word' id='word_1_268' title='bbox 1310 2542 1442 2600; x_wconf 88' lang='lat' dir='ltr'><strong><em>Marcum</em></strong></span> <span class='ocrx_word' id='word_1_269' title='bbox 1456 2537 1583 2598; x_wconf 88' lang='lat' dir='ltr'><strong><em>eundem</em></strong></span> 
     </span>
     <span class='ocr_line' id='line_1_27' title="bbox 98 2632 1585 2717; baseline -0.005 -19"><span class='ocrx_word' id='word_1_270' title='bbox 98 2640 231 2698; x_wconf 87' lang='grc'><strong>00000444</strong></span> <span class='ocrx_word' id='word_1_271' title='bbox 254 2639 304 2698; x_wconf 93' lang='grc'><strong>444.</strong></span> <span class='ocrx_word' id='word_1_272' title='bbox 326 2641 423 2717; x_wconf 85' lang='lat' dir='ltr'><strong><em>Papae</em></strong></span> <span class='ocrx_word' id='word_1_273' title='bbox 450 2640 609 2699; x_wconf 88' lang='lat' dir='ltr'><strong><em>Correctcr</em></strong></span> <span class='ocrx_word' id='word_1_274' title='bbox 640 2637 816 2697; x_wconf 84' lang='lat' dir='ltr'><strong><em>litterarum.</em></strong></span> <span class='ocrx_word' id='word_1_275' title='bbox 848 2637 1031 2714; x_wconf 82' lang='grc'><strong>4004404440</strong></span> <span class='ocrx_word' id='word_1_276' title='bbox 1062 2638 1159 2696; x_wconf 89' lang='lat' dir='ltr'><strong><em>Marco</em></strong></span> <span class='ocrx_word' id='word_1_277' title='bbox 1181 2633 1374 2694; x_wconf 87' lang='lat' dir='ltr'><strong><em>Benedictino</em></strong></span> <span class='ocrx_word' id='word_1_278' title='bbox 1395 2632 1433 2693; x_wconf 91' lang='lat' dir='ltr'><strong><em>dc</em></strong></span> <span class='ocrx_word' id='word_1_279' title='bbox 1457 2649 1517 2709; x_wconf 90' lang='lat' dir='ltr'><strong><em>quo</em></strong></span> <span class='ocrx_word' id='word_1_280' title='bbox 1538 2647 1585 2691; x_wconf 92' lang='lat' dir='ltr'><strong><em>su·</em></strong></span> 
     </span>
     <span class='ocr_line' id='line_1_28' title="bbox 98 2725 1586 2808; baseline -0.005 -16"><span class='ocrx_word' id='word_1_281' title='bbox 98 2731 173 2792; x_wconf 88' lang='lat' dir='ltr'><strong><em>Vide</em></strong></span> <span class='ocrx_word' id='word_1_282' title='bbox 205 2731 357 2798; x_wconf 79' lang='grc'><strong>40600004</strong></span> <span class='ocrx_word' id='word_1_283' title='bbox 390 2731 431 2792; x_wconf 93' lang='lat' dir='ltr'><strong><em>du</em></strong></span> <span class='ocrx_word' id='word_1_284' title='bbox 458 2731 578 2791; x_wconf 89' lang='lat' dir='ltr'><strong><em>Chesne</em></strong></span> <span class='ocrx_word' id='word_1_285' title='bbox 611 2738 683 2789; x_wconf 85' lang='lat' dir='ltr'><strong><em>tom.</em></strong></span> <span class='ocrx_word' id='word_1_286' title='bbox 705 2729 738 2790; x_wconf 84' lang='lat' dir='ltr'><strong><em>V.</em></strong></span> <span class='ocrx_word' id='word_1_287' title='bbox 760 2747 818 2789; x_wconf 89' lang='lat' dir='ltr'><strong><em>rer.</em></strong></span> <span class='ocrx_word' id='word_1_288' title='bbox 872 2745 934 2808; x_wconf 87' lang='lat' dir='ltr'><strong><em>pra.</em></strong></span> <span class='ocrx_word' id='word_1_289' title='bbox 956 2727 1080 2788; x_wconf 87' lang='lat' dir='ltr'><strong><em>Perinde.</em></strong></span> <span class='ocrx_word' id='word_1_290' title='bbox 1102 2729 1245 2789; x_wconf 77' lang='lat' dir='ltr'><strong><em>falluntur</em></strong></span> <span class='ocrx_word' id='word_1_291' title='bbox 1266 2725 1318 2806; x_wconf 86' lang='lat' dir='ltr'><strong><em>qui</em></strong></span> <span class='ocrx_word' id='word_1_292' title='bbox 1340 2730 1474 2787; x_wconf 90' lang='lat' dir='ltr'><strong><em>Marcum</em></strong></span> <span class='ocrx_word' id='word_1_293' title='bbox 1496 2729 1586 2786; x_wconf 78' lang='lat' dir='ltr'><strong><em>Beue</em></strong></span> 
     </span>
     <span class='ocr_line' id='line_1_29' title="bbox 98 2821 1584 2902; baseline -0.006 -16"><span class='ocrx_word' id='word_1_294' title='bbox 98 2827 238 2886; x_wconf 82' lang='lat' dir='ltr'><strong><em>Francos.</em></strong></span> <span class='ocrx_word' id='word_1_295' title='bbox 259 2842 325 2902; x_wconf 84' lang='lat' dir='ltr'><strong><em>pag.</em></strong></span> <span class='ocrx_word' id='word_1_296' title='bbox 346 2825 417 2886; x_wconf 75' lang='lat'><strong><em>727.</em></strong></span> <span class='ocrx_word' id='word_1_297' title='bbox 871 2823 1018 2883; x_wconf 87' lang='lat' dir='ltr'><strong><em>dictinum</em></strong></span> <span class='ocrx_word' id='word_1_298' title='bbox 1039 2823 1227 2883; x_wconf 90' lang='lat' dir='ltr'><strong><em>contundunt</em></strong></span> <span class='ocrx_word' id='word_1_299' title='bbox 1240 2839 1310 2881; x_wconf 92' lang='lat' dir='ltr'><strong><em>cum</em></strong></span> <span class='ocrx_word' id='word_1_300' title='bbox 1327 2823 1426 2882; x_wconf 85' lang='lat' dir='ltr'><strong><em>Marco</em></strong></span> <span class='ocrx_word' id='word_1_301' title='bbox 1444 2821 1584 2890; x_wconf 84' lang='lat' dir='ltr'><strong><em>Eremita,</em></strong></span> 
     </span>
     <span class='ocr_line' id='line_1_30' title="bbox 143 2912 1585 2993; baseline -0.007 -13"><span class='ocrx_word' id='word_1_302' title='bbox 143 2917 296 2980; x_wconf 90' lang='lat' dir='ltr'>MARCUS</span> <span class='ocrx_word' id='word_1_303' title='bbox 308 2920 458 2981; x_wconf 86' lang='lat' dir='ltr'><strong><em>Antonius</em></strong></span> <span class='ocrx_word' id='word_1_304' title='bbox 470 2918 644 2980; x_wconf 87' lang='lat' dir='ltr'><strong><em>Sabellicus.</em></strong></span> <span class='ocrx_word' id='word_1_305' title='bbox 656 2916 745 2992; x_wconf 88' lang='grc'><strong>40400,</strong></span> <span class='ocrx_word' id='word_1_306' title='bbox 757 2916 819 2977; x_wconf 91' lang='lat' dir='ltr'><strong><em>SA·</em></strong></span> <span class='ocrx_word' id='word_1_307' title='bbox 871 2918 983 2977; x_wconf 87' lang='lat' dir='ltr'><strong><em>Graeco</em></strong></span> <span class='ocrx_word' id='word_1_308' title='bbox 1004 2919 1148 2993; x_wconf 87' lang='lat' dir='ltr'><strong><em>scriptore</em></strong></span> <span class='ocrx_word' id='word_1_309' title='bbox 1166 2916 1402 2987; x_wconf 84' lang='lat' dir='ltr'><strong><em>sententiarum,</em></strong></span> <span class='ocrx_word' id='word_1_310' title='bbox 1419 2912 1457 2972; x_wconf 90' lang='lat' dir='ltr'><strong><em>de</em></strong></span> <span class='ocrx_word' id='word_1_311' title='bbox 1480 2912 1585 2990; x_wconf 87' lang='lat' dir='ltr'><strong><em>quibus</em></strong></span> 
     </span>
     <span class='ocr_line' id='line_1_31' title="bbox 104 3008 1583 3086; baseline -0.007 -13"><span class='ocrx_word' id='word_1_312' title='bbox 104 3013 299 3075; x_wconf 85' lang='lat' dir='ltr'><strong><em>BELLlCUS.</em></strong></span> <span class='ocrx_word' id='word_1_313' title='bbox 872 3012 901 3070; x_wconf 88' lang='lat' dir='ltr'><strong><em>in</em></strong></span> <span class='ocrx_word' id='word_1_314' title='bbox 924 3010 998 3069; x_wconf 91' lang='lat' dir='ltr'><strong><em>Ribl.</em></strong></span> <span class='ocrx_word' id='word_1_315' title='bbox 1019 3012 1150 3070; x_wconf 85' lang='lat' dir='ltr'><strong><em>Graecae</em></strong></span> <span class='ocrx_word' id='word_1_316' title='bbox 1171 3017 1244 3068; x_wconf 92' lang='lat' dir='ltr'><strong><em>tom.</em></strong></span> <span class='ocrx_word' id='word_1_317' title='bbox 1267 3010 1342 3069; x_wconf 79' lang='lat' dir='ltr'><strong><em>Mil.</em></strong></span> <span class='ocrx_word' id='word_1_318' title='bbox 1365 3025 1431 3086; x_wconf 85' lang='lat' dir='ltr'><strong><em>pag.</em></strong></span> <span class='ocrx_word' id='word_1_319' title='bbox 1450 3008 1509 3068; x_wconf 88' lang='grc'><strong><em>349</em></strong></span> <span class='ocrx_word' id='word_1_320' title='bbox 1523 3023 1583 3082; x_wconf 87' lang='grc'><strong>000.</strong></span> 
     </span>
     <span class='ocr_line' id='line_1_32' title="bbox 139 3101 1585 3180; baseline -0.005 -14"><span class='ocrx_word' id='word_1_321' title='bbox 139 3105 291 3167; x_wconf 87' lang='lat' dir='ltr'>MARCUS</span> <span class='ocrx_word' id='word_1_322' title='bbox 323 3106 554 3177; x_wconf 67' lang='lat' dir='ltr'><strong><em>domucensis,</em></strong></span> <span class='ocrx_word' id='word_1_323' title='bbox 576 3106 653 3165; x_wconf 90' lang='grc'><strong>40400</strong></span> <span class='ocrx_word' id='word_1_324' title='bbox 686 3104 815 3174; x_wconf 83' lang='lat' dir='ltr'><strong><em>Marcus</em></strong></span> <span class='ocrx_word' id='word_1_325' title='bbox 872 3107 968 3166; x_wconf 90' lang='lat' dir='ltr'><strong><em>Marco</em></strong></span> <span class='ocrx_word' id='word_1_326' title='bbox 989 3106 1116 3164; x_wconf 83' lang='lat' dir='ltr'><strong><em>Maximo</em></strong></span> <span class='ocrx_word' id='word_1_327' title='bbox 1139 3101 1206 3163; x_wconf 89' lang='lat' dir='ltr'><strong><em>fidei</em></strong></span> <span class='ocrx_word' id='word_1_328' title='bbox 1228 3109 1374 3180; x_wconf 88' lang='lat' dir='ltr'><strong><em>quantum</em></strong></span> <span class='ocrx_word' id='word_1_329' title='bbox 1397 3105 1438 3161; x_wconf 89' lang='grc'><strong><em>044</em></strong></span> <span class='ocrx_word' id='word_1_330' title='bbox 1456 3102 1585 3161; x_wconf 85' lang='lat' dir='ltr'><strong><em>tribuen-</em></strong></span> 
     </span>
     <span class='ocr_line' id='line_1_33' title="bbox 96 3194 1581 3276; baseline -0.007 -15"><span class='ocrx_word' id='word_1_331' title='bbox 96 3199 310 3261; x_wconf 86' lang='lat' dir='ltr'><strong><em>Lousonensis.</em></strong></span> <span class='ocrx_word' id='word_1_332' title='bbox 625 3229 634 3238; x_wconf 66' lang='lat'><strong><em>..</em></strong></span> <span class='ocrx_word' id='word_1_333' title='bbox 869 3199 961 3273; x_wconf 90' lang='lat' dir='ltr'><strong><em>dum,</em></strong></span> <span class='ocrx_word' id='word_1_334' title='bbox 984 3205 1090 3276; x_wconf 87' lang='grc'><strong>00400</strong></span> <span class='ocrx_word' id='word_1_335' title='bbox 1120 3200 1181 3258; x_wconf 87' lang='lat' dir='ltr'><strong><em>Nic.</em></strong></span> <span class='ocrx_word' id='word_1_336' title='bbox 1215 3196 1344 3257; x_wconf 87' lang='lat' dir='ltr'><strong><em>Antonio</em></strong></span> <span class='ocrx_word' id='word_1_337' title='bbox 1377 3195 1428 3254; x_wconf 88' lang='lat' dir='ltr'><strong><em>lib.</em></strong></span> <span class='ocrx_word' id='word_1_338' title='bbox 1455 3197 1488 3253; x_wconf 89' lang='lat' dir='ltr'><strong><em>V.</em></strong></span> <span class='ocrx_word' id='word_1_339' title='bbox 1512 3194 1581 3254; x_wconf 88' lang='lat' dir='ltr'><strong><em>Rihl.</em></strong></span> 
     </span>
     <span class='ocr_line' id='line_1_34' title="bbox 136 3291 1272 3370; baseline -0.001 -17"><span class='ocrx_word' id='word_1_340' title='bbox 136 3291 289 3353; x_wconf 89' lang='lat' dir='ltr'>MARCUS</span> <span class='ocrx_word' id='word_1_341' title='bbox 304 3295 405 3352; x_wconf 91' lang='lat' dir='ltr'><strong><em>nescio</em></strong></span> <span class='ocrx_word' id='word_1_342' title='bbox 422 3293 491 3370; x_wconf 89' lang='grc'><strong>0040</strong></span> <span class='ocrx_word' id='word_1_343' title='bbox 508 3294 585 3353; x_wconf 87' lang='grc'><strong>04000</strong></span> <span class='ocrx_word' id='word_1_344' title='bbox 605 3310 653 3353; x_wconf 90' lang='grc'><strong><em>00.</em></strong></span> <span class='ocrx_word' id='word_1_345' title='bbox 677 3294 744 3354; x_wconf 88' lang='grc'><strong>446.</strong></span> <span class='ocrx_word' id='word_1_346' title='bbox 763 3309 812 3353; x_wconf 92' lang='lat' dir='ltr'><strong><em>cu·</em></strong></span> <span class='ocrx_word' id='word_1_347' title='bbox 869 3294 981 3359; x_wconf 81' lang='grc'><strong>0040040</strong></span> <span class='ocrx_word' id='word_1_348' title='bbox 1000 3294 1145 3370; x_wconf 88' lang='grc'><strong>444000000</strong></span> <span class='ocrx_word' id='word_1_349' title='bbox 1167 3308 1231 3368; x_wconf 88' lang='grc'><strong>000.</strong></span> <span class='ocrx_word' id='word_1_350' title='bbox 1254 3292 1272 3352; x_wconf 76' lang='grc'>3</span> 
     </span>
     <span class='ocr_line' id='line_1_35' title="bbox 95 3383 1584 3464; baseline -0.003 -18"><span class='ocrx_word' id='word_1_351' title='bbox 95 3401 147 3462; x_wconf 85' lang='grc'><strong><em>]00</em></strong></span> <span class='ocrx_word' id='word_1_352' title='bbox 168 3383 304 3464; x_wconf 76' lang='lat' dir='ltr'><strong><em>Epistola</em></strong></span> <span class='ocrx_word' id='word_1_353' title='bbox 324 3386 360 3446; x_wconf 94' lang='lat' dir='ltr'><strong><em>ad</em></strong></span> <span class='ocrx_word' id='word_1_354' title='bbox 384 3385 418 3445; x_wconf 86' lang='lat' dir='ltr'><strong><em>G.</em></strong></span> <span class='ocrx_word' id='word_1_355' title='bbox 435 3386 574 3446; x_wconf 86' lang='lat' dir='ltr'><strong><em>devotum</em></strong></span> <span class='ocrx_word' id='word_1_356' title='bbox 596 3387 753 3446; x_wconf 76' lang='lat' dir='ltr'><strong><em>foeminam</em></strong></span> <span class='ocrx_word' id='word_1_357' title='bbox 776 3385 813 3445; x_wconf 91' lang='lat' dir='ltr'><strong><em>de</em></strong></span> <span class='ocrx_word' id='word_1_358' title='bbox 908 3385 1060 3446; x_wconf 89' lang='lat' dir='ltr'>MARCUS</span> <span class='ocrx_word' id='word_1_359' title='bbox 1083 3384 1248 3460; x_wconf 76' lang='lat' dir='ltr'><strong><em>PAU1.US‚</em></strong></span> <span class='ocrx_word' id='word_1_360' title='bbox 1269 3386 1405 3445; x_wconf 89' lang='lat' dir='ltr'><strong><em>Venetus</em></strong></span> <span class='ocrx_word' id='word_1_361' title='bbox 1428 3400 1499 3444; x_wconf 90' lang='lat' dir='ltr'><strong><em>oum</em></strong></span> <span class='ocrx_word' id='word_1_362' title='bbox 1534 3383 1584 3441; x_wconf 87' lang='lat' dir='ltr'><strong><em>ira-</em></strong></span> 
     </span>
     <span class='ocr_line' id='line_1_36' title="bbox 99 3477 1581 3559; baseline -0.002 -23"><span class='ocrx_word' id='word_1_363' title='bbox 99 3480 216 3540; x_wconf 84' lang='lat' dir='ltr'><strong><em>visione</em></strong></span> <span class='ocrx_word' id='word_1_364' title='bbox 237 3497 284 3540; x_wconf 91' lang='grc'><strong><em>00.</em></strong></span> <span class='ocrx_word' id='word_1_365' title='bbox 309 3480 396 3541; x_wconf 87' lang='grc'><strong>4449.</strong></span> <span class='ocrx_word' id='word_1_366' title='bbox 422 3477 567 3559; x_wconf 80' lang='lat' dir='ltr'><strong><em>liinpdali&#39;</em></strong></span> <span class='ocrx_word' id='word_1_367' title='bbox 582 3481 684 3540; x_wconf 89' lang='lat' dir='ltr'><strong><em>militis</em></strong></span> <span class='ocrx_word' id='word_1_368' title='bbox 702 3479 813 3556; x_wconf 85' lang='lat' dir='ltr'><strong><em>Myher-</em></strong></span> <span class='ocrx_word' id='word_1_369' title='bbox 867 3484 913 3552; x_wconf 80' lang='lat' dir='ltr'><strong><em>tre</em></strong></span> <span class='ocrx_word' id='word_1_370' title='bbox 940 3495 995 3540; x_wconf 91' lang='lat' dir='ltr'><strong><em>suo</em></strong></span> <span class='ocrx_word' id='word_1_371' title='bbox 1026 3480 1060 3540; x_wconf 92' lang='lat' dir='ltr'><strong><em>A.</em></strong></span> <span class='ocrx_word' id='word_1_372' title='bbox 1087 3481 1121 3540; x_wconf 89' lang='lat' dir='ltr'><strong><em>C.</em></strong></span> <span class='ocrx_word' id='word_1_373' title='bbox 1143 3481 1230 3541; x_wconf 77' lang='grc'><strong>4269.</strong></span> <span class='ocrx_word' id='word_1_374' title='bbox 1253 3479 1325 3539; x_wconf 89' lang='lat' dir='ltr'><strong><em>adiit</em></strong></span> <span class='ocrx_word' id='word_1_375' title='bbox 1337 3480 1475 3556; x_wconf 86' lang='lat' dir='ltr'><strong><em>regiones</em></strong></span> <span class='ocrx_word' id='word_1_376' title='bbox 1485 3478 1581 3537; x_wconf 88' lang='lat' dir='ltr'><strong><em>Orien-</em></strong></span> 
     </span>
     <span class='ocr_line' id='line_1_37' title="bbox 99 3566 1583 3649; baseline 0.001 -20"><span class='ocrx_word' id='word_1_377' title='bbox 99 3573 214 3632; x_wconf 88' lang='lat' dir='ltr'><strong><em>niensis</em></strong></span> <span class='ocrx_word' id='word_1_378' title='bbox 235 3575 252 3633; x_wconf 80' lang='lat' dir='ltr'><strong><em>ii</em></strong></span> <span class='ocrx_word' id='word_1_379' title='bbox 274 3591 306 3634; x_wconf 89' lang='grc'><strong><em>00</em></strong></span> <span class='ocrx_word' id='word_1_380' title='bbox 329 3576 357 3633; x_wconf 90' lang='grc'><strong><em>40</em></strong></span> <span class='ocrx_word' id='word_1_381' title='bbox 381 3577 517 3636; x_wconf 89' lang='lat' dir='ltr'><strong><em>Latinum</em></strong></span> <span class='ocrx_word' id='word_1_382' title='bbox 540 3589 685 3633; x_wconf 85' lang='lat' dir='ltr'><strong><em>conversa</em></strong></span> <span class='ocrx_word' id='word_1_383' title='bbox 712 3579 813 3633; x_wconf 86' lang='lat' dir='ltr'><strong><em>exstat</em></strong></span> <span class='ocrx_word' id='word_1_384' title='bbox 868 3573 966 3648; x_wconf 89' lang='grc'><strong>40400,</strong></span> <span class='ocrx_word' id='word_1_385' title='bbox 1001 3576 1134 3634; x_wconf 91' lang='lat' dir='ltr'><strong><em>Persiam</em></strong></span> <span class='ocrx_word' id='word_1_386' title='bbox 1173 3576 1422 3649; x_wconf 79' lang='grc'><strong>400400400000,</strong></span> <span class='ocrx_word' id='word_1_387' title='bbox 1443 3579 1475 3631; x_wconf 87' lang='grc'><strong><em>04</em></strong></span> <span class='ocrx_word' id='word_1_388' title='bbox 1510 3566 1583 3648; x_wconf 88' lang='lat' dir='ltr'><strong><em>apud</em></strong></span> 
     </span>
     <span class='ocr_line' id='line_1_38' title="bbox 97 3664 1584 3745; baseline -0.001 -23"><span class='ocrx_word' id='word_1_389' title='bbox 97 3667 128 3724; x_wconf 92' lang='lat' dir='ltr'><strong><em>in</em></strong></span> <span class='ocrx_word' id='word_1_390' title='bbox 144 3666 296 3728; x_wconf 90' lang='lat' dir='ltr'><strong><em>Edmundi</em></strong></span> <span class='ocrx_word' id='word_1_391' title='bbox 315 3671 447 3730; x_wconf 82' lang='lat' dir='ltr'><strong><em>Martena</em></strong></span> <span class='ocrx_word' id='word_1_392' title='bbox 464 3678 486 3728; x_wconf 92' lang='grc'><strong><em>4.</em></strong></span> <span class='ocrx_word' id='word_1_393' title='bbox 505 3672 516 3729; x_wconf 94' lang='grc'><strong><em>4</em></strong></span> <span class='ocrx_word' id='word_1_394' title='bbox 536 3666 671 3729; x_wconf 87' lang='lat' dir='ltr'><strong><em>anecdot.</em></strong></span> <span class='ocrx_word' id='word_1_395' title='bbox 693 3685 721 3744; x_wconf 90' lang='lat' dir='ltr'><strong><em>p.</em></strong></span> <span class='ocrx_word' id='word_1_396' title='bbox 747 3668 814 3726; x_wconf 83' lang='grc'><strong>499.</strong></span> <span class='ocrx_word' id='word_1_397' title='bbox 869 3684 1010 3745; x_wconf 91' lang='lat' dir='ltr'><strong><em>magnum</em></strong></span> <span class='ocrx_word' id='word_1_398' title='bbox 1032 3666 1125 3729; x_wconf 89' lang='lat' dir='ltr'><strong><em>Cham</em></strong></span> <span class='ocrx_word' id='word_1_399' title='bbox 1148 3668 1320 3744; x_wconf 77' lang='lat' dir='ltr'><strong><em>Presbyteri</em></strong></span> <span class='ocrx_word' id='word_1_400' title='bbox 1345 3664 1473 3726; x_wconf 85' lang='grc'><strong>4000040</strong></span> <span class='ocrx_word' id='word_1_401' title='bbox 1496 3667 1584 3724; x_wconf 84' lang='lat' dir='ltr'><strong><em>victo·</em></strong></span> 
     </span>
     <span class='ocr_line' id='line_1_39' title="bbox 140 3759 1584 3839; baseline -0.003 -19"><span class='ocrx_word' id='word_1_402' title='bbox 140 3761 291 3821; x_wconf 92' lang='lat' dir='ltr'>MARCUS</span> <span class='ocrx_word' id='word_1_403' title='bbox 308 3764 414 3835; x_wconf 73' lang='lat' dir='ltr'><strong><em>Poeta,</em></strong></span> <span class='ocrx_word' id='word_1_404' title='bbox 433 3764 463 3823; x_wconf 87' lang='lat' dir='ltr'><strong><em>S.</em></strong></span> <span class='ocrx_word' id='word_1_405' title='bbox 479 3760 630 3832; x_wconf 79' lang='lat' dir='ltr'><strong><em>Benedicti</em></strong></span> <span class='ocrx_word' id='word_1_406' title='bbox 642 3762 814 3822; x_wconf 89' lang='lat' dir='ltr'><strong><em>Casinensis</em></strong></span> <span class='ocrx_word' id='word_1_407' title='bbox 869 3777 930 3820; x_wconf 91' lang='lat' dir='ltr'><strong><em>rem</em></strong></span> <span class='ocrx_word' id='word_1_408' title='bbox 953 3763 1121 3838; x_wconf 87' lang='lat' dir='ltr'><strong><em>gratiosus,</em></strong></span> <span class='ocrx_word' id='word_1_409' title='bbox 1144 3780 1197 3839; x_wconf 84' lang='lat' dir='ltr'><strong><em>per</em></strong></span> <span class='ocrx_word' id='word_1_410' title='bbox 1218 3778 1314 3821; x_wconf 89' lang='lat' dir='ltr'><strong><em>annos</em></strong></span> <span class='ocrx_word' id='word_1_411' title='bbox 1336 3761 1429 3820; x_wconf 80' lang='lat' dir='ltr'><strong><em>xvii.</em></strong></span> <span class='ocrx_word' id='word_1_412' title='bbox 1463 3759 1584 3837; x_wconf 86' lang='lat' dir='ltr'><strong><em>negotiis</em></strong></span> 
     </span>
     <span class='ocr_line' id='line_1_40' title="bbox 99 3852 1584 3932; baseline 0 -21"><span class='ocrx_word' id='word_1_413' title='bbox 99 3854 177 3911; x_wconf 87' lang='grc'><strong>04000</strong></span> <span class='ocrx_word' id='word_1_414' title='bbox 199 3871 247 3912; x_wconf 91' lang='grc'><strong><em>00.</em></strong></span> <span class='ocrx_word' id='word_1_415' title='bbox 271 3852 339 3914; x_wconf 89' lang='grc'><strong>694.</strong></span> <span class='ocrx_word' id='word_1_416' title='bbox 360 3855 527 3932; x_wconf 90' lang='lat' dir='ltr'><strong><em>discipulus</em></strong></span> <span class='ocrx_word' id='word_1_417' title='bbox 544 3863 575 3915; x_wconf 88' lang='grc'><strong><em>04</em></strong></span> <span class='ocrx_word' id='word_1_418' title='bbox 592 3855 753 3925; x_wconf 78' lang='lat' dir='ltr'><strong><em>familiaris,</em></strong></span> <span class='ocrx_word' id='word_1_419' title='bbox 770 3861 815 3913; x_wconf 86' lang='lat' dir='ltr'><strong><em>te·</em></strong></span> <span class='ocrx_word' id='word_1_420' title='bbox 868 3855 983 3931; x_wconf 86' lang='lat' dir='ltr'><strong><em>imperii</em></strong></span> <span class='ocrx_word' id='word_1_421' title='bbox 1002 3853 1097 3930; x_wconf 83' lang='lat' dir='ltr'><strong><em>illius,</em></strong></span> <span class='ocrx_word' id='word_1_422' title='bbox 1115 3855 1376 3931; x_wconf 90' lang='lat' dir='ltr'><strong><em>legationibusque</em></strong></span> <span class='ocrx_word' id='word_1_423' title='bbox 1387 3870 1440 3930; x_wconf 89' lang='lat' dir='ltr'><strong><em>per</em></strong></span> <span class='ocrx_word' id='word_1_424' title='bbox 1452 3852 1584 3912; x_wconf 86' lang='lat' dir='ltr'><strong><em>diversas</em></strong></span> 
     </span>
     <span class='ocr_line' id='line_1_41' title="bbox 100 3946 1583 4024; baseline -0.001 -20"><span class='ocrx_word' id='word_1_425' title='bbox 100 3951 148 4004; x_wconf 87' lang='grc'><strong><em>040</em></strong></span> <span class='ocrx_word' id='word_1_426' title='bbox 169 3946 323 4024; x_wconf 87' lang='lat' dir='ltr'><strong><em>Sigeberto</em></strong></span> <span class='ocrx_word' id='word_1_427' title='bbox 343 3964 407 4024; x_wconf 90' lang='lat' dir='ltr'><strong><em>cap.</em></strong></span> <span class='ocrx_word' id='word_1_428' title='bbox 430 3950 477 4009; x_wconf 90' lang='grc'><strong><em>33.</em></strong></span> <span class='ocrx_word' id='word_1_429' title='bbox 498 3949 592 4009; x_wconf 88' lang='lat' dir='ltr'><strong><em>uitam</em></strong></span> <span class='ocrx_word' id='word_1_430' title='bbox 609 3951 639 4010; x_wconf 87' lang='lat' dir='ltr'><strong><em>S.</em></strong></span> <span class='ocrx_word' id='word_1_431' title='bbox 666 3947 817 4009; x_wconf 85' lang='lat' dir='ltr'><strong><em>Benedicti</em></strong></span> <span class='ocrx_word' id='word_1_432' title='bbox 868 3954 964 4008; x_wconf 89' lang='grc'><strong>400000</strong></span> <span class='ocrx_word' id='word_1_433' title='bbox 975 3947 1111 4024; x_wconf 83' lang='lat' dir='ltr'><strong><em>ejusdem</em></strong></span> <span class='ocrx_word' id='word_1_434' title='bbox 1123 3949 1270 4009; x_wconf 89' lang='lat' dir='ltr'><strong><em>obeundis</em></strong></span> <span class='ocrx_word' id='word_1_435' title='bbox 1281 3948 1494 4006; x_wconf 81' lang='lat' dir='ltr'><strong><em>dexteritatem</em></strong></span> <span class='ocrx_word' id='word_1_436' title='bbox 1504 3961 1583 4006; x_wconf 87' lang='lat' dir='ltr'><strong><em>susm</em></strong></span> 
     </span>
     <span class='ocr_line' id='line_1_42' title="bbox 99 4038 1583 4120; baseline 0.001 -23"><span class='ocrx_word' id='word_1_437' title='bbox 99 4057 120 4097; x_wconf 91' lang='lat' dir='ltr'><strong><em>a</em></strong></span> <span class='ocrx_word' id='word_1_438' title='bbox 139 4038 282 4116; x_wconf 73' lang='lat' dir='ltr'><strong><em>Gregorio</em></strong></span> <span class='ocrx_word' id='word_1_439' title='bbox 299 4042 405 4118; x_wconf 80' lang='lat' dir='ltr'><strong><em>Mupno</em></strong></span> <span class='ocrx_word' id='word_1_440' title='bbox 429 4042 511 4116; x_wconf 84' lang='lat' dir='ltr'><strong><em>(libro</em></strong></span> <span class='ocrx_word' id='word_1_441' title='bbox 533 4042 666 4103; x_wconf 90' lang='lat' dir='ltr'><strong><em>secundo</em></strong></span> <span class='ocrx_word' id='word_1_442' title='bbox 686 4041 815 4119; x_wconf 77' lang='lat' dir='ltr'><strong><em>dialogo</em></strong></span> <span class='ocrx_word' id='word_1_443' title='bbox 868 4041 1023 4120; x_wconf 85' lang='lat' dir='ltr'><strong><em>probavit,</em></strong></span> <span class='ocrx_word' id='word_1_444' title='bbox 1047 4043 1186 4101; x_wconf 80' lang='lat' dir='ltr'><strong><em>venetias</em></strong></span> <span class='ocrx_word' id='word_1_445' title='bbox 1206 4041 1314 4102; x_wconf 88' lang='lat' dir='ltr'><strong><em>deinde</em></strong></span> <span class='ocrx_word' id='word_1_446' title='bbox 1336 4057 1406 4100; x_wconf 91' lang='lat' dir='ltr'><strong><em>cum</em></strong></span> <span class='ocrx_word' id='word_1_447' title='bbox 1439 4040 1507 4099; x_wconf 90' lang='lat' dir='ltr'><strong><em>aliis</em></strong></span> <span class='ocrx_word' id='word_1_448' title='bbox 1539 4054 1583 4116; x_wconf 88' lang='lat' dir='ltr'><strong><em>po·</em></strong></span> 
     </span>
     <span class='ocr_line' id='line_1_43' title="bbox 100 4130 1584 4212; baseline -0.003 -20"><span class='ocrx_word' id='word_1_449' title='bbox 100 4133 178 4207; x_wconf 81' lang='lat' dir='ltr'><strong><em>runi)</em></strong></span> <span class='ocrx_word' id='word_1_450' title='bbox 199 4131 378 4211; x_wconf 87' lang='lat' dir='ltr'><strong><em>descriptam</em></strong></span> <span class='ocrx_word' id='word_1_451' title='bbox 400 4131 556 4211; x_wconf 73' lang='lat' dir='ltr'><strong><em>deflorant</em></strong></span> <span class='ocrx_word' id='word_1_452' title='bbox 576 4133 694 4194; x_wconf 84' lang='lat' dir='ltr'><strong><em>heroica</em></strong></span> <span class='ocrx_word' id='word_1_453' title='bbox 716 4131 815 4193; x_wconf 84' lang='lat' dir='ltr'><strong><em>brevi-</em></strong></span> <span class='ocrx_word' id='word_1_454' title='bbox 868 4136 1021 4212; x_wconf 90' lang='lat' dir='ltr'><strong><em>pularibus</em></strong></span> <span class='ocrx_word' id='word_1_455' title='bbox 1043 4139 1109 4195; x_wconf 87' lang='lat' dir='ltr'><strong><em>suis</em></strong></span> <span class='ocrx_word' id='word_1_456' title='bbox 1131 4136 1165 4196; x_wconf 92' lang='lat' dir='ltr'><strong><em>A.</em></strong></span> <span class='ocrx_word' id='word_1_457' title='bbox 1189 4137 1279 4197; x_wconf 74' lang='lat'><strong><em>⁴295.</em></strong></span> <span class='ocrx_word' id='word_1_458' title='bbox 1301 4150 1465 4205; x_wconf 87' lang='lat' dir='ltr'><strong><em>reversus,</em></strong></span> <span class='ocrx_word' id='word_1_459' title='bbox 1494 4130 1584 4193; x_wconf 84' lang='lat' dir='ltr'><strong><em>tidros</em></strong></span> 
     </span>
     <span class='ocr_line' id='line_1_44' title="bbox 102 4223 1585 4306; baseline 0 -22"><span class='ocrx_word' id='word_1_460' title='bbox 102 4223 200 4304; x_wconf 81' lang='lat' dir='ltr'><strong><em>loquio</em></strong></span> <span class='ocrx_word' id='word_1_461' title='bbox 218 4230 246 4284; x_wconf 86' lang='lat' dir='ltr'><strong><em>et</em></strong></span> <span class='ocrx_word' id='word_1_462' title='bbox 258 4243 360 4304; x_wconf 91' lang='lat' dir='ltr'><strong><em>pauca</em></strong></span> <span class='ocrx_word' id='word_1_463' title='bbox 372 4226 417 4286; x_wconf 72' lang='lat' dir='ltr'><strong><em>lde</em></strong></span> <span class='ocrx_word' id='word_1_464' title='bbox 436 4229 587 4288; x_wconf 87' lang='lat' dir='ltr'><strong><em>miraculis</em></strong></span> <span class='ocrx_word' id='word_1_465' title='bbox 605 4231 633 4289; x_wconf 90' lang='lat' dir='ltr'><strong><em>S.</em></strong></span> <span class='ocrx_word' id='word_1_466' title='bbox 653 4228 815 4303; x_wconf 85' lang='lat' dir='ltr'><strong><em>Benedicti)</em></strong></span> <span class='ocrx_word' id='word_1_467' title='bbox 869 4233 931 4287; x_wconf 84' lang='lat' dir='ltr'><strong><em>tres</em></strong></span> <span class='ocrx_word' id='word_1_468' title='bbox 945 4228 1094 4304; x_wconf 86' lang='lat' dir='ltr'><strong><em>jucundos</em></strong></span> <span class='ocrx_word' id='word_1_469' title='bbox 1112 4228 1192 4288; x_wconf 88' lang='lat' dir='ltr'><strong><em>lectu</em></strong></span> <span class='ocrx_word' id='word_1_470' title='bbox 1211 4228 1247 4288; x_wconf 89' lang='lat' dir='ltr'><strong><em>de</em></strong></span> <span class='ocrx_word' id='word_1_471' title='bbox 1264 4223 1437 4306; x_wconf 80' lang='lat' dir='ltr'><strong><em>ropionibus</em></strong></span> <span class='ocrx_word' id='word_1_472' title='bbox 1451 4227 1585 4286; x_wconf 81' lang='lat' dir='ltr'><strong><em>Urienla</em></strong></span> 
     </span>
    </p>
   </div>
   <div class='ocr_carea' id='block_1_5' title="bbox 99 4318 1593 4959">
    <p class='ocr_par' dir='ltr' id='par_1_6' title="bbox 99 4318 1593 4959">
     <span class='ocr_line' id='line_1_45' title="bbox 99 4318 1585 4401; baseline -0.001 -21"><span class='ocrx_word' id='word_1_473' title='bbox 99 4318 314 4399; x_wconf 82' lang='lat' dir='ltr'><strong><em>superaddidit.</em></strong></span> <span class='ocrx_word' id='word_1_474' title='bbox 353 4320 463 4380; x_wconf 84' lang='lat' dir='ltr'><strong><em>Prodiit</em></strong></span> <span class='ocrx_word' id='word_1_475' title='bbox 496 4322 525 4380; x_wconf 92' lang='lat' dir='ltr'><strong><em>in</em></strong></span> <span class='ocrx_word' id='word_1_476' title='bbox 553 4323 688 4400; x_wconf 88' lang='lat' dir='ltr'><strong><em>Prosperi</em></strong></span> <span class='ocrx_word' id='word_1_477' title='bbox 718 4322 816 4382; x_wconf 88' lang='lat' dir='ltr'><strong><em>Marti·</em></strong></span> <span class='ocrx_word' id='word_1_478' title='bbox 870 4318 948 4381; x_wconf 79' lang='lat' dir='ltr'><strong><em>tilius</em></strong></span> <span class='ocrx_word' id='word_1_479' title='bbox 966 4324 1111 4401; x_wconf 87' lang='lat' dir='ltr'><strong><em>scripsit,</em></strong></span> <span class='ocrx_word' id='word_1_480' title='bbox 1134 4325 1163 4381; x_wconf 91' lang='lat' dir='ltr'><strong><em>in</em></strong></span> <span class='ocrx_word' id='word_1_481' title='bbox 1188 4339 1247 4400; x_wconf 92' lang='lat' dir='ltr'><strong><em>quo</em></strong></span> <span class='ocrx_word' id='word_1_482' title='bbox 1269 4329 1299 4382; x_wconf 86' lang='lat' dir='ltr'><strong><em>et</em></strong></span> <span class='ocrx_word' id='word_1_483' title='bbox 1313 4321 1387 4381; x_wconf 78' lang='lat' dir='ltr'><strong><em>lidos</em></strong></span> <span class='ocrx_word' id='word_1_484' title='bbox 1400 4328 1431 4379; x_wconf 89' lang='grc'><strong><em>04</em></strong></span> <span class='ocrx_word' id='word_1_485' title='bbox 1440 4320 1585 4401; x_wconf 88' lang='lat' dir='ltr'><strong><em>judicium</em></strong></span> 
     </span>
     <span class='ocr_line' id='line_1_46' title="bbox 102 4414 1588 4493; baseline 0.001 -21"><span class='ocrx_word' id='word_1_486' title='bbox 102 4415 190 4490; x_wconf 85' lang='lat' dir='ltr'><strong><em>nengi</em></strong></span> <span class='ocrx_word' id='word_1_487' title='bbox 223 4414 386 4473; x_wconf 83' lang='lat' dir='ltr'><strong><em>Brixiensis</em></strong></span> <span class='ocrx_word' id='word_1_488' title='bbox 418 4420 498 4472; x_wconf 88' lang='lat' dir='ltr'><strong><em>tomo</em></strong></span> <span class='ocrx_word' id='word_1_489' title='bbox 519 4417 607 4475; x_wconf 88' lang='grc'><strong>400440</strong></span> <span class='ocrx_word' id='word_1_490' title='bbox 639 4419 813 4476; x_wconf 79' lang='grc' dir='ltr'><strong>Ρο40404000</strong></span> <span class='ocrx_word' id='word_1_491' title='bbox 869 4414 1588 4493; x_wconf 73' lang='grc' dir='ltr'><strong>00040040,ονἰο40000004004000404400400.5004-</strong></span> 
     </span>
     <span class='ocr_line' id='line_1_47' title="bbox 103 4507 1588 4587; baseline 0.001 -23"><span class='ocrx_word' id='word_1_492' title='bbox 103 4513 261 4580; x_wconf 81' lang='lat' dir='ltr'><strong><em>vcterum,</em></strong></span> <span class='ocrx_word' id='word_1_493' title='bbox 283 4513 408 4566; x_wconf 86' lang='lat' dir='ltr'><strong><em>curante</em></strong></span> <span class='ocrx_word' id='word_1_494' title='bbox 430 4507 559 4567; x_wconf 87' lang='lat' dir='ltr'><strong><em>Arnoldo</em></strong></span> <span class='ocrx_word' id='word_1_495' title='bbox 582 4508 709 4582; x_wconf 78' lang='lat' dir='ltr'><strong><em>Minna,</em></strong></span> <span class='ocrx_word' id='word_1_496' title='bbox 732 4511 814 4568; x_wconf 92' lang='lat' dir='ltr'><strong><em>Rom.</em></strong></span> <span class='ocrx_word' id='word_1_497' title='bbox 870 4511 930 4587; x_wconf 89' lang='lat' dir='ltr'><strong><em>psit</em></strong></span> <span class='ocrx_word' id='word_1_498' title='bbox 951 4515 1051 4568; x_wconf 86' lang='lat' dir='ltr'><strong><em>autem</em></strong></span> <span class='ocrx_word' id='word_1_499' title='bbox 1074 4509 1195 4583; x_wconf 85' lang='grc'><strong>4404400,</strong></span> <span class='ocrx_word' id='word_1_500' title='bbox 1219 4526 1277 4568; x_wconf 88' lang='grc'><strong><em>000</em></strong></span> <span class='ocrx_word' id='word_1_501' title='bbox 1313 4509 1437 4568; x_wconf 84' lang='lat' dir='ltr'><strong><em>Latine:</em></strong></span> <span class='ocrx_word' id='word_1_502' title='bbox 1470 4510 1588 4569; x_wconf 89' lang='lat' dir='ltr'><strong><em>Titulus</em></strong></span> 
     </span>
     <span class='ocr_line' id='line_1_48' title="bbox 104 4596 1592 4681; baseline -0.003 -19"><span class='ocrx_word' id='word_1_503' title='bbox 104 4599 191 4678; x_wconf 85' lang='grc'><strong>4699.</strong></span> <span class='ocrx_word' id='word_1_504' title='bbox 216 4600 242 4658; x_wconf 86' lang='lat' dir='ltr'><strong><em>t.</em></strong></span> <span class='ocrx_word' id='word_1_505' title='bbox 264 4612 295 4657; x_wconf 91' lang='lat' dir='ltr'><strong><em>ei</em></strong></span> <span class='ocrx_word' id='word_1_506' title='bbox 322 4600 351 4656; x_wconf 94' lang='lat' dir='ltr'><strong><em>in</em></strong></span> <span class='ocrx_word' id='word_1_507' title='bbox 375 4599 531 4659; x_wconf 90' lang='lat' dir='ltr'><strong><em>Mabillonii</em></strong></span> <span class='ocrx_word' id='word_1_508' title='bbox 553 4600 620 4662; x_wconf 92' lang='lat' dir='ltr'><strong><em>Sec.</em></strong></span> <span class='ocrx_word' id='word_1_509' title='bbox 642 4605 667 4663; x_wconf 95' lang='grc'><strong><em>4.</em></strong></span> <span class='ocrx_word' id='word_1_510' title='bbox 690 4602 817 4662; x_wconf 88' lang='lat' dir='ltr'><strong><em>Benedi-</em></strong></span> <span class='ocrx_word' id='word_1_511' title='bbox 872 4608 938 4661; x_wconf 86' lang='lat' dir='ltr'><strong><em>ost:</em></strong></span> <span class='ocrx_word' id='word_1_512' title='bbox 958 4598 1037 4660; x_wconf 86' lang='lat' dir='ltr'><strong><em>Belle</em></strong></span> <span class='ocrx_word' id='word_1_513' title='bbox 1061 4601 1242 4681; x_wconf 84' lang='lat' dir='ltr'><strong><em>marovi‘plio</em></strong></span> <span class='ocrx_word' id='word_1_514' title='bbox 1263 4600 1432 4662; x_wconf 87' lang='lat' dir='ltr'><strong><em>delMondo</em></strong></span> <span class='ocrx_word' id='word_1_515' title='bbox 1460 4619 1520 4680; x_wconf 84' lang='lat' dir='ltr'><strong><em>per</em></strong></span> <span class='ocrx_word' id='word_1_516' title='bbox 1547 4596 1592 4662; x_wconf 87' lang='lat' dir='ltr'><strong><em>tui</em></strong></span> 
     </span>
     <span class='ocr_line' id='line_1_49' title="bbox 101 4690 1593 4772; baseline -0.002 -18"><span class='ocrx_word' id='word_1_517' title='bbox 101 4696 174 4755; x_wconf 87' lang='lat' dir='ltr'><strong><em>etin.</em></strong></span> <span class='ocrx_word' id='word_1_518' title='bbox 195 4711 262 4771; x_wconf 83' lang='lat' dir='ltr'><strong><em>pag.</em></strong></span> <span class='ocrx_word' id='word_1_519' title='bbox 283 4691 331 4752; x_wconf 74' lang='grc'><strong><em>28.</em></strong></span> <span class='ocrx_word' id='word_1_520' title='bbox 349 4690 528 4769; x_wconf 79' lang='lat' dir='ltr'><strong><em>jampridem</em></strong></span> <span class='ocrx_word' id='word_1_521' title='bbox 551 4694 628 4754; x_wconf 80' lang='lat' dir='ltr'><strong><em>lecta</em></strong></span> <span class='ocrx_word' id='word_1_522' title='bbox 644 4695 732 4755; x_wconf 93' lang='lat' dir='ltr'><strong><em>Paulo</em></strong></span> <span class='ocrx_word' id='word_1_523' title='bbox 751 4697 816 4755; x_wconf 89' lang='lat' dir='ltr'><strong><em>Dia·</em></strong></span> <span class='ocrx_word' id='word_1_524' title='bbox 870 4692 975 4755; x_wconf 75' lang='grc'><strong>006040</strong></span> <span class='ocrx_word' id='word_1_525' title='bbox 994 4694 1019 4768; x_wconf 75' lang='lat' dir='ltr'><strong><em>t)</em></strong></span> <span class='ocrx_word' id='word_1_526' title='bbox 1041 4692 1115 4754; x_wconf 86' lang='lat' dir='ltr'><strong><em>delle</em></strong></span> <span class='ocrx_word' id='word_1_527' title='bbox 1137 4701 1266 4757; x_wconf 83' lang='lat' dir='ltr'><strong><em>costuma</em></strong></span> <span class='ocrx_word' id='word_1_528' title='bbox 1286 4694 1320 4754; x_wconf 88' lang='lat' dir='ltr'><strong><em>di&#39;</em></strong></span> <span class='ocrx_word' id='word_1_529' title='bbox 1338 4694 1425 4755; x_wconf 84' lang='lat' dir='ltr'><strong><em>varii</em></strong></span> <span class='ocrx_word' id='word_1_530' title='bbox 1436 4696 1544 4772; x_wconf 81' lang='lat' dir='ltr'><strong><em>puisi,</em></strong></span> <span class='ocrx_word' id='word_1_531' title='bbox 1562 4696 1593 4756; x_wconf 91' lang='lat' dir='ltr'><strong><em>et</em></strong></span> 
     </span>
     <span class='ocr_line' id='line_1_50' title="bbox 104 4784 1593 4868; baseline 0.001 -21"><span class='ocrx_word' id='word_1_532' title='bbox 104 4805 178 4847; x_wconf 92' lang='lat' dir='ltr'><strong><em>cono</em></strong></span> <span class='ocrx_word' id='word_1_533' title='bbox 199 4795 230 4847; x_wconf 89' lang='grc'><strong><em>04</em></strong></span> <span class='ocrx_word' id='word_1_534' title='bbox 252 4784 453 4858; x_wconf 85' lang='lat' dir='ltr'><strong><em>Aldievaido,</em></strong></span> <span class='ocrx_word' id='word_1_535' title='bbox 469 4793 501 4848; x_wconf 91' lang='grc'><strong><em>04</em></strong></span> <span class='ocrx_word' id='word_1_536' title='bbox 522 4786 566 4845; x_wconf 84' lang='grc'><strong><em>40.</em></strong></span> <span class='ocrx_word' id='word_1_537' title='bbox 584 4789 716 4865; x_wconf 86' lang='lat' dir='ltr'><strong><em>Baptista</em></strong></span> <span class='ocrx_word' id='word_1_538' title='bbox 738 4790 817 4849; x_wconf 90' lang='lat' dir='ltr'><strong><em>Mau·</em></strong></span> <span class='ocrx_word' id='word_1_539' title='bbox 871 4784 945 4846; x_wconf 90' lang='lat' dir='ltr'><strong><em>dello</em></strong></span> <span class='ocrx_word' id='word_1_540' title='bbox 965 4792 1069 4847; x_wconf 77' lang='lat' dir='ltr'><strong><em>stratio</em></strong></span> <span class='ocrx_word' id='word_1_541' title='bbox 1090 4790 1176 4850; x_wconf 87' lang='grc'><strong>04000</strong></span> <span class='ocrx_word' id='word_1_542' title='bbox 1192 4790 1225 4850; x_wconf 92' lang='lat' dir='ltr'><strong><em>di</em></strong></span> <span class='ocrx_word' id='word_1_543' title='bbox 1239 4787 1349 4868; x_wconf 82' lang='lat' dir='ltr'><strong><em>quelli,</em></strong></span> <span class='ocrx_word' id='word_1_544' title='bbox 1378 4789 1408 4866; x_wconf 74' lang='lat'><strong><em>2)</em></strong></span> <span class='ocrx_word' id='word_1_545' title='bbox 1433 4786 1512 4848; x_wconf 87' lang='lat' dir='ltr'><strong><em>della</em></strong></span> <span class='ocrx_word' id='word_1_546' title='bbox 1540 4789 1593 4848; x_wconf 82' lang='lat' dir='ltr'><strong><em>de·</em></strong></span> 
     </span>
     <span class='ocr_line' id='line_1_51' title="bbox 105 4880 1591 4959; baseline 0 -20"><span class='ocrx_word' id='word_1_547' title='bbox 105 4898 158 4940; x_wconf 90' lang='lat' dir='ltr'><strong><em>rus</em></strong></span> <span class='ocrx_word' id='word_1_548' title='bbox 178 4881 213 4940; x_wconf 89' lang='lat' dir='ltr'><strong><em>ad</em></strong></span> <span class='ocrx_word' id='word_1_549' title='bbox 249 4881 326 4940; x_wconf 88' lang='lat' dir='ltr'><strong><em>Petri</em></strong></span> <span class='ocrx_word' id='word_1_550' title='bbox 354 4881 472 4940; x_wconf 90' lang='lat' dir='ltr'><strong><em>Diaconi</em></strong></span> <span class='ocrx_word' id='word_1_551' title='bbox 500 4897 564 4958; x_wconf 85' lang='lat' dir='ltr'><strong><em>cap.</em></strong></span> <span class='ocrx_word' id='word_1_552' title='bbox 590 4883 616 4942; x_wconf 89' lang='lat'><strong><em>3.</em></strong></span> <span class='ocrx_word' id='word_1_553' title='bbox 649 4885 813 4942; x_wconf 85' lang='lat' dir='ltr'><strong><em>annotavit.</em></strong></span> <span class='ocrx_word' id='word_1_554' title='bbox 870 4883 1008 4944; x_wconf 85' lang='lat' dir='ltr'><strong><em>seritioiie</em></strong></span> <span class='ocrx_word' id='word_1_555' title='bbox 1033 4880 1069 4942; x_wconf 88' lang='lat' dir='ltr'><strong><em>dc</em></strong></span> <span class='ocrx_word' id='word_1_556' title='bbox 1084 4882 1199 4946; x_wconf 85' lang='lat' dir='ltr'><strong><em>diuersi</em></strong></span> <span class='ocrx_word' id='word_1_557' title='bbox 1213 4881 1393 4959; x_wconf 75' lang='grc'><strong>0040404434</strong></span> <span class='ocrx_word' id='word_1_558' title='bbox 1410 4880 1459 4944; x_wconf 86' lang='lat' dir='ltr'><strong><em>del</em></strong></span> <span class='ocrx_word' id='word_1_559' title='bbox 1476 4889 1591 4945; x_wconf 71' lang='lat' dir='ltr'><strong><em>novor</em></strong></span> 
     </span>
    </p>
   </div>
   <div class='ocr_carea' id='block_1_6' title="bbox 0 0 1694 5362">
    <p class='ocr_par' dir='ltr' id='par_1_7' title="bbox 0 0 1694 5362">
     <span class='ocr_line' id='line_1_52' title="bbox 0 0 1694 5362; baseline 0 0"><span class='ocrx_word' id='word_1_560' title='bbox 0 0 1694 5362; x_wconf 95' lang='lat' dir='ltr'><strong><em> </em></strong></span> 
     </span>
    </p>
   </div>
  </div>
 </body>
</html>
