<?xml version="1.0" encoding="UTF-8"?>
<!DOCTYPE html PUBLIC "-//W3C//DTD XHTML 1.0 Transitional//EN"
    "http://www.w3.org/TR/xhtml1/DTD/xhtml1-transitional.dtd">
<html xmlns="http://www.w3.org/1999/xhtml" xml:lang="en" lang="en">
 <head>
  <title>
</title>
<meta http-equiv="Content-Type" content="text/html;charset=utf-8" />
  <meta name='ocr-system' content='tesseract 3.04.00' />
  <meta name='ocr-capabilities' content='ocr_page ocr_carea ocr_par ocr_line ocrx_word'/>
</head>
<body>
  <div class='ocr_page' id='page_1' title='image "./bibliothecalati01gallgoog_0597.png"; bbox 0 0 3368 5362; ppageno 0'>
   <div class='ocr_carea' id='block_1_1' title="bbox 464 276 1211 357">
    <p class='ocr_par' dir='ltr' id='par_1_1' title="bbox 464 276 1211 357">
     <span class='ocr_line' id='line_1_1' title="bbox 464 276 1211 357; baseline -0.019 0"><span class='ocrx_word' id='word_1_1' title='bbox 464 282 641 357; x_wconf 85' lang='lat' dir='ltr'><em>COELII</em></span> <span class='ocrx_word' id='word_1_2' title='bbox 663 279 874 353; x_wconf 85' lang='lat' dir='ltr'><em>SEDULII</em></span> <span class='ocrx_word' id='word_1_3' title='bbox 892 276 1211 351; x_wconf 81' lang='lat' dir='ltr'><em>PBESBYTERI</em></span> 
     </span>
    </p>
   </div>
   <div class='ocr_carea' id='block_1_2' title="bbox 817 643 859 692">
    <p class='ocr_par' dir='ltr' id='par_1_2' title="bbox 817 643 859 692">
     <span class='ocr_line' id='line_1_2' title="bbox 817 643 859 692; baseline 0.048 -2"><span class='ocrx_word' id='word_1_4' title='bbox 817 643 859 692; x_wconf 76' lang='lat' dir='ltr'>uls</span> 
     </span>
    </p>
   </div>
   <div class='ocr_carea' id='block_1_3' title="bbox 395 758 1293 851">
    <p class='ocr_par' dir='ltr' id='par_1_3' title="bbox 395 758 1293 851">
     <span class='ocr_line' id='line_1_3' title="bbox 395 758 1293 851; baseline -0.017 0"><span class='ocrx_word' id='word_1_5' title='bbox 395 771 619 851; x_wconf 89' lang='lat' dir='ltr'>VERBI</span> <span class='ocrx_word' id='word_1_6' title='bbox 668 758 1293 847; x_wconf 85' lang='lat' dir='ltr'><strong>INCARNATIONE.</strong></span> 
     </span>
    </p>
   </div>
   <div class='ocr_carea' id='block_1_4' title="bbox 239 915 1446 1006">
    <p class='ocr_par' dir='ltr' id='par_1_4' title="bbox 239 915 1446 1006">
     <span class='ocr_line' id='line_1_4' title="bbox 239 915 1446 1006; baseline -0.012 -15"><span class='ocrx_word' id='word_1_7' title='bbox 239 924 291 991; x_wconf 84' lang='lat' dir='ltr'>Ex</span> <span class='ocrx_word' id='word_1_8' title='bbox 315 922 388 995; x_wconf 87' lang='lat' dir='ltr'>MS.</span> <span class='ocrx_word' id='word_1_9' title='bbox 415 917 546 991; x_wconf 81' lang='lat' dir='ltr'>Codice</span> <span class='ocrx_word' id='word_1_10' title='bbox 572 915 782 989; x_wconf 89' lang='lat' dir='ltr'>Corbeienai</span> <span class='ocrx_word' id='word_1_11' title='bbox 810 922 894 982; x_wconf 86' lang='lat' dir='ltr'>ante</span> <span class='ocrx_word' id='word_1_12' title='bbox 919 931 1035 980; x_wconf 84' lang='lat' dir='ltr'>annos</span> <span class='ocrx_word' id='word_1_13' title='bbox 1060 921 1266 1006; x_wconf 82' lang='lat' dir='ltr'>nongentos</span> <span class='ocrx_word' id='word_1_14' title='bbox 1292 918 1446 978; x_wconf 85' lang='lat' dir='ltr'>exarato.</span> 
     </span>
    </p>
   </div>
   <div class='ocr_carea' id='block_1_5' title="bbox 643 1068 1040 1164">
    <p class='ocr_par' dir='ltr' id='par_1_5' title="bbox 643 1068 1040 1164">
     <span class='ocr_line' id='line_1_5' title="bbox 643 1068 1040 1164; baseline -0.023 -22"><span class='ocrx_word' id='word_1_15' title='bbox 643 1068 852 1143; x_wconf 76' lang='lat' dir='ltr'>observatio</span> <span class='ocrx_word' id='word_1_16' title='bbox 871 1069 1040 1164; x_wconf 82' lang='lat' dir='ltr'>praevia.</span> 
     </span>
    </p>
   </div>
   <div class='ocr_carea' id='block_1_6' title="bbox 93 1191 1577 2834">
    <p class='ocr_par' dir='ltr' id='par_1_6' title="bbox 93 1191 1567 1802">
     <span class='ocr_line' id='line_1_6' title="bbox 93 1191 1558 1330; baseline -0.008 -18"><span class='ocrx_word' id='word_1_17' title='bbox 93 1191 145 1312; x_wconf 81' lang='lat' dir='ltr'>In</span> <span class='ocrx_word' id='word_1_18' title='bbox 180 1257 358 1330; x_wconf 83' lang='lat' dir='ltr'>pervetusto</span> <span class='ocrx_word' id='word_1_19' title='bbox 389 1252 499 1314; x_wconf 80' lang='lat' dir='ltr'><strong>Codice</strong></span> <span class='ocrx_word' id='word_1_20' title='bbox 530 1251 720 1313; x_wconf 80' lang='lat' dir='ltr'>corbeiensis</span> <span class='ocrx_word' id='word_1_21' title='bbox 751 1266 814 1310; x_wconf 90' lang='lat' dir='ltr'>rnu-</span> <span class='ocrx_word' id='word_1_22' title='bbox 907 1245 1096 1308; x_wconf 82' lang='lat' dir='ltr'>Romulidum</span> <span class='ocrx_word' id='word_1_23' title='bbox 1108 1245 1226 1322; x_wconf 79' lang='lat' dir='ltr'>ductor,</span> <span class='ocrx_word' id='word_1_24' title='bbox 1244 1243 1327 1307; x_wconf 86' lang='lat' dir='ltr'>clari</span> <span class='ocrx_word' id='word_1_25' title='bbox 1337 1243 1392 1306; x_wconf 73' lang='lat' dir='ltr'>lus</span> <span class='ocrx_word' id='word_1_26' title='bbox 1407 1234 1558 1304; x_wconf 64' lang='lat' dir='ltr'>alemanis</span> 
     </span>
     <span class='ocr_line' id='line_1_7' title="bbox 95 1337 1563 1429; baseline -0.008 -24"><span class='ocrx_word' id='word_1_27' title='bbox 95 1346 227 1420; x_wconf 83' lang='lat' dir='ltr'>nestorii,</span> <span class='ocrx_word' id='word_1_28' title='bbox 249 1346 328 1408; x_wconf 87' lang='lat' dir='ltr'>unde</span> <span class='ocrx_word' id='word_1_29' title='bbox 349 1349 475 1409; x_wconf 88' lang='lat' dir='ltr'>luvenci</span> <span class='ocrx_word' id='word_1_30' title='bbox 493 1346 605 1429; x_wconf 89' lang='lat' dir='ltr'>librum</span> <span class='ocrx_word' id='word_1_31' title='bbox 621 1347 651 1405; x_wconf 92' lang='lat' dir='ltr'>in</span> <span class='ocrx_word' id='word_1_32' title='bbox 672 1343 813 1405; x_wconf 82' lang='lat' dir='ltr'><strong>Genesim</strong></span> <span class='ocrx_word' id='word_1_33' title='bbox 907 1340 1002 1402; x_wconf 83' lang='lat' dir='ltr'>Eoum</span> <span class='ocrx_word' id='word_1_34' title='bbox 1017 1341 1172 1423; x_wconf 80' lang='lat' dir='ltr'>quirepoo</span> <span class='ocrx_word' id='word_1_35' title='bbox 1186 1350 1268 1401; x_wconf 84' lang='lat' dir='ltr'>leues</span> <span class='ocrx_word' id='word_1_36' title='bbox 1287 1337 1563 1416; x_wconf 82' lang='lat' dir='ltr'>moderemincjulq</span> 
     </span>
     <span class='ocr_line' id='line_1_8' title="bbox 96 1429 1562 1520; baseline -0.004 -22"><span class='ocrx_word' id='word_1_37' title='bbox 96 1440 240 1516; x_wconf 81' lang='lat' dir='ltr'>eruimus,</span> <span class='ocrx_word' id='word_1_38' title='bbox 261 1447 344 1502; x_wconf 80' lang='lat' dir='ltr'>extat</span> <span class='ocrx_word' id='word_1_39' title='bbox 366 1441 478 1520; x_wconf 79' lang='lat' dir='ltr'>absque</span> <span class='ocrx_word' id='word_1_40' title='bbox 500 1441 560 1502; x_wconf 92' lang='lat' dir='ltr'>ullo</span> <span class='ocrx_word' id='word_1_41' title='bbox 574 1441 704 1503; x_wconf 88' lang='lat' dir='ltr'>auctoris</span> <span class='ocrx_word' id='word_1_42' title='bbox 720 1438 814 1500; x_wconf 88' lang='lat' dir='ltr'>nomi·</span> <span class='ocrx_word' id='word_1_43' title='bbox 908 1438 982 1516; x_wconf 79' lang='lat' dir='ltr'>Spes</span> <span class='ocrx_word' id='word_1_44' title='bbox 1004 1433 1109 1513; x_wconf 73' lang='lat' dir='ltr'>or‘br&#39;s,</span> <span class='ocrx_word' id='word_1_45' title='bbox 1128 1433 1301 1518; x_wconf 67' lang='lat' dir='ltr'>[relataque</span> <span class='ocrx_word' id='word_1_46' title='bbox 1333 1432 1445 1508; x_wconf 58' lang='lat' dir='ltr'>meos,</span> <span class='ocrx_word' id='word_1_47' title='bbox 1465 1429 1562 1509; x_wconf 71' lang='lat' dir='ltr'>sparo</span> 
     </span>
     <span class='ocr_line' id='line_1_9' title="bbox 98 1530 1522 1615; baseline 0.005 -24"><span class='ocrx_word' id='word_1_48' title='bbox 98 1548 147 1606; x_wconf 85' lang='lat' dir='ltr'>ne,</span> <span class='ocrx_word' id='word_1_49' title='bbox 178 1532 290 1595; x_wconf 84' lang='lat' dir='ltr'>Sedulii</span> <span class='ocrx_word' id='word_1_50' title='bbox 325 1535 492 1614; x_wconf 83' lang='lat' dir='ltr'>presbyteri</span> <span class='ocrx_word' id='word_1_51' title='bbox 527 1536 606 1597; x_wconf 87' lang='lat' dir='ltr'>Sonti</span> <span class='ocrx_word' id='word_1_52' title='bbox 638 1536 737 1615; x_wconf 91' lang='lat' dir='ltr'>operis</span> <span class='ocrx_word' id='word_1_53' title='bbox 763 1551 814 1615; x_wconf 89' lang='lat' dir='ltr'>pa·</span> <span class='ocrx_word' id='word_1_54' title='bbox 1383 1530 1522 1590; x_wconf 64' lang='lat' dir='ltr'>Mamili</span> 
     </span>
     <span class='ocr_line' id='line_1_10' title="bbox 96 1623 1567 1710; baseline -0.006 -24"><span class='ocrx_word' id='word_1_55' title='bbox 96 1625 206 1687; x_wconf 86' lang='lat' dir='ltr'>schalis</span> <span class='ocrx_word' id='word_1_56' title='bbox 227 1628 311 1690; x_wconf 87' lang='lat' dir='ltr'>liber.</span> <span class='ocrx_word' id='word_1_57' title='bbox 337 1630 360 1690; x_wconf 91' lang='lat'>1.</span> <span class='ocrx_word' id='word_1_58' title='bbox 390 1631 437 1691; x_wconf 92' lang='lat' dir='ltr'>cui</span> <span class='ocrx_word' id='word_1_59' title='bbox 474 1635 616 1708; x_wconf 87' lang='lat' dir='ltr'>tanquam</span> <span class='ocrx_word' id='word_1_60' title='bbox 650 1644 720 1710; x_wconf 86' lang='lat' dir='ltr'>pars</span> <span class='ocrx_word' id='word_1_61' title='bbox 751 1629 814 1706; x_wconf 82' lang='lat' dir='ltr'>eju·</span> <span class='ocrx_word' id='word_1_62' title='bbox 909 1623 1567 1704; x_wconf 72' lang='lat' dir='ltr'>anseromiamelioratoinoapnorcerermu</span> 
     </span>
     <span class='ocr_line' id='line_1_11' title="bbox 95 1718 814 1802; baseline 0.003 -21"><span class='ocrx_word' id='word_1_63' title='bbox 95 1718 191 1797; x_wconf 80' lang='lat' dir='ltr'>adem,</span> <span class='ocrx_word' id='word_1_64' title='bbox 214 1721 295 1783; x_wconf 89' lang='lat' dir='ltr'>nulla</span> <span class='ocrx_word' id='word_1_65' title='bbox 313 1722 487 1802; x_wconf 88' lang='lat' dir='ltr'>interposita</span> <span class='ocrx_word' id='word_1_66' title='bbox 509 1723 712 1800; x_wconf 85' lang='lat' dir='ltr'>distinctione,</span> <span class='ocrx_word' id='word_1_67' title='bbox 731 1721 814 1783; x_wconf 83' lang='lat' dir='ltr'>nulla</span> 
     </span>
    </p>

    <p class='ocr_par' dir='ltr' id='par_1_7' title="bbox 95 1809 1577 2834">
     <span class='ocr_line' id='line_1_12' title="bbox 95 1809 1569 1897; baseline -0.002 -23"><span class='ocrx_word' id='word_1_68' title='bbox 95 1811 252 1893; x_wconf 84' lang='lat' dir='ltr'>divisione,</span> <span class='ocrx_word' id='word_1_69' title='bbox 275 1817 417 1895; x_wconf 91' lang='lat' dir='ltr'>nulloque</span> <span class='ocrx_word' id='word_1_70' title='bbox 445 1819 533 1879; x_wconf 86' lang='lat' dir='ltr'>titulo</span> <span class='ocrx_word' id='word_1_71' title='bbox 551 1819 752 1897; x_wconf 86' lang='lat' dir='ltr'>praemittitur</span> <span class='ocrx_word' id='word_1_72' title='bbox 766 1833 814 1877; x_wconf 88' lang='lat' dir='ltr'>se·</span> <span class='ocrx_word' id='word_1_73' title='bbox 909 1814 1025 1887; x_wconf 80' lang='lat' dir='ltr'>Quibus</span> <span class='ocrx_word' id='word_1_74' title='bbox 1041 1832 1079 1877; x_wconf 82' lang='lat' dir='ltr'>ex</span> <span class='ocrx_word' id='word_1_75' title='bbox 1099 1815 1203 1877; x_wconf 83' lang='lat' dir='ltr'>verbis</span> <span class='ocrx_word' id='word_1_76' title='bbox 1219 1815 1287 1878; x_wconf 90' lang='lat' dir='ltr'>luce</span> <span class='ocrx_word' id='word_1_77' title='bbox 1306 1814 1421 1877; x_wconf 91' lang='lat' dir='ltr'>clarius</span> <span class='ocrx_word' id='word_1_78' title='bbox 1436 1818 1518 1895; x_wconf 83' lang='lat' dir='ltr'>putet,</span> <span class='ocrx_word' id='word_1_79' title='bbox 1531 1809 1569 1871; x_wconf 79' lang='lat' dir='ltr'>Se-</span> 
     </span>
     <span class='ocr_line' id='line_1_13' title="bbox 95 1907 1568 1990; baseline -0.003 -22"><span class='ocrx_word' id='word_1_80' title='bbox 95 1924 194 1986; x_wconf 88' lang='lat' dir='ltr'>quens</span> <span class='ocrx_word' id='word_1_81' title='bbox 205 1907 242 1971; x_wconf 90' lang='lat' dir='ltr'>de</span> <span class='ocrx_word' id='word_1_82' title='bbox 261 1910 347 1971; x_wconf 82' lang='lat' dir='ltr'>Verbi</span> <span class='ocrx_word' id='word_1_83' title='bbox 364 1912 567 1972; x_wconf 82' lang='lat' dir='ltr'>incarnatione</span> <span class='ocrx_word' id='word_1_84' title='bbox 584 1927 716 1972; x_wconf 91' lang='lat' dir='ltr'>carmen:</span> <span class='ocrx_word' id='word_1_85' title='bbox 734 1908 813 1989; x_wconf 90' lang='lat' dir='ltr'>quod</span> <span class='ocrx_word' id='word_1_86' title='bbox 868 1907 984 1971; x_wconf 89' lang='lat' dir='ltr'>dulium</span> <span class='ocrx_word' id='word_1_87' title='bbox 1001 1911 1133 1990; x_wconf 87' lang='lat' dir='ltr'>inopere</span> <span class='ocrx_word' id='word_1_88' title='bbox 1150 1910 1285 1989; x_wconf 86' lang='lat' dir='ltr'>paschali</span> <span class='ocrx_word' id='word_1_89' title='bbox 1304 1910 1462 1988; x_wconf 86' lang='lat' dir='ltr'>Virgilium</span> <span class='ocrx_word' id='word_1_90' title='bbox 1477 1912 1568 1987; x_wconf 58' lang='lat' dir='ltr'>mun</span> 
     </span>
     <span class='ocr_line' id='line_1_14' title="bbox 96 2001 1570 2087; baseline -0.001 -26"><span class='ocrx_word' id='word_1_91' title='bbox 96 2015 166 2061; x_wconf 86' lang='lat' dir='ltr'>cum</span> <span class='ocrx_word' id='word_1_92' title='bbox 188 2002 329 2081; x_wconf 79' lang='lat' dir='ltr'>singulari</span> <span class='ocrx_word' id='word_1_93' title='bbox 354 2002 453 2065; x_wconf 87' lang='lat' dir='ltr'>studio</span> <span class='ocrx_word' id='word_1_94' title='bbox 475 2004 718 2084; x_wconf 81' lang='lat' dir='ltr'>perlegissemus,</span> <span class='ocrx_word' id='word_1_95' title='bbox 741 2021 814 2064; x_wconf 90' lang='lat' dir='ltr'>eun·</span> <span class='ocrx_word' id='word_1_96' title='bbox 870 2004 988 2079; x_wconf 84' lang='lat' dir='ltr'>imitari,</span> <span class='ocrx_word' id='word_1_97' title='bbox 1010 2003 1138 2083; x_wconf 76' lang='lat' dir='ltr'>eJ‘usque</span> <span class='ocrx_word' id='word_1_98' title='bbox 1162 2005 1291 2084; x_wconf 81' lang='lat' dir='ltr'>phrases</span> <span class='ocrx_word' id='word_1_99' title='bbox 1328 2004 1436 2065; x_wconf 90' lang='lat' dir='ltr'>divino</span> <span class='ocrx_word' id='word_1_100' title='bbox 1456 2001 1570 2087; x_wconf 81' lang='lat' dir='ltr'>adaptare</span> 
     </span>
     <span class='ocr_line' id='line_1_15' title="bbox 97 2091 1572 2178; baseline 0 -25"><span class='ocrx_word' id='word_1_101' title='bbox 97 2091 165 2154; x_wconf 89' lang='lat' dir='ltr'>dem</span> <span class='ocrx_word' id='word_1_102' title='bbox 188 2097 217 2156; x_wconf 91' lang='lat' dir='ltr'>in</span> <span class='ocrx_word' id='word_1_103' title='bbox 240 2099 328 2175; x_wconf 85' lang='lat' dir='ltr'>priori</span> <span class='ocrx_word' id='word_1_104' title='bbox 349 2105 381 2157; x_wconf 88' lang='lat' dir='ltr'>et</span> <span class='ocrx_word' id='word_1_105' title='bbox 401 2098 430 2158; x_wconf 89' lang='lat' dir='ltr'>in</span> <span class='ocrx_word' id='word_1_106' title='bbox 452 2100 591 2177; x_wconf 84' lang='lat' dir='ltr'>sequenti</span> <span class='ocrx_word' id='word_1_107' title='bbox 609 2099 815 2160; x_wconf 79' lang='lat' dir='ltr'>lucubratione</span> <span class='ocrx_word' id='word_1_108' title='bbox 870 2099 974 2157; x_wconf 88' lang='lat' dir='ltr'>sensui</span> <span class='ocrx_word' id='word_1_109' title='bbox 996 2098 1052 2158; x_wconf 90' lang='lat' dir='ltr'>sibi</span> <span class='ocrx_word' id='word_1_110' title='bbox 1074 2102 1279 2178; x_wconf 87' lang='lat' dir='ltr'>proposuisse.</span> <span class='ocrx_word' id='word_1_111' title='bbox 1302 2097 1336 2160; x_wconf 93' lang='lat' dir='ltr'>ld</span> <span class='ocrx_word' id='word_1_112' title='bbox 1360 2107 1463 2160; x_wconf 84' lang='lat' dir='ltr'>autem</span> <span class='ocrx_word' id='word_1_113' title='bbox 1481 2098 1506 2155; x_wconf 90' lang='lat' dir='ltr'>iu</span> <span class='ocrx_word' id='word_1_114' title='bbox 1524 2111 1572 2155; x_wconf 80' lang='lat' dir='ltr'>car·</span> 
     </span>
     <span class='ocr_line' id='line_1_16' title="bbox 98 2187 1572 2269; baseline 0.001 -23"><span class='ocrx_word' id='word_1_115' title='bbox 98 2187 201 2247; x_wconf 88' lang='lat' dir='ltr'>stilum</span> <span class='ocrx_word' id='word_1_116' title='bbox 223 2189 505 2267; x_wconf 81' lang='lat' dir='ltr'>animadvertimus,</span> <span class='ocrx_word' id='word_1_117' title='bbox 538 2190 672 2269; x_wconf 89' lang='lat' dir='ltr'>nihilque</span> <span class='ocrx_word' id='word_1_118' title='bbox 704 2193 817 2251; x_wconf 88' lang='lat' dir='ltr'>iucem·</span> <span class='ocrx_word' id='word_1_119' title='bbox 873 2193 953 2251; x_wconf 87' lang='lat' dir='ltr'>mine</span> <span class='ocrx_word' id='word_1_120' title='bbox 974 2190 1012 2252; x_wconf 89' lang='lat' dir='ltr'>ds</span> <span class='ocrx_word' id='word_1_121' title='bbox 1047 2193 1128 2254; x_wconf 86' lang='lat' dir='ltr'>verbi</span> <span class='ocrx_word' id='word_1_122' title='bbox 1162 2194 1371 2255; x_wconf 87' lang='lat' dir='ltr'>incarnatione</span> <span class='ocrx_word' id='word_1_123' title='bbox 1404 2192 1572 2253; x_wconf 78' lang='lat' dir='ltr'>obsecralum</span> 
     </span>
     <span class='ocr_line' id='line_1_17' title="bbox 97 2278 1576 2365; baseline 0 -25"><span class='ocrx_word' id='word_1_124' title='bbox 97 2278 176 2340; x_wconf 90' lang='lat' dir='ltr'>modi</span> <span class='ocrx_word' id='word_1_125' title='bbox 200 2280 305 2360; x_wconf 85' lang='lat' dir='ltr'>videri,</span> <span class='ocrx_word' id='word_1_126' title='bbox 318 2284 342 2343; x_wconf 88' lang='lat' dir='ltr'>si</span> <span class='ocrx_word' id='word_1_127' title='bbox 358 2286 407 2345; x_wconf 90' lang='lat' dir='ltr'>uni</span> <span class='ocrx_word' id='word_1_128' title='bbox 426 2284 584 2363; x_wconf 90' lang='lat' dir='ltr'>eidemque</span> <span class='ocrx_word' id='word_1_129' title='bbox 596 2286 719 2359; x_wconf 85' lang='lat' dir='ltr'>auctori,</span> <span class='ocrx_word' id='word_1_130' title='bbox 738 2301 818 2346; x_wconf 87' lang='lat' dir='ltr'>nem.</span> <span class='ocrx_word' id='word_1_131' title='bbox 873 2285 914 2344; x_wconf 87' lang='lat' dir='ltr'>ita</span> <span class='ocrx_word' id='word_1_132' title='bbox 939 2286 1003 2361; x_wconf 89' lang='lat' dir='ltr'>luit,</span> <span class='ocrx_word' id='word_1_133' title='bbox 1026 2288 1077 2349; x_wconf 81' lang='lat' dir='ltr'>vix</span> <span class='ocrx_word' id='word_1_134' title='bbox 1101 2295 1134 2349; x_wconf 92' lang='lat' dir='ltr'>ut</span> <span class='ocrx_word' id='word_1_135' title='bbox 1149 2290 1188 2348; x_wconf 90' lang='lat' dir='ltr'>sit</span> <span class='ocrx_word' id='word_1_136' title='bbox 1208 2304 1321 2348; x_wconf 83' lang='lat' dir='ltr'>versus</span> <span class='ocrx_word' id='word_1_137' title='bbox 1336 2288 1456 2365; x_wconf 89' lang='lat' dir='ltr'>aliquis,</span> <span class='ocrx_word' id='word_1_138' title='bbox 1469 2286 1516 2364; x_wconf 90' lang='lat' dir='ltr'>qui</span> <span class='ocrx_word' id='word_1_139' title='bbox 1530 2283 1576 2340; x_wconf 84' lang='lat' dir='ltr'>lir-</span> 
     </span>
     <span class='ocr_line' id='line_1_18' title="bbox 97 2373 1576 2462; baseline -0.001 -27"><span class='ocrx_word' id='word_1_140' title='bbox 97 2391 134 2454; x_wconf 91' lang='lat' dir='ltr'>pe</span> <span class='ocrx_word' id='word_1_141' title='bbox 168 2373 299 2453; x_wconf 89' lang='lat' dir='ltr'>Sedulio,</span> <span class='ocrx_word' id='word_1_142' title='bbox 334 2385 461 2457; x_wconf 88' lang='lat' dir='ltr'>utraque</span> <span class='ocrx_word' id='word_1_143' title='bbox 488 2378 712 2440; x_wconf 84' lang='lat' dir='ltr'>attribueretur.</span> <span class='ocrx_word' id='word_1_144' title='bbox 733 2379 817 2440; x_wconf 89' lang='lat' dir='ltr'>ludi·</span> <span class='ocrx_word' id='word_1_145' title='bbox 873 2377 976 2457; x_wconf 89' lang='lat' dir='ltr'>gilium</span> <span class='ocrx_word' id='word_1_146' title='bbox 1000 2397 1058 2440; x_wconf 92' lang='lat' dir='ltr'>nnn</span> <span class='ocrx_word' id='word_1_147' title='bbox 1081 2387 1211 2456; x_wconf 83' lang='lat' dir='ltr'>resonet,</span> <span class='ocrx_word' id='word_1_148' title='bbox 1229 2381 1361 2462; x_wconf 86' lang='lat' dir='ltr'>ejusque</span> <span class='ocrx_word' id='word_1_149' title='bbox 1377 2398 1437 2441; x_wconf 91' lang='lat' dir='ltr'>nnn</span> <span class='ocrx_word' id='word_1_150' title='bbox 1455 2379 1576 2458; x_wconf 79' lang='lat' dir='ltr'>exprimat</span> 
     </span>
     <span class='ocr_line' id='line_1_19' title="bbox 97 2466 1577 2553; baseline 0 -25"><span class='ocrx_word' id='word_1_151' title='bbox 97 2469 177 2528; x_wconf 87' lang='lat' dir='ltr'>cium</span> <span class='ocrx_word' id='word_1_152' title='bbox 208 2466 264 2530; x_wconf 91' lang='lat' dir='ltr'>hoc</span> <span class='ocrx_word' id='word_1_153' title='bbox 295 2478 431 2532; x_wconf 84' lang='lat' dir='ltr'>nostrum</span> <span class='ocrx_word' id='word_1_154' title='bbox 463 2468 655 2532; x_wconf 80' lang='lat' dir='ltr'>confirmavit</span> <span class='ocrx_word' id='word_1_155' title='bbox 676 2470 818 2533; x_wconf 84' lang='lat' dir='ltr'>sedulius</span> <span class='ocrx_word' id='word_1_156' title='bbox 873 2473 975 2532; x_wconf 88' lang='lat' dir='ltr'>verba.</span> <span class='ocrx_word' id='word_1_157' title='bbox 999 2475 1038 2535; x_wconf 84' lang='lat' dir='ltr'>Et</span> <span class='ocrx_word' id='word_1_158' title='bbox 1059 2474 1189 2553; x_wconf 89' lang='lat' dir='ltr'>nequod</span> <span class='ocrx_word' id='word_1_159' title='bbox 1214 2474 1271 2536; x_wconf 89' lang='lat' dir='ltr'>hae</span> <span class='ocrx_word' id='word_1_160' title='bbox 1293 2473 1333 2535; x_wconf 91' lang='lat' dir='ltr'>de</span> <span class='ocrx_word' id='word_1_161' title='bbox 1356 2493 1388 2535; x_wconf 91' lang='lat' dir='ltr'>re</span> <span class='ocrx_word' id='word_1_162' title='bbox 1411 2471 1527 2534; x_wconf 89' lang='lat' dir='ltr'>dubium</span> <span class='ocrx_word' id='word_1_163' title='bbox 1540 2485 1577 2529; x_wconf 90' lang='lat' dir='ltr'>su·</span> 
     </span>
     <span class='ocr_line' id='line_1_20' title="bbox 97 2562 1570 2648; baseline -0.001 -25"><span class='ocrx_word' id='word_1_164' title='bbox 97 2562 162 2640; x_wconf 89' lang='lat' dir='ltr'>ipse</span> <span class='ocrx_word' id='word_1_165' title='bbox 184 2562 212 2623; x_wconf 92' lang='lat' dir='ltr'>ln</span> <span class='ocrx_word' id='word_1_166' title='bbox 234 2562 415 2626; x_wconf 86' lang='lat' dir='ltr'>dedicatorio</span> <span class='ocrx_word' id='word_1_167' title='bbox 435 2567 568 2627; x_wconf 86' lang='lat' dir='ltr'>carmine</span> <span class='ocrx_word' id='word_1_168' title='bbox 585 2566 682 2644; x_wconf 88' lang='lat' dir='ltr'>operis</span> <span class='ocrx_word' id='word_1_169' title='bbox 697 2566 820 2644; x_wconf 88' lang='lat' dir='ltr'>pascha·</span> <span class='ocrx_word' id='word_1_170' title='bbox 873 2564 963 2626; x_wconf 91' lang='lat' dir='ltr'>boriri</span> <span class='ocrx_word' id='word_1_171' title='bbox 986 2568 1093 2644; x_wconf 85' lang='lat' dir='ltr'>valeat,</span> <span class='ocrx_word' id='word_1_172' title='bbox 1114 2568 1251 2647; x_wconf 88' lang='lat' dir='ltr'>singulos</span> <span class='ocrx_word' id='word_1_173' title='bbox 1273 2568 1389 2648; x_wconf 82' lang='lat' dir='ltr'>Virgilii</span> <span class='ocrx_word' id='word_1_174' title='bbox 1412 2568 1491 2629; x_wconf 89' lang='lat' dir='ltr'>locos</span> <span class='ocrx_word' id='word_1_175' title='bbox 1510 2562 1570 2627; x_wconf 87' lang='lat' dir='ltr'>unde</span> 
     </span>
     <span class='ocr_line' id='line_1_21' title="bbox 102 2655 1577 2741; baseline -0.001 -23"><span class='ocrx_word' id='word_1_176' title='bbox 102 2655 140 2718; x_wconf 89' lang='lat' dir='ltr'>lis</span> <span class='ocrx_word' id='word_1_177' title='bbox 160 2655 197 2717; x_wconf 85' lang='lat' dir='ltr'>ad</span> <span class='ocrx_word' id='word_1_178' title='bbox 229 2657 430 2722; x_wconf 87' lang='lat' dir='ltr'>Theodosium</span> <span class='ocrx_word' id='word_1_179' title='bbox 452 2660 634 2740; x_wconf 79' lang='lat' dir='ltr'>Augustum,</span> <span class='ocrx_word' id='word_1_180' title='bbox 666 2660 745 2738; x_wconf 91' lang='lat' dir='ltr'>quod</span> <span class='ocrx_word' id='word_1_181' title='bbox 778 2662 818 2721; x_wconf 83' lang='lat' dir='ltr'>ita</span> <span class='ocrx_word' id='word_1_182' title='bbox 874 2673 947 2719; x_wconf 90' lang='lat' dir='ltr'>suos</span> <span class='ocrx_word' id='word_1_183' title='bbox 968 2676 1077 2724; x_wconf 87' lang='lat' dir='ltr'>versus</span> <span class='ocrx_word' id='word_1_184' title='bbox 1098 2664 1214 2741; x_wconf 84' lang='lat' dir='ltr'>accepit</span> <span class='ocrx_word' id='word_1_185' title='bbox 1236 2656 1577 2738; x_wconf 77' lang='lat' dir='ltr'>Seduhus,innolisde</span> 
     </span>
     <span class='ocr_line' id='line_1_22' title="bbox 100 2749 1195 2834; baseline 0.008 -26"><span class='ocrx_word' id='word_1_186' title='bbox 100 2749 228 2829; x_wconf 87' lang='lat' dir='ltr'>incipit:</span> <span class='ocrx_word' id='word_1_187' title='bbox 874 2754 985 2834; x_wconf 83' lang='lat' dir='ltr'>signari</span> <span class='ocrx_word' id='word_1_188' title='bbox 1007 2756 1195 2817; x_wconf 86' lang='lat' dir='ltr'>curavimus.</span> 
     </span>
    </p>
   </div>
   <div class='ocr_carea' id='block_1_7' title="bbox 782 2913 914 2956">
    <p class='ocr_par' dir='ltr' id='par_1_8' title="bbox 782 2913 914 2956">
     <span class='ocr_line' id='line_1_23' title="bbox 782 2913 914 2956; baseline -0.015 -2"><span class='ocrx_word' id='word_1_189' title='bbox 782 2913 914 2956; x_wconf 63' lang='grc'>111</span> 
     </span>
    </p>
   </div>
   <div class='ocr_carea' id='block_1_8' title="bbox 99 3013 1577 3724">
    <p class='ocr_par' dir='ltr' id='par_1_9' title="bbox 99 3013 1577 3724">
     <span class='ocr_line' id='line_1_24' title="bbox 103 3013 1456 3119; baseline 0.001 -16"><span class='ocrx_word' id='word_1_190' title='bbox 103 3013 289 3117; x_wconf 80' lang='lat' dir='ltr'>Omnipotens</span> <span class='ocrx_word' id='word_1_191' title='bbox 302 3057 405 3118; x_wconf 83' lang='lat' dir='ltr'>genitor</span> <span class='ocrx_word' id='word_1_192' title='bbox 416 3056 518 3107; x_wconf 81' lang='lat' dir='ltr'>tandem</span> <span class='ocrx_word' id='word_1_193' title='bbox 532 3057 665 3107; x_wconf 82' lang='lat' dir='ltr'>miseratus</span> <span class='ocrx_word' id='word_1_194' title='bbox 683 3054 716 3105; x_wconf 83' lang='lat' dir='ltr'>ab</span> <span class='ocrx_word' id='word_1_195' title='bbox 727 3055 788 3117; x_wconf 79' lang='lat' dir='ltr'>alto,</span> <span class='ocrx_word' id='word_1_196' title='bbox 801 3057 814 3107; x_wconf 99' lang='grc'>1</span> <span class='ocrx_word' id='word_1_197' title='bbox 875 3049 988 3101; x_wconf 69' lang='lat' dir='ltr'>Mortalis</span> <span class='ocrx_word' id='word_1_198' title='bbox 1001 3053 1069 3104; x_wconf 82' lang='lat' dir='ltr'>visus</span> <span class='ocrx_word' id='word_1_199' title='bbox 1084 3055 1168 3118; x_wconf 87' lang='lat' dir='ltr'>potult</span> <span class='ocrx_word' id='word_1_200' title='bbox 1179 3059 1347 3119; x_wconf 83' lang='lat' dir='ltr'>quantusque</span> <span class='ocrx_word' id='word_1_201' title='bbox 1363 3053 1456 3106; x_wconf 81' lang='lat' dir='ltr'>rideri.</span> 
     </span>
     <span class='ocr_line' id='line_1_25' title="bbox 100 3124 1527 3194; baseline 0.006 -12"><span class='ocrx_word' id='word_1_202' title='bbox 100 3134 239 3193; x_wconf 78' lang='lat' dir='ltr'>Postquam</span> <span class='ocrx_word' id='word_1_203' title='bbox 252 3136 344 3181; x_wconf 84' lang='lat' dir='ltr'>cuncta</span> <span class='ocrx_word' id='word_1_204' title='bbox 357 3130 427 3182; x_wconf 79' lang='lat' dir='ltr'>dedit</span> <span class='ocrx_word' id='word_1_205' title='bbox 440 3132 510 3182; x_wconf 89' lang='lat' dir='ltr'>coelo</span> <span class='ocrx_word' id='word_1_206' title='bbox 523 3132 776 3193; x_wconf 64' lang='lat' dir='ltr'>coenomanensi</span> <span class='ocrx_word' id='word_1_207' title='bbox 877 3124 953 3187; x_wconf 75' lang='lat' dir='ltr'>Vlrsso</span> <span class='ocrx_word' id='word_1_208' title='bbox 965 3133 1062 3177; x_wconf 84' lang='lat' dir='ltr'>metum</span> <span class='ocrx_word' id='word_1_209' title='bbox 1075 3128 1123 3179; x_wconf 89' lang='lat' dir='ltr'>lult</span> <span class='ocrx_word' id='word_1_210' title='bbox 1136 3133 1189 3194; x_wconf 77' lang='lat' dir='ltr'>lam</span> <span class='ocrx_word' id='word_1_211' title='bbox 1207 3128 1289 3192; x_wconf 61' lang='lat' dir='ltr'>plenis</span> <span class='ocrx_word' id='word_1_212' title='bbox 1309 3130 1407 3181; x_wconf 80' lang='lat' dir='ltr'>nubilis</span> <span class='ocrx_word' id='word_1_213' title='bbox 1418 3126 1527 3191; x_wconf 52' lang='lat' dir='ltr'>⁸⁰⁰3»ss</span> 
     </span>
     <span class='ocr_line' id='line_1_26' title="bbox 102 3200 1577 3270; baseline 0.005 -14"><span class='ocrx_word' id='word_1_214' title='bbox 102 3206 224 3256; x_wconf 85' lang='lat' dir='ltr'>omnibus</span> <span class='ocrx_word' id='word_1_215' title='bbox 238 3208 265 3255; x_wconf 93' lang='lat' dir='ltr'>lu</span> <span class='ocrx_word' id='word_1_216' title='bbox 280 3207 353 3256; x_wconf 85' lang='lat' dir='ltr'>terris</span> <span class='ocrx_word' id='word_1_217' title='bbox 366 3208 480 3257; x_wconf 88' lang='lat' dir='ltr'>dlrlnum</span> <span class='ocrx_word' id='word_1_218' title='bbox 494 3210 587 3270; x_wconf 75' lang='lat' dir='ltr'>spirat</span> <span class='ocrx_word' id='word_1_219' title='bbox 602 3219 722 3267; x_wconf 87' lang='lat' dir='ltr'>umorem,</span> <span class='ocrx_word' id='word_1_220' title='bbox 739 3209 755 3255; x_wconf 76' lang='grc' dir='ltr'><strong>ὅ</strong></span> <span class='ocrx_word' id='word_1_221' title='bbox 875 3200 921 3248; x_wconf 81' lang='lat' dir='ltr'>cul</span> <span class='ocrx_word' id='word_1_222' title='bbox 938 3213 1017 3252; x_wconf 69' lang='lat' dir='ltr'>lenus</span> <span class='ocrx_word' id='word_1_223' title='bbox 1030 3215 1043 3252; x_wconf 81' lang='lat' dir='ltr'>t</span> <span class='ocrx_word' id='word_1_224' title='bbox 1056 3206 1156 3267; x_wconf 73' lang='lat' dir='ltr'>proavis</span> <span class='ocrx_word' id='word_1_225' title='bbox 1173 3205 1190 3253; x_wconf 88' lang='grc'>7</span> <span class='ocrx_word' id='word_1_226' title='bbox 1207 3210 1298 3268; x_wconf 80' lang='lat' dir='ltr'>ingens</span> <span class='ocrx_word' id='word_1_227' title='bbox 1310 3217 1456 3268; x_wconf 69' lang='lat' dir='ltr'>nomenque</span> <span class='ocrx_word' id='word_1_228' title='bbox 1465 3205 1577 3263; x_wconf 70' lang='lat' dir='ltr'>demunt:</span> 
     </span>
     <span class='ocr_line' id='line_1_27' title="bbox 100 3275 1501 3346; baseline 0.006 -15"><span class='ocrx_word' id='word_1_229' title='bbox 100 3284 201 3343; x_wconf 75' lang='lat' dir='ltr'>semper</span> <span class='ocrx_word' id='word_1_230' title='bbox 213 3279 311 3331; x_wconf 87' lang='lat' dir='ltr'>honore</span> <span class='ocrx_word' id='word_1_231' title='bbox 322 3284 364 3342; x_wconf 91' lang='lat' dir='ltr'>plo</span> <span class='ocrx_word' id='word_1_232' title='bbox 378 3294 469 3331; x_wconf 79' lang='lat' dir='ltr'>nomen</span> <span class='ocrx_word' id='word_1_233' title='bbox 481 3286 585 3346; x_wconf 80' lang='lat' dir='ltr'>nailque</span> <span class='ocrx_word' id='word_1_234' title='bbox 599 3281 754 3346; x_wconf 77' lang='lat' dir='ltr'>patrisqucl</span> <span class='ocrx_word' id='word_1_235' title='bbox 876 3275 1027 3328; x_wconf 56' lang='lat' dir='ltr'>&#39;numerata</span> <span class='ocrx_word' id='word_1_236' title='bbox 1045 3281 1125 3330; x_wconf 87' lang='lat' dir='ltr'>thoris</span> <span class='ocrx_word' id='word_1_237' title='bbox 1142 3280 1220 3331; x_wconf 84' lang='lat' dir='ltr'>talem</span> <span class='ocrx_word' id='word_1_238' title='bbox 1237 3293 1264 3332; x_wconf 74' lang='lat' dir='ltr'>te</span> <span class='ocrx_word' id='word_1_239' title='bbox 1281 3280 1350 3331; x_wconf 83' lang='lat' dir='ltr'>lacta</span> <span class='ocrx_word' id='word_1_240' title='bbox 1366 3282 1471 3340; x_wconf 56' lang='lat' dir='ltr'>fereula</span> <span class='ocrx_word' id='word_1_241' title='bbox 1486 3280 1501 3328; x_wconf 75' lang='lat'>⁸</span> 
     </span>
     <span class='ocr_line' id='line_1_28' title="bbox 100 3350 1475 3420; baseline -0.001 -14"><span class='ocrx_word' id='word_1_242' title='bbox 100 3360 196 3406; x_wconf 81' lang='lat' dir='ltr'>ornare</span> <span class='ocrx_word' id='word_1_243' title='bbox 212 3362 238 3404; x_wconf 87' lang='lat' dir='ltr'>et</span> <span class='ocrx_word' id='word_1_244' title='bbox 251 3367 352 3417; x_wconf 80' lang='lat' dir='ltr'>canere,</span> <span class='ocrx_word' id='word_1_245' title='bbox 369 3356 535 3420; x_wconf 83' lang='lat' dir='ltr'>patrlbusque</span> <span class='ocrx_word' id='word_1_246' title='bbox 553 3361 578 3407; x_wconf 91' lang='lat' dir='ltr'>ln</span> <span class='ocrx_word' id='word_1_247' title='bbox 600 3371 677 3419; x_wconf 80' lang='lat' dir='ltr'>regua</span> <span class='ocrx_word' id='word_1_248' title='bbox 691 3359 778 3408; x_wconf 81' lang='lat' dir='ltr'>vocari</span> <span class='ocrx_word' id='word_1_249' title='bbox 794 3356 811 3406; x_wconf 83' lang='lat' dir='ltr'>ll</span> <span class='ocrx_word' id='word_1_250' title='bbox 875 3350 948 3400; x_wconf 82' lang='lat' dir='ltr'>casta</span> <span class='ocrx_word' id='word_1_251' title='bbox 964 3355 1114 3417; x_wconf 86' lang='lat' dir='ltr'>pudlcltlsm</span> <span class='ocrx_word' id='word_1_252' title='bbox 1129 3359 1193 3407; x_wconf 87' lang='lat' dir='ltr'>rniro</span> <span class='ocrx_word' id='word_1_253' title='bbox 1209 3356 1330 3406; x_wconf 79' lang='lat' dir='ltr'>servabat</span> <span class='ocrx_word' id='word_1_254' title='bbox 1346 3356 1475 3408; x_wconf 75' lang='lat' dir='ltr'>amoretl</span> 
     </span>
     <span class='ocr_line' id='line_1_29' title="bbox 100 3429 1538 3495; baseline -0.003 -12"><span class='ocrx_word' id='word_1_255' title='bbox 100 3434 236 3494; x_wconf 77' lang='lat' dir='ltr'>auspiciis,</span> <span class='ocrx_word' id='word_1_256' title='bbox 252 3431 313 3482; x_wconf 91' lang='lat' dir='ltr'>bluc</span> <span class='ocrx_word' id='word_1_257' title='bbox 325 3435 473 3495; x_wconf 83' lang='lat' dir='ltr'>progeniem</span> <span class='ocrx_word' id='word_1_258' title='bbox 488 3436 583 3483; x_wconf 72' lang='lat' dir='ltr'>virtute</span> <span class='ocrx_word' id='word_1_259' title='bbox 599 3432 711 3483; x_wconf 79' lang='lat' dir='ltr'>futuram</span> <span class='ocrx_word' id='word_1_260' title='bbox 876 3431 941 3480; x_wconf 85' lang='lat' dir='ltr'>llulc</span> <span class='ocrx_word' id='word_1_261' title='bbox 957 3442 984 3479; x_wconf 88' lang='lat' dir='ltr'>se</span> <span class='ocrx_word' id='word_1_262' title='bbox 1000 3430 1079 3481; x_wconf 78' lang='lat' dir='ltr'>forma</span> <span class='ocrx_word' id='word_1_263' title='bbox 1094 3435 1150 3492; x_wconf 81' lang='lat' dir='ltr'>Del,</span> <span class='ocrx_word' id='word_1_264' title='bbox 1168 3432 1239 3482; x_wconf 88' lang='lat' dir='ltr'>coelo</span> <span class='ocrx_word' id='word_1_265' title='bbox 1255 3431 1380 3484; x_wconf 78' lang='lat' dir='ltr'>dimissus</span> <span class='ocrx_word' id='word_1_266' title='bbox 1397 3430 1431 3482; x_wconf 85' lang='lat' dir='ltr'>ab</span> <span class='ocrx_word' id='word_1_267' title='bbox 1450 3432 1499 3483; x_wconf 79' lang='lat' dir='ltr'>alto</span> <span class='ocrx_word' id='word_1_268' title='bbox 1513 3429 1538 3480; x_wconf 84' lang='lat' dir='ltr'>lo</span> 
     </span>
     <span class='ocr_line' id='line_1_30' title="bbox 99 3501 1559 3573; baseline 0 -16"><span class='ocrx_word' id='word_1_269' title='bbox 99 3504 241 3570; x_wconf 73' lang='lat' dir='ltr'>Egregium,</span> <span class='ocrx_word' id='word_1_270' title='bbox 264 3512 289 3558; x_wconf 88' lang='lat' dir='ltr'>et</span> <span class='ocrx_word' id='word_1_271' title='bbox 307 3514 388 3558; x_wconf 87' lang='lat' dir='ltr'>totum</span> <span class='ocrx_word' id='word_1_272' title='bbox 399 3519 464 3571; x_wconf 82' lang='lat' dir='ltr'>quae</span> <span class='ocrx_word' id='word_1_273' title='bbox 481 3508 578 3571; x_wconf 81' lang='lat' dir='ltr'>legibus</span> <span class='ocrx_word' id='word_1_274' title='bbox 590 3515 697 3572; x_wconf 85' lang='lat' dir='ltr'>occupet</span> <span class='ocrx_word' id='word_1_275' title='bbox 710 3508 806 3560; x_wconf 81' lang='lat' dir='ltr'>orbem.</span> <span class='ocrx_word' id='word_1_276' title='bbox 875 3509 993 3570; x_wconf 77' lang='lat' dir='ltr'>spiritus,</span> <span class='ocrx_word' id='word_1_277' title='bbox 1005 3508 1072 3557; x_wconf 87' lang='lat' dir='ltr'>lutus</span> <span class='ocrx_word' id='word_1_278' title='bbox 1089 3508 1143 3568; x_wconf 84' lang='lat' dir='ltr'>alit,</span> <span class='ocrx_word' id='word_1_279' title='bbox 1160 3515 1229 3559; x_wconf 82' lang='lat' dir='ltr'>casto</span> <span class='ocrx_word' id='word_1_280' title='bbox 1246 3522 1274 3560; x_wconf 86' lang='lat' dir='ltr'>sc</span> <span class='ocrx_word' id='word_1_281' title='bbox 1291 3522 1401 3573; x_wconf 89' lang='lat' dir='ltr'>corpore</span> <span class='ocrx_word' id='word_1_282' title='bbox 1416 3511 1508 3560; x_wconf 75' lang='lat' dir='ltr'>miscet</span> <span class='ocrx_word' id='word_1_283' title='bbox 1528 3501 1559 3553; x_wconf 81' lang='lat' dir='ltr'>ll·</span> 
     </span>
     <span class='ocr_line' id='line_1_31' title="bbox 102 3580 1530 3647; baseline -0.001 -15"><span class='ocrx_word' id='word_1_284' title='bbox 102 3584 234 3634; x_wconf 81' lang='lat' dir='ltr'>llatameu</span> <span class='ocrx_word' id='word_1_285' title='bbox 245 3586 272 3633; x_wconf 94' lang='lat' dir='ltr'>ln</span> <span class='ocrx_word' id='word_1_286' title='bbox 292 3586 366 3634; x_wconf 88' lang='lat' dir='ltr'>terrls</span> <span class='ocrx_word' id='word_1_287' title='bbox 378 3581 494 3634; x_wconf 78' lang='lat' dir='ltr'>mortalia</span> <span class='ocrx_word' id='word_1_288' title='bbox 511 3591 612 3647; x_wconf 84' lang='lat' dir='ltr'>pectora</span> <span class='ocrx_word' id='word_1_289' title='bbox 624 3585 720 3646; x_wconf 82' lang='lat' dir='ltr'>turbet,</span> <span class='ocrx_word' id='word_1_290' title='bbox 876 3586 941 3632; x_wconf 76' lang='lat' dir='ltr'>dulc</span> <span class='ocrx_word' id='word_1_291' title='bbox 957 3588 1040 3632; x_wconf 82' lang='lat' dir='ltr'>tamen</span> <span class='ocrx_word' id='word_1_292' title='bbox 1058 3581 1161 3633; x_wconf 79' lang='lat' dir='ltr'>dublum</span> <span class='ocrx_word' id='word_1_293' title='bbox 1178 3585 1253 3634; x_wconf 90' lang='lat' dir='ltr'>dlctls</span> <span class='ocrx_word' id='word_1_294' title='bbox 1269 3584 1369 3636; x_wconf 84' lang='lat' dir='ltr'>solatur</span> <span class='ocrx_word' id='word_1_295' title='bbox 1382 3586 1489 3636; x_wconf 75' lang='lat' dir='ltr'>amicius</span> <span class='ocrx_word' id='word_1_296' title='bbox 1504 3580 1530 3631; x_wconf 74' lang='lat' dir='ltr'>li</span> 
     </span>
     <span class='ocr_line' id='line_1_32' title="bbox 102 3657 1557 3724; baseline 0.005 -16"><span class='ocrx_word' id='word_1_297' title='bbox 102 3661 221 3723; x_wconf 83' lang='lat' dir='ltr'>ignotum</span> <span class='ocrx_word' id='word_1_298' title='bbox 234 3671 339 3721; x_wconf 85' lang='lat' dir='ltr'>numen,</span> <span class='ocrx_word' id='word_1_299' title='bbox 351 3662 417 3709; x_wconf 80' lang='lat' dir='ltr'>neus</span> <span class='ocrx_word' id='word_1_300' title='bbox 427 3659 527 3709; x_wconf 81' lang='lat' dir='ltr'>aethere</span> <span class='ocrx_word' id='word_1_301' title='bbox 544 3661 635 3710; x_wconf 85' lang='lat' dir='ltr'>missus</span> <span class='ocrx_word' id='word_1_302' title='bbox 650 3660 681 3713; x_wconf 86' lang='lat' dir='ltr'>ab</span> <span class='ocrx_word' id='word_1_303' title='bbox 695 3660 755 3721; x_wconf 81' lang='lat' dir='ltr'>alto,</span> <span class='ocrx_word' id='word_1_304' title='bbox 878 3657 948 3708; x_wconf 73' lang='lat' dir='ltr'>Alma</span> <span class='ocrx_word' id='word_1_305' title='bbox 957 3669 1047 3720; x_wconf 81' lang='lat' dir='ltr'>parcns</span> <span class='ocrx_word' id='word_1_306' title='bbox 1056 3658 1143 3709; x_wconf 88' lang='lat' dir='ltr'>mundi</span> <span class='ocrx_word' id='word_1_307' title='bbox 1157 3663 1295 3711; x_wconf 80' lang='lat' dir='ltr'>bominum</span> <span class='ocrx_word' id='word_1_308' title='bbox 1306 3663 1424 3723; x_wconf 79' lang='lat' dir='ltr'>peritura</span> <span class='ocrx_word' id='word_1_309' title='bbox 1439 3664 1557 3724; x_wconf 64' lang='lat' dir='ltr'>potentur</span> 
     </span>
    </p>
   </div>
   <div class='ocr_carea' id='block_1_9' title="bbox 103 3799 1589 4776">
    <p class='ocr_par' dir='ltr' id='par_1_10' title="bbox 103 3799 1552 3867">
     <span class='ocr_line' id='line_1_33' title="bbox 103 3799 1552 3867; baseline -0.005 -12"><span class='ocrx_word' id='word_1_310' title='bbox 103 3801 116 3855; x_wconf 84' lang='lat' dir='ltr'>l</span> <span class='ocrx_word' id='word_1_311' title='bbox 131 3802 236 3853; x_wconf 77' lang='lat' dir='ltr'>Aencld.</span> <span class='ocrx_word' id='word_1_312' title='bbox 252 3805 282 3849; x_wconf 84' lang='lat' dir='ltr'>V.</span> <span class='ocrx_word' id='word_1_313' title='bbox 297 3813 363 3860; x_wconf 83' lang='lat' dir='ltr'>vers,</span> <span class='ocrx_word' id='word_1_314' title='bbox 379 3800 435 3851; x_wconf 73' lang='lat' dir='ltr'>riu.</span> <span class='ocrx_word' id='word_1_315' title='bbox 906 3801 969 3850; x_wconf 79' lang='lat' dir='ltr'>lam</span> <span class='ocrx_word' id='word_1_316' title='bbox 981 3807 1090 3851; x_wconf 84' lang='lat' dir='ltr'>motura</span> <span class='ocrx_word' id='word_1_317' title='bbox 1102 3801 1160 3851; x_wconf 87' lang='lat' dir='ltr'>uiro</span> <span class='ocrx_word' id='word_1_318' title='bbox 1169 3837 1178 3863; x_wconf 88' lang='lat'><strong><em>,</em></strong></span> <span class='ocrx_word' id='word_1_319' title='bbox 1184 3802 1248 3862; x_wconf 82' lang='lat' dir='ltr'>jum</span> <span class='ocrx_word' id='word_1_320' title='bbox 1258 3803 1351 3867; x_wconf 76' lang='lat' dir='ltr'>plenis</span> <span class='ocrx_word' id='word_1_321' title='bbox 1363 3803 1467 3855; x_wconf 78' lang='lat' dir='ltr'>nubilis</span> <span class='ocrx_word' id='word_1_322' title='bbox 1477 3799 1552 3852; x_wconf 70' lang='lat' dir='ltr'>mab.</span> 
     </span>
    </p>

    <p class='ocr_par' dir='ltr' id='par_1_11' title="bbox 133 3875 1198 3942">
     <span class='ocr_line' id='line_1_34' title="bbox 133 3875 1198 3942; baseline 0 -14"><span class='ocrx_word' id='word_1_323' title='bbox 133 3876 250 3940; x_wconf 84' lang='lat' dir='ltr'>Imperio</span> <span class='ocrx_word' id='word_1_324' title='bbox 262 3876 338 3926; x_wconf 74' lang='lat' dir='ltr'>lovis</span> <span class='ocrx_word' id='word_1_325' title='bbox 350 3875 399 3925; x_wconf 82' lang='lat' dir='ltr'>huc</span> <span class='ocrx_word' id='word_1_326' title='bbox 410 3876 498 3937; x_wconf 84' lang='lat' dir='ltr'>venio,</span> <span class='ocrx_word' id='word_1_327' title='bbox 509 3877 556 3941; x_wconf 80' lang='lat' dir='ltr'>qui</span> <span class='ocrx_word' id='word_1_328' title='bbox 567 3876 699 3928; x_wconf 76' lang='lat' dir='ltr'>elassibus</span> <span class='ocrx_word' id='word_1_329' title='bbox 711 3878 801 3942; x_wconf 71' lang='lat' dir='ltr'>ignem</span> <span class='ocrx_word' id='word_1_330' title='bbox 881 3875 897 3925; x_wconf 83' lang='lat'>⁷</span> <span class='ocrx_word' id='word_1_331' title='bbox 912 3875 1019 3927; x_wconf 77' lang='lat' dir='ltr'>Aeneld.</span> <span class='ocrx_word' id='word_1_332' title='bbox 1032 3879 1085 3925; x_wconf 80' lang='lat' dir='ltr'>xil.</span> <span class='ocrx_word' id='word_1_333' title='bbox 1101 3890 1124 3928; x_wconf 88' lang='lat' dir='ltr'>r.</span> <span class='ocrx_word' id='word_1_334' title='bbox 1141 3877 1198 3928; x_wconf 64' lang='lat'>225.</span> 
     </span>
    </p>

    <p class='ocr_par' dir='ltr' id='par_1_12' title="bbox 103 3950 1583 4080">
     <span class='ocr_line' id='line_1_35' title="bbox 134 3950 1583 4018; baseline -0.001 -16"><span class='ocrx_word' id='word_1_335' title='bbox 134 3950 254 4014; x_wconf 75' lang='lat' dir='ltr'>nepulit,</span> <span class='ocrx_word' id='word_1_336' title='bbox 265 3957 290 3999; x_wconf 83' lang='lat' dir='ltr'>ct</span> <span class='ocrx_word' id='word_1_337' title='bbox 300 3951 373 4000; x_wconf 82' lang='lat' dir='ltr'>coelo</span> <span class='ocrx_word' id='word_1_338' title='bbox 383 3952 493 4002; x_wconf 82' lang='lat' dir='ltr'>tandem</span> <span class='ocrx_word' id='word_1_339' title='bbox 505 3954 650 4003; x_wconf 76' lang='lat' dir='ltr'>miseratus</span> <span class='ocrx_word' id='word_1_340' title='bbox 664 3953 696 4005; x_wconf 83' lang='lat' dir='ltr'>ab</span> <span class='ocrx_word' id='word_1_341' title='bbox 709 3954 766 4004; x_wconf 86' lang='lat' dir='ltr'>olto</span> <span class='ocrx_word' id='word_1_342' title='bbox 779 3958 829 4006; x_wconf 76' lang='lat' dir='ltr'>cst.</span> <span class='ocrx_word' id='word_1_343' title='bbox 905 3950 956 4002; x_wconf 86' lang='lat' dir='ltr'>Cui</span> <span class='ocrx_word' id='word_1_344' title='bbox 967 3963 1051 4015; x_wconf 75' lang='lat' dir='ltr'>penus</span> <span class='ocrx_word' id='word_1_345' title='bbox 1063 3965 1080 4000; x_wconf 88' lang='lat' dir='ltr'>a</span> <span class='ocrx_word' id='word_1_346' title='bbox 1090 3952 1202 4015; x_wconf 80' lang='lat' dir='ltr'>proauis</span> <span class='ocrx_word' id='word_1_347' title='bbox 1212 3951 1310 4016; x_wconf 73' lang='lat' dir='ltr'>inperia</span> <span class='ocrx_word' id='word_1_348' title='bbox 1321 3952 1583 4018; x_wconf 74' lang='lat' dir='ltr'>clarumquepotcml</span> 
     </span>
     <span class='ocr_line' id='line_1_36' title="bbox 103 4027 1213 4080; baseline -0.002 -1"><span class='ocrx_word' id='word_1_349' title='bbox 103 4029 119 4079; x_wconf 83' lang='lat'>2</span> <span class='ocrx_word' id='word_1_350' title='bbox 133 4032 171 4079; x_wconf 81' lang='lat' dir='ltr'>Ex</span> <span class='ocrx_word' id='word_1_351' title='bbox 187 4028 290 4078; x_wconf 78' lang='lat' dir='ltr'>Aeneld.</span> <span class='ocrx_word' id='word_1_352' title='bbox 306 4031 350 4080; x_wconf 86' lang='grc'>111.</span> <span class='ocrx_word' id='word_1_353' title='bbox 367 4041 391 4079; x_wconf 86' lang='lat' dir='ltr'>v.</span> <span class='ocrx_word' id='word_1_354' title='bbox 407 4029 463 4080; x_wconf 76' lang='lat'><strong>5¹8.</strong></span> <span class='ocrx_word' id='word_1_355' title='bbox 904 4027 1009 4078; x_wconf 81' lang='lat' dir='ltr'>Nomen</span> <span class='ocrx_word' id='word_1_356' title='bbox 1020 4032 1081 4078; x_wconf 83' lang='lat' dir='ltr'>erut</span> <span class='ocrx_word' id='word_1_357' title='bbox 1092 4027 1213 4077; x_wconf 78' lang='lat' dir='ltr'>virtutis.</span> 
     </span>
    </p>

    <p class='ocr_par' dir='ltr' id='par_1_13' title="bbox 103 4100 1499 4244">
     <span class='ocr_line' id='line_1_37' title="bbox 135 4100 1172 4165; baseline 0.004 -11"><span class='ocrx_word' id='word_1_358' title='bbox 135 4105 283 4165; x_wconf 73' lang='lat' dir='ltr'>Postquam</span> <span class='ocrx_word' id='word_1_359' title='bbox 295 4110 390 4153; x_wconf 81' lang='lat' dir='ltr'>cuncto</span> <span class='ocrx_word' id='word_1_360' title='bbox 402 4104 474 4155; x_wconf 82' lang='lat' dir='ltr'>sidet</span> <span class='ocrx_word' id='word_1_361' title='bbox 486 4105 559 4156; x_wconf 84' lang='lat' dir='ltr'>coelo</span> <span class='ocrx_word' id='word_1_362' title='bbox 571 4115 697 4160; x_wconf 81' lang='lat' dir='ltr'>constare</span> <span class='ocrx_word' id='word_1_363' title='bbox 709 4121 814 4160; x_wconf 69' lang='lat' dir='ltr'>ancno-</span> <span class='ocrx_word' id='word_1_364' title='bbox 875 4100 891 4151; x_wconf 83' lang='lat'>8</span> <span class='ocrx_word' id='word_1_365' title='bbox 906 4101 1012 4153; x_wconf 76' lang='lat' dir='ltr'>aeneid.</span> <span class='ocrx_word' id='word_1_366' title='bbox 1030 4105 1049 4154; x_wconf 89' lang='lat' dir='ltr'>l.</span> <span class='ocrx_word' id='word_1_367' title='bbox 1067 4115 1095 4154; x_wconf 75' lang='lat' dir='ltr'>v.</span> <span class='ocrx_word' id='word_1_368' title='bbox 1113 4103 1172 4155; x_wconf 83' lang='lat'><strong>5⁰7.</strong></span> 
     </span>
     <span class='ocr_line' id='line_1_38' title="bbox 103 4177 1499 4244; baseline -0.002 -11"><span class='ocrx_word' id='word_1_369' title='bbox 103 4181 119 4233; x_wconf 79' lang='lat' dir='ltr'>a</span> <span class='ocrx_word' id='word_1_370' title='bbox 134 4179 238 4232; x_wconf 76' lang='lat' dir='ltr'>Acueld.</span> <span class='ocrx_word' id='word_1_371' title='bbox 255 4183 321 4230; x_wconf 86' lang='lat' dir='ltr'>vill.</span> <span class='ocrx_word' id='word_1_372' title='bbox 338 4193 362 4231; x_wconf 82' lang='lat' dir='ltr'>r.</span> <span class='ocrx_word' id='word_1_373' title='bbox 378 4181 435 4232; x_wconf 76' lang='lat' dir='ltr'>als.</span> <span class='ocrx_word' id='word_1_374' title='bbox 909 4178 984 4229; x_wconf 69' lang='lat' dir='ltr'>Tulin</span> <span class='ocrx_word' id='word_1_375' title='bbox 996 4184 1058 4229; x_wconf 84' lang='lat' dir='ltr'>erut</span> <span class='ocrx_word' id='word_1_376' title='bbox 1070 4179 1151 4241; x_wconf 83' lang='lat' dir='ltr'>Dido,</span> <span class='ocrx_word' id='word_1_377' title='bbox 1164 4178 1246 4228; x_wconf 83' lang='lat' dir='ltr'>telem</span> <span class='ocrx_word' id='word_1_378' title='bbox 1259 4192 1288 4229; x_wconf 76' lang='lat' dir='ltr'>aa</span> <span class='ocrx_word' id='word_1_379' title='bbox 1300 4177 1377 4230; x_wconf 81' lang='lat' dir='ltr'>lucta</span> <span class='ocrx_word' id='word_1_380' title='bbox 1389 4177 1499 4244; x_wconf 69' lang='lat' dir='ltr'>[nelo.</span> 
     </span>
    </p>

    <p class='ocr_par' dir='ltr' id='par_1_14' title="bbox 104 4251 1398 4394">
     <span class='ocr_line' id='line_1_39' title="bbox 135 4251 1167 4323; baseline -0.002 -14"><span class='ocrx_word' id='word_1_381' title='bbox 135 4257 237 4320; x_wconf 82' lang='lat' dir='ltr'>Incipit</span> <span class='ocrx_word' id='word_1_382' title='bbox 249 4263 275 4306; x_wconf 82' lang='lat' dir='ltr'>et</span> <span class='ocrx_word' id='word_1_383' title='bbox 286 4256 367 4305; x_wconf 79' lang='lat' dir='ltr'>dictis</span> <span class='ocrx_word' id='word_1_384' title='bbox 380 4256 501 4307; x_wconf 83' lang='lat' dir='ltr'>diuinum</span> <span class='ocrx_word' id='word_1_385' title='bbox 514 4259 622 4323; x_wconf 76' lang='lat' dir='ltr'>aspirat</span> <span class='ocrx_word' id='word_1_386' title='bbox 635 4272 764 4311; x_wconf 79' lang='lat' dir='ltr'>amoram.</span> <span class='ocrx_word' id='word_1_387' title='bbox 881 4251 897 4302; x_wconf 81' lang='grc'>9</span> <span class='ocrx_word' id='word_1_388' title='bbox 916 4254 1007 4318; x_wconf 79' lang='lat' dir='ltr'>Georg.</span> <span class='ocrx_word' id='word_1_389' title='bbox 1023 4257 1054 4304; x_wconf 92' lang='lat' dir='ltr'>ll.</span> <span class='ocrx_word' id='word_1_390' title='bbox 1070 4267 1095 4305; x_wconf 82' lang='lat' dir='ltr'>r.</span> <span class='ocrx_word' id='word_1_391' title='bbox 1113 4254 1167 4307; x_wconf 70' lang='grc'>511.</span> 
     </span>
     <span class='ocr_line' id='line_1_40' title="bbox 104 4329 1398 4394; baseline 0 -9"><span class='ocrx_word' id='word_1_392' title='bbox 104 4332 238 4385; x_wconf 76' lang='lat' dir='ltr'>llcneid.</span> <span class='ocrx_word' id='word_1_393' title='bbox 254 4334 297 4382; x_wconf 85' lang='lat' dir='ltr'>vl.</span> <span class='ocrx_word' id='word_1_394' title='bbox 313 4344 338 4382; x_wconf 87' lang='lat' dir='ltr'>v.</span> <span class='ocrx_word' id='word_1_395' title='bbox 356 4329 410 4384; x_wconf 84' lang='lat' dir='ltr'>ltu.</span> <span class='ocrx_word' id='word_1_396' title='bbox 919 4331 1004 4380; x_wconf 78' lang='lat' dir='ltr'>carra</span> <span class='ocrx_word' id='word_1_397' title='bbox 1014 4330 1175 4394; x_wconf 79' lang='lat' dir='ltr'>pudicitiam</span> <span class='ocrx_word' id='word_1_398' title='bbox 1187 4337 1278 4382; x_wconf 76' lang='lat' dir='ltr'>seruet</span> <span class='ocrx_word' id='word_1_399' title='bbox 1288 4333 1398 4386; x_wconf 77' lang='lat' dir='ltr'>domur.</span> 
     </span>
    </p>

    <p class='ocr_par' dir='ltr' id='par_1_15' title="bbox 104 4406 1589 4776">
     <span class='ocr_line' id='line_1_41' title="bbox 271 4406 1125 4474; baseline -0.004 -14"><span class='ocrx_word' id='word_1_400' title='bbox 271 4408 389 4471; x_wconf 84' lang='lat' dir='ltr'>Natique</span> <span class='ocrx_word' id='word_1_401' title='bbox 404 4410 564 4474; x_wconf 76' lang='lat' dir='ltr'>putrisque,</span> <span class='ocrx_word' id='word_1_402' title='bbox 891 4406 921 4458; x_wconf 85' lang='lat' dir='ltr'>lu</span> <span class='ocrx_word' id='word_1_403' title='bbox 937 4407 1021 4470; x_wconf 81' lang='lat' dir='ltr'>Eclog.</span> <span class='ocrx_word' id='word_1_404' title='bbox 1042 4410 1081 4457; x_wconf 85' lang='lat' dir='ltr'>lv.</span> <span class='ocrx_word' id='word_1_405' title='bbox 1101 4420 1125 4457; x_wconf 84' lang='lat' dir='ltr'>v.</span> 
     </span>
     <span class='ocr_line' id='line_1_42' title="bbox 168 4479 1530 4547; baseline -0.004 -12"><span class='ocrx_word' id='word_1_406' title='bbox 168 4485 247 4535; x_wconf 75' lang='lat' dir='ltr'>Alma</span> <span class='ocrx_word' id='word_1_407' title='bbox 263 4497 377 4547; x_wconf 84' lang='lat' dir='ltr'>precor,</span> <span class='ocrx_word' id='word_1_408' title='bbox 393 4485 528 4539; x_wconf 79' lang='lat' dir='ltr'>miserere.</span> <span class='ocrx_word' id='word_1_409' title='bbox 909 4485 973 4533; x_wconf 85' lang='lat' dir='ltr'>Jum</span> <span class='ocrx_word' id='word_1_410' title='bbox 986 4496 1056 4532; x_wconf 87' lang='lat' dir='ltr'>nova</span> <span class='ocrx_word' id='word_1_411' title='bbox 1068 4480 1210 4545; x_wconf 76' lang='lat' dir='ltr'>progenies</span> <span class='ocrx_word' id='word_1_412' title='bbox 1224 4481 1300 4531; x_wconf 84' lang='lat' dir='ltr'>coelo</span> <span class='ocrx_word' id='word_1_413' title='bbox 1314 4482 1465 4535; x_wconf 84' lang='lat' dir='ltr'>dimittitur·</span> <span class='ocrx_word' id='word_1_414' title='bbox 1474 4479 1530 4532; x_wconf 77' lang='lat' dir='ltr'>ulta.</span> 
     </span>
     <span class='ocr_line' id='line_1_43' title="bbox 104 4557 1203 4612; baseline -0.003 -3"><span class='ocrx_word' id='word_1_415' title='bbox 104 4559 238 4611; x_wconf 78' lang='lat' dir='ltr'>hleueld.</span> <span class='ocrx_word' id='word_1_416' title='bbox 257 4563 309 4610; x_wconf 82' lang='lat' dir='ltr'>llll.</span> <span class='ocrx_word' id='word_1_417' title='bbox 327 4572 354 4612; x_wconf 86' lang='lat' dir='ltr'>r.</span> <span class='ocrx_word' id='word_1_418' title='bbox 371 4560 428 4611; x_wconf 77' lang='grc'>156.</span> <span class='ocrx_word' id='word_1_419' title='bbox 879 4557 908 4608; x_wconf 90' lang='grc'>11</span> <span class='ocrx_word' id='word_1_420' title='bbox 925 4557 1031 4608; x_wconf 77' lang='lat' dir='ltr'>Aencld.</span> <span class='ocrx_word' id='word_1_421' title='bbox 1048 4560 1089 4608; x_wconf 79' lang='lat' dir='ltr'>vl.</span> <span class='ocrx_word' id='word_1_422' title='bbox 1107 4571 1132 4609; x_wconf 86' lang='lat' dir='ltr'>r.</span> <span class='ocrx_word' id='word_1_423' title='bbox 1148 4557 1203 4607; x_wconf 74' lang='lat'><strong>726.</strong></span> 
     </span>
     <span class='ocr_line' id='line_1_44' title="bbox 242 4630 1574 4700; baseline -0.005 -15"><span class='ocrx_word' id='word_1_424' title='bbox 242 4634 408 4698; x_wconf 72' lang='lat' dir='ltr'>Paridemque</span> <span class='ocrx_word' id='word_1_425' title='bbox 423 4637 454 4687; x_wconf 81' lang='lat' dir='ltr'>in</span> <span class='ocrx_word' id='word_1_426' title='bbox 470 4649 555 4700; x_wconf 84' lang='lat' dir='ltr'>repna</span> <span class='ocrx_word' id='word_1_427' title='bbox 570 4634 664 4685; x_wconf 82' lang='lat' dir='ltr'>vocari</span> <span class='ocrx_word' id='word_1_428' title='bbox 908 4635 1029 4697; x_wconf 80' lang='lat' dir='ltr'>Spiritus</span> <span class='ocrx_word' id='word_1_429' title='bbox 1042 4635 1117 4683; x_wconf 75' lang='lat' dir='ltr'>intus</span> <span class='ocrx_word' id='word_1_430' title='bbox 1128 4632 1188 4695; x_wconf 85' lang='lat' dir='ltr'>ulit,</span> <span class='ocrx_word' id='word_1_431' title='bbox 1201 4635 1341 4695; x_wconf 79' lang='lat' dir='ltr'>totumque</span> <span class='ocrx_word' id='word_1_432' title='bbox 1352 4632 1451 4696; x_wconf 70' lang='lat' dir='ltr'>infusa</span> <span class='ocrx_word' id='word_1_433' title='bbox 1462 4644 1506 4696; x_wconf 83' lang='lat' dir='ltr'>per</span> <span class='ocrx_word' id='word_1_434' title='bbox 1517 4630 1574 4678; x_wconf 77' lang='lat' dir='ltr'>arcu</span> 
     </span>
     <span class='ocr_line' id='line_1_45' title="bbox 134 4696 1589 4776; baseline -0.003 -17"><span class='ocrx_word' id='word_1_435' title='bbox 134 4710 273 4774; x_wconf 79' lang='lat' dir='ltr'>Auspiciis</span> <span class='ocrx_word' id='word_1_436' title='bbox 284 4710 346 4761; x_wconf 85' lang='lat' dir='ltr'>hinc</span> <span class='ocrx_word' id='word_1_437' title='bbox 356 4713 512 4776; x_wconf 76' lang='lat' dir='ltr'>progeniem</span> <span class='ocrx_word' id='word_1_438' title='bbox 523 4713 622 4762; x_wconf 80' lang='lat' dir='ltr'>uirtute</span> <span class='ocrx_word' id='word_1_439' title='bbox 633 4711 755 4774; x_wconf 73' lang='lat' dir='ltr'>suturam</span> <span class='ocrx_word' id='word_1_440' title='bbox 908 4710 986 4762; x_wconf 82' lang='lat' dir='ltr'>Mena</span> <span class='ocrx_word' id='word_1_441' title='bbox 997 4709 1086 4773; x_wconf 82' lang='lat' dir='ltr'>opilat</span> <span class='ocrx_word' id='word_1_442' title='bbox 1095 4708 1200 4770; x_wconf 81' lang='lat' dir='ltr'>molem,</span> <span class='ocrx_word' id='word_1_443' title='bbox 1208 4714 1234 4757; x_wconf 85' lang='lat' dir='ltr'>ct</span> <span class='ocrx_word' id='word_1_444' title='bbox 1242 4720 1346 4770; x_wconf 72' lang='lat' dir='ltr'>mopso</span> <span class='ocrx_word' id='word_1_445' title='bbox 1359 4723 1388 4759; x_wconf 79' lang='lat' dir='ltr'>re</span> <span class='ocrx_word' id='word_1_446' title='bbox 1401 4719 1507 4772; x_wconf 79' lang='lat' dir='ltr'>corpore</span> <span class='ocrx_word' id='word_1_447' title='bbox 1516 4696 1589 4752; x_wconf 65' lang='lat' dir='ltr'>erim.</span> 
     </span>
    </p>
   </div>
   <div class='ocr_carea' id='block_1_10' title="bbox 26 4783 1241 4852">
    <p class='ocr_par' dir='ltr' id='par_1_16' title="bbox 26 4783 1241 4852">
     <span class='ocr_line' id='line_1_46' title="bbox 26 4783 1241 4852; baseline -0.001 -19"><span class='ocrx_word' id='word_1_448' title='bbox 26 4844 34 4852; x_wconf 43' lang='lat'>‚</span> <span class='ocrx_word' id='word_1_449' title='bbox 135 4784 600 4851; x_wconf 77' lang='lat' dir='ltr'>Eprepiom,cttotumquueoirihur</span> <span class='ocrx_word' id='word_1_450' title='bbox 612 4793 722 4852; x_wconf 82' lang='lat' dir='ltr'>occupet</span> <span class='ocrx_word' id='word_1_451' title='bbox 732 4784 830 4837; x_wconf 79' lang='lat' dir='ltr'>orbem.</span> <span class='ocrx_word' id='word_1_452' title='bbox 878 4783 908 4835; x_wconf 78' lang='lat' dir='ltr'>la</span> <span class='ocrx_word' id='word_1_453' title='bbox 924 4785 1031 4834; x_wconf 76' lang='lat' dir='ltr'>aeneid.</span> <span class='ocrx_word' id='word_1_454' title='bbox 1049 4786 1078 4834; x_wconf 88' lang='lat' dir='ltr'>v.</span> <span class='ocrx_word' id='word_1_455' title='bbox 1095 4795 1121 4840; x_wconf 79' lang='lat' dir='ltr'>r,</span> <span class='ocrx_word' id='word_1_456' title='bbox 1137 4784 1193 4833; x_wconf 84' lang='lat'><strong>770.</strong></span> <span class='ocrx_word' id='word_1_457' title='bbox 1239 4799 1241 4802; x_wconf 94' lang='lat'>·</span> 
     </span>
    </p>
   </div>
   <div class='ocr_carea' id='block_1_11' title="bbox 104 4856 1500 4922">
    <p class='ocr_par' dir='ltr' id='par_1_17' title="bbox 104 4856 1500 4922">
     <span class='ocr_line' id='line_1_47' title="bbox 104 4856 1500 4922; baseline -0.004 -14"><span class='ocrx_word' id='word_1_458' title='bbox 104 4856 120 4908; x_wconf 77' lang='lat' dir='ltr'>b</span> <span class='ocrx_word' id='word_1_459' title='bbox 136 4864 238 4915; x_wconf 74' lang='lat' dir='ltr'>aeneid.</span> <span class='ocrx_word' id='word_1_460' title='bbox 254 4866 307 4916; x_wconf 81' lang='lat' dir='ltr'>vll.</span> <span class='ocrx_word' id='word_1_461' title='bbox 323 4876 348 4916; x_wconf 81' lang='lat' dir='ltr'>r.</span> <span class='ocrx_word' id='word_1_462' title='bbox 364 4863 405 4914; x_wconf 74' lang='lat' dir='ltr'>ab.</span> <span class='ocrx_word' id='word_1_463' title='bbox 907 4860 1065 4922; x_wconf 74' lang='lat' dir='ltr'>Excipitur</span> <span class='ocrx_word' id='word_1_464' title='bbox 1078 4859 1165 4922; x_wconf 74' lang='lat' dir='ltr'>sessor</span> <span class='ocrx_word' id='word_1_465' title='bbox 1177 4858 1258 4909; x_wconf 80' lang='lat' dir='ltr'>dictis</span> <span class='ocrx_word' id='word_1_466' title='bbox 1272 4858 1385 4911; x_wconf 73' lang='lat' dir='ltr'>solatur</span> <span class='ocrx_word' id='word_1_467' title='bbox 1396 4857 1500 4909; x_wconf 79' lang='lat' dir='ltr'>amicir.</span> 
     </span>
    </p>
   </div>
   <div class='ocr_carea' id='block_1_12' title="bbox 0 0 1703 5362">
    <p class='ocr_par' dir='ltr' id='par_1_18' title="bbox 0 0 1703 5362">
     <span class='ocr_line' id='line_1_48' title="bbox 0 0 1703 5362; baseline 0 0"><span class='ocrx_word' id='word_1_468' title='bbox 0 0 1703 5362; x_wconf 95' lang='lat' dir='ltr'> </span> 
     </span>
    </p>
   </div>
  </div>
 </body>
</html>
