3368 5362
156 193 218 256 268
799 189 1014 250 Partitis

160 300 289 362 diaecesi
317 295 515 368 Pictavionsi,
544 297 621 355 circa
644 294 766 358 Annum
791 296 879 358 4400.
934 295 1056 368 viancii,
1076 293 1233 375 Episcopi,
1251 291 1331 352 clari
1347 295 1514 374 scriptores
1527 303 1592 354 sant
1607 297 1642 375 4-

158 401 264 456 444444
280 391 386 470 Operis
402 389 439 448 dc
459 389 552 465 prima
570 388 760 468 expeditione
779 392 879 451 444444-
935 391 997 464 cti,·
1019 390 1091 450 Item
1104 387 1140 448 de
1158 384 1580 468 tmperamriamfaepitas,
1596 389 1640 447 04·

159 488 358 564 solyniitana,
376 473 422 541 cui
442 483 505 559 ipsa
520 497 666 558 praesens
684 484 819 544 interfuit
840 483 877 541 ab
936 482 1021 545 cibas
1039 488 1068 543 et
1089 478 1302 561 Principibus,
1319 478 1490 542 Comitibms
1510 486 1539 540 et
1555 479 1644 543 Nobili-

156 580 191 641 A.
215 575 355 640 raanan
381 574 469 633 4090.
489 575 658 652 praecipui:
689 592 726 635 ex
748 592 809 653 quo
829 593 880 633 44-
936 576 1012 651 bes,
1034 575 1088 656 qai
1117 573 1303 634 benedictini
1328 579 1402 634 sant
1420 572 1518 654 saon,
1542 574 1643 634 ilemde

157 672 250 749 carpti
273 670 338 728 siva
367 666 532 727 abbreviati
551 676 624 727 sunt
646 668 713 727 lihri
735 664 782 728 Vi.
805 685 881 744 quas
936 668 1103 732 elbbatibus
1123 668 1213 747 bajas
1235 665 1351 728 ordinis
1373 672 1403 729 et
1423 667 1575 728 Menochia
1590 684 1642 731 sot·

41 841 43 843 ,
157 764 239 825 44144
271 761 401 841 praelixa
434 761 588 837 scriptoris
610 763 730 820 nomine
751 765 881 840 Bongar·
936 766 1058 838 ctis,et
1074 763 1200 840 denique
1217 759 1253 821 de
1271 758 1526 841 imperatricibus
1542 761 1645 838 sthep-

156 858 220 917 sius
242 855 384 916 4444444444
406 853 518 914 ducere
532 854 625 930 jussit
647 857 675 913 in
699 857 794 933 gestis
816 855 879 916 DE!
937 857 1004 930 ns‘s,
1022 872 1100 936 quoe
1118 851 1298 914 Abbatissoe
1319 860 1351 915 ct
1365 850 1533 913 nmmocbae
1552 870 1591 914 cc
1607 853 1645 912 444

155 966 208 1028 per
222 949 370 1019 Francos,
386 955 457 1006 tam.
477 949 503 1006 4.
522 962 588 1024 pag.
609 949 689 1008 449.
710 948 881 1025 praeterin-
938 950 1043 1012 ordine
1061 947 1198 1028 sacrant.
1220 949 1261 1030 04
1279 945 1445 1009 4044444Ιὸ
1468 944 1647 1008 Gricslrercni

157 1049 205 1102 tas
227 1041 371 1101 titulum:
389 1039 480 1099 Gesta
503 1039 689 1101 Francorum
711 1041 881 1103 etaliornm
937 1042 1071 1106 idonachi
1090 1043 1315 1102 continuatione
1336 1039 1409 1100 vide
1433 1039 1646 1100 Lambeoiunt

26 1188 27 1193 ,
156 1132 506 1212 Hierosolymitanormm.
527 1134 613 1210 Opus
644 1136 744 1212 ipsum
775 1134 882 1194 distin·
938 1139 966 1198 2.
983 1154 1048 1215 pag.
1065 1135 1192 1197 933444
1210 1135 1299 1194 simili
1314 1149 1408 1212 opera
1424 1133 1589 1194 ANDREAE
1602 1134 1645 1193 44

156 1237 239 1289 ctam
263 1230 291 1287 in
310 1227 402 1286 libros
422 1227 457 1285 V.
478 1232 570 1302 atque
585 1227 763 1304 inscriptum
779 1246 785 1286 :
804 1229 881 1286 Petri
939 1229 1027 1292 naohi
1046 1231 1076 1290 S.
1094 1226 1250 1290 Michaelis
1262 1227 1522 1306 Bamhergensis,
1538 1243 1616 1304 supra
1630 1235 1645 1283 4.

158 1320 313 1383 Tudahodi
336 1317 472 1378 Historia
493 1317 529 1377 de
547 1317 815 1399 hierosolymitano
838 1319 884 1378 iti·
939 1327 967 1384 4.
997 1339 1064 1400 pag.
1097 1324 1145 1382 90.
1178 1320 1315 1382 Oudinus
1337 1327 1413 1380 tam.
1436 1322 1466 1381 3.
1487 1335 1552 1399 pag.
1577 1320 1646 1380 atti.

156 1431 246 1488 nere,
260 1417 305 1473 ’44
328 1411 436 1474 Codice
455 1404 609 1472 44444444.
624 1414 749 1472 4444444
772 1414 881 1491 Bady,
939 1417 1013 1476 4444
1031 1416 1166 1475 Sanctor.
1188 1420 1209 1473 t.
1230 1416 1256 1474 4.
1274 1413 1356 1473 44444
1375 1429 1405 1491 p.
1424 1410 1496 1472 348.
1514 1400 1580 1474 333·
1597 1428 1644 1487 seq.

159 1510 307 1580 Pictanis,
331 1505 440 1585 prodiit
458 1507 486 1563 in
505 1513 586 1565 tomo
604 1506 654 1568 tv.
672 1508 820 1567 Francisci
843 1506 884 1566 du
982 1508 1127 1569 sarnus
1142 1503 1323 1567 Venerabilis
1336 1552 1345 1579 ,
1358 1518 1455 1583 supra
1469 1505 1572 1565 rena
1585 1505 1645 1565 Con·

157 1600 277 1662 6444444
299 1599 336 1659 de
352 1600 641 1660 rehusFranoarum
659 1617 725 1678 pag.
741 1600 883 1661 777-845.
939 1606 1007 1674 444,
1029 1607 1061 1660 44
1083 1600 1191 1659 Petrus
1213 1595 1393 1659 tilaaritims.
1652 1634 1653 1638 =

159 1694 236 1755 Cum
266 1693 373 1753 eadem
403 1692 585 1753 conterenda
614 1692 749 1754 llistorm
774 1692 811 1753 do
833 1693 885 1754 oia
941 1728 944 1733 ·
980 1692 1128 1754 astaus
1158 1690 1194 1750 de
1232 1688 1383 1751 Vercellis.
1415 1691 1536 1770 Supra,
1564 1692 1647 1749 renas

159 1785 383 1866 Hierosolymis,
405 1803 495 1864 quam
524 1788 587 1846 sine
612 1789 732 1847 nomine
754 1789 886 1847 auctoris
942 1783 1112 1847 liddensis.

161 1882 299 1961 vulgavit
319 1880 511 1939 Mabiilanius
527 1886 600 1937 tam.
623 1882 648 1939 4.
669 1882 765 1940 musei
789 1880 886 1940 4444444
982 1878 1128 1939 PETRUS
1141 1875 1180 1936 de
1200 1874 1360 1938 Versailles
1375 1876 1545 1938 Monachus
1554 1876 1585 1936 8.
1598 1877 1647 1934 iiio

156 1993 185 2054 p.
208 1975 348 2036 tat-236.
368 1972 451 2032 hdde
470 1971 615 2032 Sandium
634 1971 671 2032 ad
690 1973 785 2031 Vossti
805 1974 890 2051 pagi·
945 1972 1023 2049 nysii
1043 1978 1074 2031 44
1094 1972 1123 2030 44
1146 1985 1230 2030 sacra
1253 1971 1361 2048 pagina
1384 1970 1562 2046 Professor,
1580 1967 1647 2043 cajus

158 2085 227 2127 narn
246 2064 314 2126 774.
334 2064 476 2124 iacobum
498 2066 631 2143 Longum
653 2067 681 2122 in
699 2065 774 2125 Bibl.
797 2065 891 2126 histo·
944 2061 1080 2144 Epistola
1096 2062 1133 2122 de
1150 2062 1374 2124 calamitatibus
1392 2064 1540 2124 Francius
1554 2077 1648 2122 444444-

157 2161 287 2219 neotum
313 2155 426 2217 Galliae
454 2174 536 2217 num.
564 2155 654 2218 6947.
680 2174 743 2236 seq.
777 2158 823 2218 W.
852 2161 886 2221 Ε.
942 2154 1648 2239 quemmediisadloannomtauvenel,chn

157 2252 345 2314 'lentzelium
365 2253 393 2309 in
412 2249 537 2328 dialogis
556 2252 720 2312 menstruis
739 2266 888 2313 44444444-
941 2251 1115 2312 stianissirni
1150 2249 1239 2326 Regis
1272 2250 1461 2310 Francorum
1492 2257 1525 2310 44
1554 2249 1648 2310 hauhi

157 2344 194 2406 iis
210 2342 250 2406 Ἀ.
273 2345 359 2405 iasa.
383 2361 446 2423 pag.
463 2343 531 2404 346.
553 2342 666 2423 Caspar
688 2345 831 2405 Barthius
849 2347 878 2403 in
935 2344 1075 2424 llelphini
1098 2341 1310 2402 consiliarium
1329 2343 1447 2421 prodiit
1462 2345 1499 2413 ⁴in
1521 2339 1647 2405 Edmandi

156 2440 235 2498 natis
268 2437 304 2499 ad
326 2435 487 2502 editionem
511 2435 602 2514 huius
623 2439 778 2516 scriptoris
803 2440 880 2498 Bon·
932 2443 1065 2502 44444444
1077 2444 1098 2497 t.
1113 2433 1368 2496 impectoratum
1380 2453 1410 2515 p.
1424 2434 1604 2499 trsattst.

155 2533 345 2611 gassianum,
369 2533 397 2590 in
416 2531 459 2590 lo.
481 2527 560 2590 Petri
581 2530 725 2609 Ludewig
743 2532 879 2608 reliquiis
976 2527 1160 2592 Parnaso
1181 2523 1390 2589 Vallibassive
1403 2528 1647 2603 flammantes

138 2626 264 2685 'omnis
285 2625 351 2684 aevi
373 2631 446 2683 tom.
468 2624 496 2682 3.
519 2640 584 2700 pag.
605 2623 655 2683 at.
682 2631 771 2684 vocat
799 2622 881 2684 Scri-
935 2625 1034 2685 sarius
1062 2622 1097 2680 a.
1119 2618 1239 2682 Coleme
1259 2620 1490 2684 ttelormstriais
1509 2620 1648 2684 OrdinS.

150 2721 267 2798 pteram
285 2713 468 2791 barbarum,
485 2714 538 2774 sed
564 2713 750 2786 veridicam,
768 2720 893 2776 tantae·
935 2711 1187 2778 ClaraeGandavi
1206 2714 1236 2772 in
1249 2713 1390 2801 Flandris
1406 2715 1444 2776 44.
1463 2715 1552 2778 titt.
1563 2715 1647 2776 delun

154 2826 212 2888 qne
232 2807 464 2881 aestimationis,
486 2813 521 2868 ut
535 2824 577 2868 aa
600 2805 685 2868 brevi
703 2808 770 2887 ejas
792 2810 879 2871 Com·
935 2817 1018 2883 ctae,
1039 2805 1135 2868 Vitam
1152 2803 1220 2882 ejus
1237 2810 1296 2890 n'ou
1327 2809 1437 2868 iatine
1466 2810 1588 2888 scripsit
1607 2803 1648 2866 sel

155 2899 333 2961 memoriola
355 2902 385 2960 l..
408 2899 525 2980 aliquot
541 2905 695 2979 sepientes
715 2899 881 2981 scriptores
935 2900 1066 2975 Gallico,
1086 2897 1165 2958 unde
1184 2900 1289 2958 4444444
1307 2897 1648 2983 remiaStcplmrilala

155 2993 320 3054 maltorum
352 2991 512 3052 Librorum
540 2993 648 3053 seriem
676 2992 880 3055 deducamini:
935 2993 965 3055 ci
979 2993 1116 3055 Dacians
1133 2991 1288 3052 sarbonici
1302 2990 1376 3052 Ord.
1404 2995 1560 3055 Francissi
1585 2991 1647 3052 edita

158 3087 282 3146 Tantam
298 3101 362 3145 rem
383 3085 540 3158 uidelicet,
555 3091 590 3147 at
610 3091 716 3166 captas
737 3093 823 3162 erat,
846 3088 878 3147 in
936 3088 965 3146 in
989 3086 1073 3148 dctis
1093 3085 1235 3146 8444444.
1250 3086 1304 3144 44
1327 3083 1648 3166 stantiaptssstt.

156 3177 318 3261 lepitimam
339 3177 497 3239 historiam
515 3178 683 3239 redaolmri.
937 3168 1242 3239 similiterPETRlNA
1250 3175 1401 3239 denatae
1409 3178 1645 3260 tlidpsatats.

196 3270 882 3335 444Το4454144444944444444444444144444444.
977 3272 1124 3332 PETilUS
1140 3269 1176 3330 de
1192 3267 1315 3331 liboldis
1325 3294 1346 3345 ,³
1359 3273 1551 3348 Perusinus,
1574 3261 1648 3334 iam

157 3367 254 3447 Supra
273 3365 385 3427 Petras
402 3366 573 3428 sarnensis.
936 3365 1019 3426 Baldi
1037 3364 1167 3425 celebris
1180 3364 1420 3444 iurisconsulti,
1438 3368 1492 3446 qui
1509 3367 1566 3430 444.
1577 3365 1646 3429 stoa.

196 3460 341 3521 PEFRUS
367 3458 456 3519 Vallis
488 3458 605 3536 atridis,
638 3462 735 3539 Sapra
769 3460 882 3521 Petras
936 3459 1033 3519 'licini
1050 3457 1139 3531 obiit,
1154 3456 1222 3516 aliis
1240 3463 1274 3516 ut
1290 3457 1308 3516 a
1326 3458 1446 3537 Gaugia
1463 3456 1644 3522 4444444444·

160 3552 300 3615 Ρ4444444.
937 3557 1002 3624 tar,
1020 3551 1057 3611 ub
1074 3549 1160 3622 aliis,
1179 3564 1257 3626 quas
1272 3556 1304 3608 et
1326 3551 1391 3628 ipse
1408 3565 1482 3614 444444
1499 3540 1608 3614 tansi.
1625 3567 1644 3627 4

195 3644 340 3707 PETllUS
356 3645 520 3706 Monachus
538 3646 568 3706 S.
590 3643 725 3706 Udalrici
739 3651 768 3707 et
787 3644 883 3726 Afrae
937 3645 1005 3705 455.
1020 3649 1164 3716 secutus,
1183 3641 1295 3702 Baldus
1312 3643 1379 3721 ipsa
1391 3647 1475 3706 Petri
1487 3649 1645 3725 444444144-

154 3740 308 3817 Augustae
330 3737 445 3798 Vindel.
467 3740 546 3798 44444
568 3736 602 3797 Α.
623 3739 710 3799 4460.
732 3737 769 3798 ad
794 3741 882 3800 4490.
937 3737 1069 3810 nomine,
1087 3742 1121 3796 ut
1135 3736 1225 3794 etiam
1239 3735 1318 3814 apud
1331 3736 1500 3800 Claudium
1511 3741 1643 3802 Sincerm

155 3833 283 3908 scriptor
295 3829 438 3891 bistonios
450 3830 572 3893 Ordinis
590 3830 807 3903 saepedicti,
825 3835 885 3895 hla-
939 3837 1010 3889 tam.
1029 3830 1046 3888 3
1065 3827 1123 3886 vn.
1137 3828 1282 3889 ictorum
1299 3845 1326 3906 p.
1345 3831 1417 3897 tit.
1436 3832 1518 3894 Aliis
1534 3831 1642 3896 uttan·

154 3926 326 4001 nuscriptae
359 3925 388 3982 in
410 3926 549 3986 biblioth.
572 3927 695 3987 Paulina
724 3927 882 4004 Lipsiensi.
939 3924 971 3982 ni
985 3920 1129 3981 Ficharda
1147 3923 1234 3981 Pater
1251 3921 1359 3994 Baldi,
1383 3921 1640 3988 austrasianis

153 4015 272 4074 Titulus
292 4015 370 4092 apud
392 4019 424 4076 B.
447 4020 594 4081 Fallerum
613 4037 678 4098 pag.
701 4020 771 4080 344.
789 4023 829 4079 itu
849 4037 882 4080 se
941 4014 1078 4087 Ubaidis,
1095 4012 1201 4072 nobilis
1217 4016 1402 4092 Perusinus,
1418 4020 1541 4092 Artium
1557 4019 1638 4080 sill*

154 4102 244 4163 habet
258 4123 265 4162 :
280 4105 401 4166 Fratris
416 4111 503 4169 Petri·
513 4111 671 4191 cujusdam
685 4108 760 4172 liber
773 4109 886 4172 tonan
938 4108 1053 4170 diuinae
1068 4107 1187 4179 Doctor,
1203 4115 1288 4183 pater
1302 4110 1395 4170 trium
1412 4111 1556 4188 filiarum,
1568 4107 1635 4181 444444

153 4194 280 4257 iohanni
304 4197 331 4269 a)
353 4198 514 4278 inscriptus
535 4204 572 4264 de
594 4204 751 4269 enlinibas
773 4204 880 4267 Mona·
936 4202 1042 4280 Angeli
1065 4208 1096 4259 et
1117 4200 1205 4259 Petri.
1226 4200 1273 4260 Ab
1293 4203 1362 4265 aliis
1383 4212 1419 4265 44
1433 4207 1452 4266 a
1465 4209 1531 4269 Nic.
1541 4208 1633 4269 illem

153 4287 277 4349 claram
293 4287 321 4362 h)
340 4293 369 4348 et
388 4293 539 4369 speciatim
561 4297 596 4357 de
616 4299 720 4360 ordine
738 4301 768 4361 S.
788 4301 880 4360 Bene·
933 4294 1135 4371 Gundlingio,
1158 4295 1208 4370 qui
1231 4293 1268 4354 da
1289 4295 1383 4357 Baldo
1415 4299 1573 4379 diligenter
1592 4297 1632 4357 dis

152 4380 227 4442 dicti
239 4425 246 4454 ,
264 4384 295 4440 et
312 4377 348 4439 dc
369 4378 428 4442 illis
450 4386 505 4463 qai
523 4405 566 4448 ene
586 4389 639 4450 trac
655 4391 758 4452 ordine
780 4392 879 4452 Ponti·
934 4389 1007 4447 44444
1029 4393 1101 4446 tom.
1119 4386 1149 4445 4.
1166 4386 1271 4446 histor.
1287 4389 1470 4454 eruditionis
1487 4412 1553 4474 pag.
1567 4390 1628 4454 4444.

148 4474 238 4554 tices,
256 4475 426 4564 Martyres,
451 4479 650 4543 Patrtareiee
672 4488 702 4543 et
721 4484 878 4562 444444444-
932 4496 995 4557 seq.
1019 4486 1134 4558 patrem
1156 4481 1222 4540 eius
1243 4482 1424 4559 Francisum
1447 4488 1586 4551 [ibaldum
1600 4484 1628 4540 t'r

151 4565 251 4646 scopi,
285 4564 481 4646 cardinales,
510 4573 615 4650 tepaii
631 4575 695 4636 siae
715 4577 879 4656 apostotici
930 4573 986 4634 deo
1008 4573 1195 4652 nuncupari:
1220 4590 1318 4651 neque
1341 4575 1438 4640 habea
1459 4584 1565 4661 quiam
1579 4580 1625 4640 4444

193 4790 219 4851 4)
242 4793 345 4842 loanni
362 4795 394 4843 de
411 4795 559 4859 Gltrtnpen,
571 4799 660 4850 abbati
679 4804 702 4852 s.
719 4802 828 4853 adalrici
846 4804 878 4852 ab
968 4799 996 4860 s)
1012 4800 1078 4847 Petri
1096 4797 1256 4848 benedictini
1267 4804 1383 4854 4444444444
1397 4807 1550 4857 Historiam
1558 4802 1622 4853 44444υ

148 4865 176 4910 t.
194 4863 263 4918 4404.
281 4869 343 4918 vide
360 4869 486 4920 oudinum
504 4877 566 4922 tom.
583 4874 607 4924 5.
625 4887 682 4937 pag.
699 4873 772 4926 4740.
927 4875 1026 4925 sticum
1042 4878 1117 4924 vocat
1139 4875 1276 4937 verriusp.
1292 4877 1347 4928 biiii.
