3630 5422
519 224 546 284 J.
583 221 763 296 ANTIO.
803 223 1120 286 Ertsrotnta

82 328 262 390 maritimam
298 333 468 392 civitatem:
500 333 551 394 sed
585 351 690 394 omnes
722 339 798 397 inter

82 424 217 500 illyricas
243 431 330 497 terra,
363 432 498 505 marique
517 431 684 507 primarias,
706 419 796 492 unam

81 519 161 577 iuter
182 521 288 597 quinas
319 521 503 597 Epidaurum
536 523 717 602 descriptam
750 545 797 587 co-

80 615 244 688 gnovimus
278 614 438 674 habentem
475 617 511 676 ab
546 617 707 678 Occidente
747 639 798 697 per

82 706 297 782 longitudinem
313 708 423 780 gradtts
435 711 534 769 xttv.
550 703 595 784 Ἄ,
609 711 795 773 latitudinem

82 799 160 858 Vero
178 799 215 858 ab
232 799 454 878 AEquinoctiali
475 805 502 861 in
534 805 657 864 Arctum
688 806 798 882 gradus

86 892 195 962 xta„
214 899 244 950 et
260 895 376 952 tertiam
396 895 506 968 gradus
524 905 647 972 partem,
661 917 749 976 quam
769 907 799 959 et

85 985 213 1045 ulnneus
228 988 291 1063 ipsc
311 989 448 1049 Lucanus
465 991 563 1049 civilia
578 992 737 1053 interbella
752 1011 800 1053 cc·

87 1081 211 1139 sitierat.

108 1171 211 1254 Illyris
222 1173 325 1235 ronias
336 1191 461 1254 cernens
474 1176 643 1256 Epidaurus
655 1178 683 1238 iu
694 1179 800 1243 aridos.

127 1268 223 1339 Quam
261 1266 381 1329 demum
422 1273 657 1331 vetustissimam
691 1276 800 1335 Civita-

87 1367 159 1430 tem,
187 1376 203 1419 a
232 1364 358 1438 posteris
380 1359 460 1441 ‘apud
488 1365 641 1425 llbisinum
658 1367 798 1444 oppidum

90 1451 302 1514 duodenariam
325 1457 435 1533 gradus
455 1466 568 1536 partem
592 1461 798 1523 australiorrnt

89 1553 257 1609 vestratum
275 1549 303 1605 in
322 1549 473 1610 Coloniam
494 1551 665 1620 deductam,
683 1555 801 1632 llbagu-

87 1640 165 1700 sium
182 1650 384 1717 nuncupatam
409 1646 608 1723 percepimus.
634 1647 716 1718 Quae
734 1649 800 1727 qui-

87 1731 156 1792 dem
180 1732 360 1796 nobilissima
383 1739 454 1798 urbs
475 1756 580 1817 magna
610 1757 732 1800 suorum
756 1741 802 1801 Ci-

88 1828 171 1887 vium
191 1827 345 1904 probitate,
373 1832 503 1905 solrrtia,
534 1851 614 1906 cura,
646 1834 801 1909 industria,

87 1928 119 1980 et
132 1923 248 1997 egregia
266 1939 334 1984 oum
353 1926 461 1985 virtute
481 1929 508 1986 in
528 1927 591 1987 dies
607 1928 730 1988 mirifice
748 1946 801 1989 au-

87 2020 145 2088 cta,
165 2031 221 2075 una
240 2032 345 2076 omnes
368 2019 445 2077 inter
468 2021 610 2096 illyricas,
639 2023 803 2098 praeclara,

91 2114 122 2166 et
139 2109 304 2184 politiorum
322 2114 443 2188 optima,
463 2113 614 2188 nobilium,
634 2120 664 2172 et
676 2117 801 2191 optimo-

93 2218 159 2260 rum
173 2201 323 2262 bumnium
337 2211 486 2281 potestate
500 2209 680 2284 municipali,
698 2216 727 2267 ct
740 2207 804 2268 Ari·

90 2297 246 2355 stocratica
270 2295 405 2358 libertate
440 2301 534 2360 lloret.
568 2301 708 2380 Reliquae
732 2320 802 2361 vero

90 2395 144 2448 aut
165 2390 312 2465 collapsae
335 2394 461 2467 penitus,
485 2400 516 2451 et
532 2396 652 2452 omnino
677 2394 803 2468 deletae,

94 2489 147 2543 aut
176 2484 298 2561 llegum,
332 2487 581 2546 Potentotuumra
604 2487 723 2563 ditione,
750 2496 802 2548 arrt

90 2579 268 2655 Tyrannica,
289 2585 319 2637 rt
337 2579 487 2639 barbarica
508 2580 642 2639 inritatae
659 2581 800 2641 subactae

90 2680 172 2734 suot.
190 2675 253 2745 Qua
272 2674 391 2750 quidem
412 2676 439 2732 in
454 2691 485 2733 ra
504 2681 602 2734 nostra
620 2692 688 2735 cum
709 2676 804 2738 noco-

93 2783 130 2826 nc
145 2767 259 2828 tamdiu
277 2768 425 2828 liberrima
444 2768 582 2842 civitate,
601 2775 661 2829 taor
683 2768 801 2847 dignam

93 2861 202 2922 habore
214 2862 461 2932 conformitatem,
477 2864 681 2940 optimamque
697 2870 805 2943 parita-

92 2966 164 3028 tem,
179 2957 563 3029 luculentissimedidicisti,
575 2967 706 3036 optume,
722 2979 804 3037 prae-

94 3052 323 3128 clarissimaque
348 3051 470 3111 llarioe.
500 3052 574 3110 lnite
605 3055 694 3129 igitur
721 3053 807 3114 bonis

92 3147 201 3209 aribus
216 3153 276 3205 tam
297 3144 408 3204 decens
426 3146 573 3218 idoneum,
596 3155 626 3205 rt
649 3147 806 3208 honestum

92 3240 236 3300 nobilium
259 3239 433 3312 Civitatem,
455 3247 485 3298 et
506 3243 640 3317 gentium
658 3249 809 3302 utrarum-

91 3351 152 3412 que
169 3335 372 3400 felicissimum
389 3332 503 3393 laedas.

132 3426 177 3488 Ad
197 3427 302 3488 lduum
325 3428 402 3486 lunii
426 3427 569 3499 faustum,
589 3427 809 3488 felicissimum-

93 3539 153 3600 que
170 3520 259 3592 diem,
281 3521 335 3581 hoc
357 3523 434 3579 inter
455 3521 666 3596 Anconitaoos,
685 3530 714 3580 et
733 3521 807 3581 llba·

92 3631 222 3694 gusaeos
253 3630 362 3673 novum
395 3614 480 3675 ledus
512 3617 627 3686 initum,
661 3621 808 3694 vetusque

93 3712 246 3773 firmatum
268 3715 335 3769 est:
361 3711 469 3768 llarioo
500 3711 588 3769 llesto
621 3712 809 3788 ligagusaeo-

94 3823 163 3868 rum
178 3805 300 3866 Oratore
322 3805 390 3864 Viro
405 3805 448 3865 Cl.
467 3821 588 3865 suorum
612 3807 640 3863 in
658 3805 712 3864 bac
727 3813 810 3880 parte

95 3905 213 3975 legato,
235 3907 265 3958 et
288 3900 375 3960 l’aulo
399 3897 550 3976 Polydoro,
573 3897 690 3959 Nicolao
711 3901 807 3959 Bona-

93 3996 177 4072 rello,
201 4001 231 4053 et
252 3995 378 4072 llyriaco
394 3993 565 4053 l'icenicolle
585 3991 808 4068 regulatoribus,

93 4110 149 4153 nec
169 4107 226 4150 noo
249 4105 350 4148 eorum
369 4087 405 4146 de
424 4087 550 4163 Collegis
567 4087 713 4146 Piliaresio
732 4088 810 4146 Pisa-

95 4185 184 4252 nello,
202 4182 351 4259 Stephano
373 4183 485 4252 Fatato,
508 4187 538 4240 ct
559 4179 687 4239 Atitonio
705 4181 808 4240 llertu-

92 4281 139 4340 cio
179 4275 226 4337 Vl.
259 4277 317 4336 Vir.
352 4275 601 4335 Anconitanorum
633 4275 808 4334 auctoritate

95 4375 227 4434 Seruatus
248 4371 376 4450 egregiis
397 4369 521 4447 hujusce
539 4368 579 4425 rei
596 4367 807 4442 Comntisnriis,

95 4466 131 4528 ad
161 4467 293 4527 futurum
329 4479 423 4542 nsque
456 4462 632 4539 vigesimum
666 4463 809 4538 temporis

95 4576 208 4621 annum
224 4558 409 4618 duraturum.
425 4558 456 4616 ln
476 4571 534 4632 quo
553 4553 623 4612 baec
643 4553 712 4626 irre,
725 4569 810 4613 sunt-

96 4655 261 4730 matimqua
282 4651 495 4730 comprehensa
517 4655 596 4708 suot.
651 4695 654 4701 a
767 4709 772 4717 ,

1509 229 1568 290 613

1145 333 1271 394 Scrrrclic.

892 523 962 595 l‘ax,
983 520 1120 593 anricitia,
1142 526 1171 580 et
1193 519 1397 582 beneuolentia
1421 529 1485 584 esto
1520 543 1569 604 po-

853 613 921 692 pulo
943 614 1145 687 Anconitaoc,⁸
1159 615 1316 692 sociisque.
1343 615 1416 675 ltem
1449 618 1568 698 llhagu-

853 709 939 780 saeis,
962 709 1109 786 sociisque
1132 710 1213 768 suis:
1238 709 1372 786 itemquo
1395 714 1566 786 peremnia

852 801 1093 874 llbagusaeorum
1108 803 1206 873 maria,
1221 811 1332 879 portus,
1350 808 1380 860 et
1397 803 1493 864 littora
1508 806 1570 865 Aa·

852 896 1006 966 conitanis,
1026 897 1172 972 sociisque
1192 903 1375 957 mercaturae
1393 899 1496 974 gratia,
1517 897 1568 959 ho·

855 990 987 1047 nestisve
1003 987 1039 1046 da
1056 991 1154 1048 causis
1172 991 1310 1064 navigera
1333 988 1431 1064 licere,
1453 1007 1571 1053 eorum·

854 1099 911 1159 que
934 1083 1049 1158 navigia
1062 1083 1125 1140 suis
1138 1084 1165 1140 in
1178 1081 1346 1161 quibusque
1359 1083 1430 1144 locis
1445 1084 1567 1162 impune

855 1183 1056 1253 pernoctante,
1089 1192 1165 1254 qnae
1197 1176 1253 1234 etsi
1287 1193 1344 1234 non
1379 1178 1567 1238 exonerando

855 1286 970 1328 merces
991 1269 1125 1344 abierint,
1148 1269 1322 1330 immunitas
1343 1275 1417 1342 esto,
1435 1271 1568 1352 nihilque

853 1363 1002 1424 solvunto.

893 1455 1007 1514 Eodem
1030 1456 1129 1532 itaque
1153 1471 1232 1516 mare
1247 1455 1441 1534 llhagusaeis‚
1455 1476 1573 1522 corum·

854 1565 913 1625 que
941 1549 1029 1607 sociis
1061 1555 1160 1608 nostra
1193 1567 1245 1626 per
1278 1552 1381 1624 maria,
1415 1552 1573 1631 littoraque

856 1639 960 1699 iisdem
985 1640 1118 1700 honestis
1139 1640 1292 1703 decausis
1311 1643 1451 1722 navigare
1471 1648 1573 1726 utique

855 1734 951 1806 liceat,
975 1734 1095 1810 perinde
1117 1751 1150 1796 ac
1172 1737 1287 1796 licebat.
1316 1737 1375 1796 lloc
1405 1737 1457 1797 sed
1490 1742 1572 1800 enim

857 1829 1013 1905 praecipua
1035 1845 1128 1887 unum
1151 1846 1227 1887 noro
1250 1829 1304 1889 hoc
1327 1831 1355 1888 in
1375 1829 1473 1891 federe
1491 1831 1573 1892 adill-

858 1927 932 1987 tum,
954 1928 984 1979 et
1005 1920 1157 1981 decretum
1181 1930 1236 1999 est,
1258 1923 1336 2002 quod
1369 1926 1467 1984 omnia
1497 1927 1574 1986 llba-

857 2029 1034 2089 gusaeorum
1058 2015 1183 2094 navigia,
1205 2033 1282 2094 rquae
1305 2034 1341 2076 ex
1364 2035 1483 2094 quaque
1506 2020 1574 2097 llly-

858 2108 908 2166 rici
931 2109 1015 2168 sinus
1037 2115 1130 2185 parte,
1154 2109 1375 2187 quomodolibet
1403 2112 1483 2171 intus
1515 2110 1574 2172 An-

858 2203 987 2259 conitnoi
1015 2208 1118 2278 portus
1155 2203 1264 2262 limites
1295 2205 1491 2282 applicuerint
1524 2224 1575 2285 pto

857 2294 989 2372 qualibet
1020 2296 1048 2353 io
1083 2295 1198 2373 illyrico
1234 2307 1438 2376 perceptarum
1474 2317 1574 2361 rerum

858 2395 982 2448 centena
1005 2390 1167 2448 existimati
1196 2391 1304 2450 valoris
1336 2409 1439 2452 aurem
1472 2411 1575 2466 unum,

858 2495 892 2541 ac
914 2489 975 2540 tres
997 2489 1121 2542 octavas
1142 2485 1222 2543 aurei
1246 2491 1346 2560 partes
1373 2502 1424 2564 pro
1456 2485 1575 2547 dultaoa

859 2575 977 2653 publico·
996 2576 1199 2637 anconitanae
1221 2578 1357 2638 Civitatis
1378 2581 1490 2639 aerario
1513 2597 1578 2659 pcr-

859 2669 1007 2727 solvunto.

898 2762 1053 2839 Exemplis
1090 2763 1227 2842 quidem,
1267 2766 1447 2843 penitusque
1485 2767 1576 2829 libere

860 2858 1059 2934 praesentatis
1093 2873 1174 2928 auro,
1211 2865 1352 2935 argento,
1392 2861 1577 2938 margaritis,

861 2952 1056 3028 pretiosisque
1073 2950 1257 3008 orrioiiariam
1286 2953 1422 3028 gemmis.
1450 2955 1481 3012 lu
1512 2970 1578 3014 cac-

861 3047 933 3104 teris
955 3027 1025 3102 veto
1047 3043 1111 3102 aliis
1134 3045 1214 3119 prins
1241 3053 1398 3116 convento,
1432 3047 1580 3108 invetera-

862 3145 951 3214 taque
972 3136 1095 3214 antiqui,
1119 3137 1342 3215 intermissique
1364 3138 1472 3199 federis
1491 3147 1576 3219 pacta

864 3237 1016 3292 serranlo.

902 3327 957 3397 Qui
982 3341 1052 3385 rero
1079 3324 1225 3386 adversus
1258 3322 1383 3400 hujusce
1418 3335 1575 3406 praecepta

864 3420 949 3494 ierit,
972 3436 1099 3479 secusve
1133 3420 1224 3494 laxit,
1259 3418 1338 3479 mille
1367 3420 1467 3480 aureis
1500 3437 1576 3500 pena

865 3513 1037 3575 mulctanto.

904 3605 947 3664 Sit
969 3608 1058 3684 igitur
1080 3607 1158 3682 felix,
1178 3608 1321 3682 inustum,
1339 3615 1369 3668 ct
1384 3607 1503 3667 beatum
1524 3608 1579 3668 hoc

866 3697 982 3772 ipsum,
1017 3712 1141 3771 recens,
1174 3697 1388 3772 emendatum,
1423 3697 1579 3757 confirma-

865 3795 950 3857 tum,
972 3790 1253 3870 homologatumque
1271 3790 1375 3864 ledae,
1392 3792 1575 3852 beatissimis

864 3883 1087 3960 auspicantibus
1108 3885 1309 3962 Martyribus,
1332 3894 1362 3947 et
1388 3885 1579 3949 Pontificibus

865 3979 975 4038 nostris
997 3979 1142 4054 Kyriaco,
1164 3987 1254 4057 atque
1276 3981 1371 4041 blasio
1394 3979 1578 4059 publicarum

864 4091 963 4135 rerum
992 4072 1146 4132 ambarum
1179 4074 1395 4152 protectoribus
1426 4073 1579 4152 optumis,

863 4177 893 4229 et
915 4171 1053 4247 patronis.
1076 4168 1207 4245 aliisque
1226 4165 1403 4244 juvantibus
1426 4155 1574 4228 utrarum·

862 4283 920 4342 que
950 4265 1111 4324 civitatum
1143 4264 1223 4321 [liris
1251 4262 1353 4338 almis,
1377 4263 1577 4340 piissimisque

863 4359 1047 4421 Numinibus.
1081 4357 1226 4417 bractam
1250 4353 1386 4416 Anconae
1408 4355 1487 4416 Xlll.
1513 4351 1577 4413 ttat.

863 4453 1020 4525 Quintiles.
1043 4451 1164 4530 Eugenii
1187 4452 1282 4528 l‘apae
1302 4467 1380 4510 anno
1401 4445 1440 4506 Χ.
1463 4449 1502 4527 ll)

923 4956 958 5013 ll]
974 4952 1051 5003 Anno
1067 4952 1160 5002 Christi
1180 4939 1248 5001 lllt'.
