3658 5412
656 181 1020 244 substitutis
1523 188 1583 252 437

88 297 294 376 postobitum
326 292 494 372 llaymonis
513 308 541 353 a·
562 291 630 353 830.
653 291 813 369 Episcopa-
909 289 1100 348 Hermoanuo
1119 289 1195 348 nin
1215 284 1252 348 dc
1266 292 1363 368 Raeti,
1391 309 1469 369 quae
1498 299 1594 371 patria

88 398 155 452 tum
179 385 462 450 lialberstedensem
485 384 657 457 recusavit,
679 381 772 444 Gesta
781 383 812 444 8.
871 383 967 460 ipsius
989 379 1200 460 luitsmipsit
1225 381 1397 446 Tractatum
1422 383 1459 445 de
1486 385 1550 448 0440
1568 393 1597 448 et

88 479 242 562 Bonifatii
272 482 327 558 Ep.
365 477 529 554 linguntini
567 475 684 536 heroico
723 493 815 536 versu
870 473 1019 535 4400044040
1051 471 1255 547 clericorum,
1290 474 1403 538 editum
1441 495 1459 539 a
1502 479 1596 540 Woli-

87 569 374 652 contunduntur
383 565 815 634 s.ticnadictt00mraentoaiis
870 584 967 648 gango
999 567 1228 646 wissenburgio
1261 569 1291 628 in
1325 569 1471 648 Antilogia
1500 574 1594 650 Papae

89 669 209 746 primus
230 666 414 738 illustravit,
436 665 592 724 80400000
623 661 725 739 plures
745 677 815 722 oon·
872 677 901 737 p.
921 658 1063 721 ooo-722.
1085 661 1153 738 lpse
1175 662 1471 725 tractatus-constat
1491 666 1597 743 capiti-

90 760 225 837 scripsit.
259 759 442 819 Passerinus
475 761 556 816 tomo
590 753 626 813 44.
646 753 816 834 Apparatus
871 751 928 812 bus
950 755 1156 832 novem,qui
1178 769 1195 814 a
1218 754 1312 814 literis
1335 755 1499 817 initialibus
1520 758 1599 818 Her-

91 868 161 931 pag.
196 851 264 913 304.
300 849 481 927 Schatenius
507 846 615 910 Annal.
637 845 816 906 Padsrborn.
870 860 1000 918 manners
1029 847 1185 924 incipiunt.
1206 847 1246 908 lit
1267 847 1322 908 boc
1344 847 1478 910 indicant
1499 852 1595 910 versi·

89 945 142 1004 lib.
161 945 196 1005 lt.
220 962 249 1023 p.
271 945 337 1006 443.
355 941 441 1003 Adde
461 941 602 1002 Nostrum
625 954 716 1016 supra
742 945 815 998 tom.
870 938 928 998 culi
952 938 1009 1000 sub
1030 937 1121 1000 finem
1143 942 1263 1018 operis:

89 1041 125 1101 V·
149 1058 177 1118 Ρ·
198 1040 267 1100 203·
288 1045 322 1098 04
342 1035 420 1096 Hist-
442 1035 573 1094 4440ΐὸ448
593 1031 631 1092 440
653 1032 681 1092 48
702 1033 816 1092 444θῦ06
880 1058 982 1106 ilustres
993 1055 1301 1118 scriptorlrdrntnornen
1314 1059 1444 1120 lnltlrler,

88 1138 164 1194 tom.
186 1133 222 1192 V.
242 1147 271 1209 p.
293 1128 361 1190 ait.
880 1132 924 1179 list
940 1129 1050 1182 0044000
1064 1133 1223 1195 natus„ttrd
1236 1135 1289 1196 ipso
1301 1139 1506 1198 cognominatur,

137 1223 286 1287 euodius
306 1221 484 1284 liUTlLIUS
498 1218 725 1303 0040040000,
743 1218 817 1278 00440
1231 1209 1318 1270 4407.
1337 1208 1537 1291 uopdatarqi

93 1319 268 1396 descriptus
288 1322 337 1377 est
357 1333 375 1377 a
395 1315 528 1376 Fabricio
550 1320 652 1376 nostro
672 1310 746 1371 nint.
763 1312 818 1372 La·
872 1309 1016 1373 Videmus
1045 1313 1135 1391 igitur
1165 1315 1245 1376 44000
1282 1331 1351 1378 0000
1383 1319 1519 1395 patriam.
1550 1319 1595 1378 to.

92 1414 150 1472 tin.
172 1410 224 1471 lii.
245 1411 294 1470 43.
316 1416 347 1468 et
367 1406 519 1483 Monachls
532 1405 819 1469 Berredictiuo-tlau·
872 1402 1001 1466 Woliius
1013 1406 1041 1466 40
1053 1405 1155 1468 indice
1171 1407 1346 1470 Lectionum
1357 1409 1594 1472 Memorabilium

93 1505 191 1565 rianis
212 1504 243 1564 in
265 1503 394 1562 Historia
415 1501 545 1562 literaria
566 1499 678 1562 Galliae
698 1497 820 1560 tetuli.
874 1495 955 1559 hunc
988 1505 1124 1560 nostrum
1166 1507 1333 1576 memorat,
1364 1509 1396 1562 et
1426 1500 1510 1562 addit
1544 1519 1598 1563 an-

91 1617 121 1677 p.
156 1597 204 1658 70.
234 1597 300 1658 Duo
331 1601 449 1656 tantum
483 1609 642 1654 monemus
667 1609 705 1654 os
727 1591 819 1665 libro,
875 1606 947 1650 num
971 1591 1060 1652 4480.
1083 1592 1122 1650 in¹
1146 1594 1211 1669 ipso
1231 1601 1332 1654 antem
1354 1609 1443 1673 opere
1465 1594 1537 1655 nibil
1559 1593 1600 1656 de
1666 1603 1672 1610 ‘
1768 1574 1774 1585 .

93 1707 188 1769 quem
210 1690 374 1768 posteriore
396 1689 460 1749 loco
482 1687 696 1750 laudavimus:
719 1685 818 1760 Prius,
873 1700 908 1744 eo
939 1682 1067 1746 babetur
1098 1684 1146 1744 ille
1176 1701 1274 1760 anno,
1295 1685 1349 1746 sed
1377 1689 1477 1765 potius
1497 1687 1598 1749 0000.

92 1782 176 1862 quod
207 1791 296 1863 gente
329 1783 387 1844 4044
417 1781 540 1857 Gallus,
563 1780 611 1840 rel
633 1780 819 1852 Tolosunns,
876 1776 962 1837 4400.
994 1783 1066 1836 inm.
1098 1777 1121 1838 1.
1150 1795 1177 1855 p.
1200 1776 1268 1838 864.
1290 1787 1321 1838 04
1343 1795 1465 1842 rursum
1484 1779 1523 1840 ad
1543 1797 1597 1840 an-

91 1880 143 1938 004
157 1922 165 1953 ,
179 1876 259 1954 qnod
278 1877 375 1956 magis
392 1874 545 1954 probabile
571 1880 637 1966 est,
654 1874 821 1938 Pictavior-
873 1885 947 1930 num
969 1868 1057 1931 4467.
1080 1888 1108 1949 p.
1129 1869 1198 1934 877.
1220 1872 1369 1959 quaedam
1391 1872 1461 1934 inde
1492 1889 1600 1934 excer-

94 1973 161 2045 sis,
185 1970 212 2031 id
243 1969 322 2048 quod
355 1968 498 2047 probatus
527 1981 565 2030 ex
587 1967 635 2028 lib.
659 1968 681 2027 l.
699 1985 727 2028 r.
749 1967 819 2027 008.
872 1969 924 2042 pia
944 1963 1096 2042 leguntur.
1187 1958 1191 1966 ’

94 2064 149 2126 ubi
172 2063 334 2124 Palladium
350 2106 357 2130 .
372 2064 422 2140 qui
436 2061 721 2136 pictaviensium,
737 2076 820 2141 mam

92 2154 369 2234 nuncupatoria
396 2153 447 2217 rut'
473 2159 570 2216 vocat.
591 2153 729 2218 Alterum
749 2161 818 2226 est,
1006 2153 1218 2253 LIBER
1256 2155 1462 2254 XVIII.

92 2247 175 2326 quod
196 2247 304 2310 titulus
323 2247 446 2312 Tribuni
468 2248 597 2310 militum
619 2255 651 2308 ot
674 2248 818 2310 Praefecti
1232 2290 1235 2298 .
1313 2289 1318 2298 .

92 2342 247 2402 Praetorio
273 2340 470 2402 laudamento
490 2340 585 2402 solido
605 2340 798 2402 destituatur.

125 2431 488 2507 notthUSSamna
499 2434 589 2494 044040
596 2433 822 2508 natuturam-
915 2369 1398 2508 Sternutamenta..
1414 2430 1471 2489 sub
1490 2429 1546 2490 titt.
1559 2433 1596 2492 ti.
1716 2421 1720 2428 ’

93 2528 158 2588 scio
179 2527 263 2604 quis:
276 2527 454 2605 scriptorem
467 2528 710 2588 vetustissimum
728 2532 817 2588 vocat
911 2523 1042 2582 taunaco
1058 2519 1274 2583 §nanninus
1306 2520 1342 2581 de
1363 2520 1516 2594 44040000,
1543 2525 1597 2582 30-

93 2619 207 2682 Paulus
230 2617 360 2698 Longius
380 2621 410 2680 40
422 2619 531 2682 Chaon.
548 2620 692 2681 citicensi
705 2636 732 2697 p.
745 2617 818 2678 793.
871 2617 1044 2692 nonienais,
1063 2615 1120 2678 sub
1149 2617 1270 2678 initium
1292 2616 1386 2676 seculi
1415 2615 1492 2676 xvi.
1522 2613 1598 2691 Ejus

94 2720 124 2774 ot
145 2711 294 2790 quaedam
316 2729 354 2774 ex
376 2712 456 2774 iilius
487 2712 561 2774 libro
589 2713 720 2790 profert,
741 2711 815 2774 dun
871 2708 1058 2789 colloquium
1075 2707 1117 2772 od
1131 2708 1311 2770 Ferrarium
1321 2706 1438 2790 piatam
1459 2725 1512 2787 pro
1525 2724 1596 2768 con-

94 2813 197 2866 tamen
221 2805 342 2866 titulum
365 2822 423 2864 non
446 2813 602 2866 memoret.
635 2804 709 2876 0040
743 2821 816 2864 vero
868 2802 952 2883 iugio
970 2804 1124 2866 Lucretiae
1143 2804 1265 2882 Bongiae
1284 2800 1466 2880 (Alexandri
1481 2802 1530 2862 Vl.
1544 2803 1596 2862 PP.

94 2900 122 2958 io
146 2899 195 2959 ilia
218 2897 816 2974 laciniaLibonotani,Camunni,Susr·
870 2898 965 2972 444400)
987 2898 1016 2957 in
1046 2897 1235 2976 tiphernum
1267 2898 1503 2983 primogenitum
1536 2897 1597 2957 bn-

95 2990 212 3067 dones,
234 2992 406 3066 Gauriteni,
428 2999 573 3070 unquam
589 2995 705 3070 antiqui
719 2997 817 3052 terrae
870 2991 965 3053 colem
999 2992 1181 3066 Lstansem,
1202 2997 1303 3052 exstat
1333 2991 1395 3052 448.
1417 2993 1445 3050 40
1468 2990 1541 3052 3404.
1562 2991 1594 3050 S.

95 3087 258 3146 ilisnensis
279 3085 392 3147 incolae
413 3086 627 3166 proferuntur,
648 3099 726 3164 quos
745 3091 818 3146 anto
870 3084 1021 3146 Germani.
1044 3087 1131 3146 Bern.
1152 3084 1191 3146 de
1212 3084 1406 3148 Montlaucou
1428 3084 1502 3146 bibl.
1519 3083 1595 3147 bibl.

95 3179 258 3242 Erasmum
274 3178 409 3252 Stellam,
423 3181 616 3257 impostorem
629 3225 636 3253 ,
649 3194 742 3240 nemo
761 3194 818 3238 un·
870 3177 950 3238 tiss
972 3193 1001 3256 p.
1022 3178 1109 3240 4430.

92 3288 185 3350 quam
207 3269 376 3347 inaudivit,
395 3280 478 3334 recte
507 3271 629 3352 conjicit
650 3272 694 3334 Cl.
716 3277 819 3330 noster
909 3268 1135 3347 *Quamquam
1153 3271 1242 3332 unico
1259 3271 1308 3330 ilio
1322 3270 1471 3348 opusculo
1484 3268 1533 3330 hic
1547 3271 1595 3329 in-

93 3364 292 3442 iireysigirrs,
326 3364 487 3444 deceptum
519 3381 587 3428 esse
623 3365 767 3442 Langium
799 3379 816 3424 a
872 3362 970 3424 dicato
988 3361 1162 3424 Sabadinus
1179 3365 1238 3425 iste
1257 3363 1355 3424 locum
1381 3361 1436 3422 sibi
1455 3360 1600 3422 vendicat·

92 3457 185 3520 Stella
199 3464 232 3518 04
245 3457 627 3522 liurwinumesssnomsn
641 3458 756 3518 lictum.
769 3458 797 3534 0)
874 3459 903 3517 40
928 3455 1113 3517 Bibliotheca
1135 3456 1272 3535 scriptor.
1302 3455 1431 3516 Latinos.
1453 3469 1512 3514 non
1531 3471 1594 3514 uno

131 3550 260 3612 nicus
274 3549 474 3628 Wt'cltetuiae,
491 3552 635 3616 sacerdos
649 3551 817 3612 Londinen·
874 3558 976 3612 tamen
991 3565 1082 3629 opere
1096 3550 1256 3628 scriptoris
1272 3549 1395 3610 titulum
1406 3547 1462 3609 sibi
1477 3563 1595 3626 prome·

91 3644 134 3703 sis
153 3659 184 3704 0.
206 3644 295 3705 4440.
317 3651 423 3706 auctor
442 3645 595 3723 Epistulae
614 3645 651 3706 ed
674 3647 721 3708 40.
742 3646 820 3706 4400-
875 3646 958 3720 ruit·,
983 3642 1037 3704 ssd
1056 3643 1222 3706 vernacula
1238 3643 1339 3703 omnia
1355 3639 1448 3715 dedit,
1463 3657 1593 3718 quornm

91 3751 180 3812 sum,
201 3752 281 3813 quae
300 3736 390 3815 vulgo
411 3737 548 3798 Wicielio
580 3738 743 3812 tribuitur,
765 3737 819 3798 sed
874 3743 924 3798 est
941 3735 1049 3798 titulus
1067 3736 1214 3814 legendus
1235 3752 1283 3814 ap.
1305 3719 1429 3795 Oriundi
1452 3731 1597 3796 scrittori

90 3843 202 3890 asana
223 3826 262 3887 ad
282 3844 411 3905 puerum
444 3830 496 3892 xl.
528 3846 677 3892 annorum
705 3832 817 3908 scripta
874 3825 1033 3908 Bolopneti
1047 3849 1077 3908 p.
1095 3827 1505 3907 tltidiitetampiiusap.
1518 3827 1594 3888 Fau-

91 3936 157 3980 esse
179 3937 239 3980 non
262 3921 382 3997 potuit,
405 3920 523 3982 undae
551 3923 683 3984 nonullis
712 3939 821 4001 suppo·
875 3925 955 3992 tuaai
978 3921 1098 3984 Notiaie
1117 3927 1171 3984 otc.
1195 3929 1266 3982 tom.
1289 3923 1311 3982 l.
1325 3910 1396 4000 pag.
1423 3919 1491 3981 470.
1510 3920 1595 3996 Opus

91 4015 184 4076 sititis
205 4014 263 4075 4044
278 4012 401 4076 credita.
425 4016 547 4092 Legitur
577 4016 650 4078 baec
683 4016 819 4093 Epistola
874 4023 977 4078 autem
995 4016 1044 4078 oui
1067 4018 1112 4084 444.
1130 4013 1160 4076 le-
1174 4013 1295 4078 Nuuelle
1313 4016 1491 4078 00000000
1511 4010 1597 4075 Boio

91 4106 121 4164 in
142 4106 295 4186 Operibus
317 4107 405 4166 liussi
427 4107 494 4186 (ed.
517 4109 617 4170 Norib.
646 4108 755 4182 47244.)
777 4115 821 4170 40-
872 4125 934 4188 pou
948 4107 1034 4170 4483.
1049 4109 1125 4170 Van.
1143 4109 1221 4171 4484
1235 4116 1268 4169 04
1288 4107 1360 4170 ibid.
1375 4108 1453 4170 4504
1469 4108 1558 4170 4340.
1575 4108 1601 4167 i.

92 4214 140 4259 uro
160 4199 184 4259 1.
204 4216 234 4277 p.
257 4199 325 4260 tto.
348 4200 450 4260 Lasitii
473 4201 546 4262 bist.
567 4203 706 4264 Fratrum
725 4201 821 4264 Bube-
875 4202 963 4265 itit.
986 4201 1075 4263 teat.
1094 4201 1184 4264 4334.
1205 4203 1345 4264 Veronae
1372 4201 1461 4265 teto.
1478 4203 1506 4262 8.
1523 4219 1593 4262 enm

92 4307 209 4354 morum
231 4309 262 4370 p.
283 4291 353 4354 223.
375 4293 565 4374 walpurgeri
589 4297 686 4356 bosso
697 4295 818 4358 combu-
874 4295 979 4358 maiori
998 4295 1167 4358 celebritati
1188 4297 1320 4375 extulit.)

89 4392 136 4445 sto
162 4403 190 4464 p.
213 4386 261 4447 50.
283 4385 460 4450 Germanice
478 4390 506 4448 in
522 4390 636 4466 Riegeri
659 4389 729 4449 bist.
750 4391 819 4450 Fra·
913 4387 1172 4466 SABBATlNUS,
1203 4391 1371 4469 Episcopus
1402 4387 1593 4461 Genuensis,

89 4485 170 4542 tmm
192 4479 391 4542 bohemorum
406 4483 566 4544 vernacula
586 4482 686 4560 lingua
708 4485 820 4559 scripta
874 4483 924 4560 qui
946 4499 974 4544 0.
994 4481 1063 4544 870.
1095 4483 1226 4544 00004440
1257 4483 1429 4557 Ticinansi,
1450 4487 1481 4542 et
1514 4495 1594 4540 0000

89 4581 168 4652 part.
202 4571 252 4635 l'l.
284 4592 314 4653 p.
344 4575 413 4636 080.
444 4575 528 4636 Addo
560 4575 651 4636 With.
686 4577 815 4654 Soplridi
873 4585 1021 4653 sequente
1063 4579 1256 4639 Ravennsnsi
1286 4575 1440 4646 interfuit,
1472 4573 1593 4649 scripsit
1633 4613 1636 4618 v

89 4664 204 4728 Comm.
243 4667 281 4727 de
317 4668 361 4727 lo.
398 4669 496 4729 ilusso
527 4686 597 4732 cum
635 4675 737 4730 annot.
768 4671 816 4730 lo.
872 4666 1064 4748 Epitaphium
1085 4671 1116 4734 S.
1133 4671 1226 4749 Syri,
1246 4684 1337 4745 quem
1360 4666 1424 4744 ipse
1454 4663 1592 4724 Genuam

90 4761 203 4822 Christ.
225 4761 306 4837 tiyiii
329 4779 358 4839 p.
381 4761 428 4822 36.
451 4762 499 4826 37.
871 4763 1076 4823 transtulerat.
1104 4765 1247 4843 Uglrelius
1281 4763 1364 4822 ltalia
1392 4762 1424 4822 S.
1446 4767 1517 4821 tour.
1544 4759 1590 4819 lV.

129 4868 159 4927 a>
176 4865 238 4916 4444
254 4863 352 4918 tibrum
375 4868 538 4922 4400000400
554 4869 597 4918 die
612 4867 820 4920 Olenoctirrltr
835 4911 839 4916 .
870 4865 1000 4918 Nuntiate
1012 4875 1082 4929 parte
1094 4871 1137 4918 441.
1151 4881 1176 4929 p.
1188 4866 1245 4920 att.
