3368 5362
137 194 196 255 lio

130 299 236 359 mentis
254 297 410 368 roboravi,
427 296 548 358 credens
559 317 616 376 per
634 298 706 358 liaec
732 297 849 377 ale'quos

132 391 305 470 aedificari,
322 392 374 451 cui
387 388 521 451 videlicet
531 393 615 468 operi
626 389 746 451 titulum
759 392 851 468 impo-

131 483 183 545 sui
193 489 241 559 ,a)
271 482 456 555 QUOMODO
485 484 691 544 LEGENDUli
720 485 778 544 SlT
811 480 848 542 m

123 578 254 639 -nEaus
271 576 502 637 visibilibus.

171 671 225 730 Eoo
232 671 369 750 petitione
380 688 508 749 namque
518 668 655 749 fratrum
667 674 850 744 nostrorum,

133 766 225 824 vllam
254 763 351 823 sancti
376 763 551 834 nicoeni,
580 780 632 822 nec
660 779 718 821 non
755 762 853 821 sancti

132 856 362 918 WOLFillib'Gl
377 857 403 929 b)
416 855 596 927 emendans,
615 855 694 916 sieut
712 855 742 914 in
754 856 852 915 atriu

132 968 206 1030 sque
227 950 306 1010 vitae
325 948 448 1028 prolopo
466 950 641 1021 intimatur,
656 949 767 1027 scripsi
780 997 787 1013 ,
799 967 854 1007 an-

134 1050 254 1123 tequam
267 1043 478 1122 proficiscerer
498 1043 540 1103 nd
555 1042 769 1103 monasterium
785 1040 854 1102 Ful-

133 1137 232 1199 dense.
252 1136 305 1197 sed
325 1141 353 1195 et
375 1138 466 1196 vitam
482 1137 581 1196 sancti
596 1136 777 1208 nunonis,
794 1153 855 1195 una

30 1292 33 1299 ,
135 1247 202 1290 ciem
227 1227 407 1310 quibusdam
432 1227 618 1289 carminibus
645 1227 687 1288 ad
719 1227 854 1288 eumdem

136 1330 272 1384 sanctum
287 1320 514 1403 pertenentibus.
539 1325 697 1400 Postquam
721 1339 792 1381 nero
810 1338 857 1380 re·

137 1416 200 1490 dii,
213 1419 307 1477 visani
321 1415 419 1477 sancti
434 1414 551 1475 MAGNl
571 1414 698 1493 scripsi,
729 1412 858 1492 compul-

135 1502 208 1579 'susi
218 1508 353 1590 fratrum
367 1508 495 1568 duorum
520 1505 661 1586 precibus
694 1507 806 1568 intimis
834 1512 863 1565 el

138 1604 286 1676 assiduis,
312 1603 503 1664 WlLilELMl
521 1601 634 1663 seilicet
646 1620 687 1662 επ
701 1618 863 1681 conprepa-

140 1696 216 1757 te'one
227 1686 345 1772 nostrai
355 1703 383 1756 el
398 1695 523 1759 allerias
540 1695 595 1775 qui
609 1695 651 1770 ad
666 1714 719 1757 nos
730 1695 865 1756 discendi

139 1808 237 1852 causa
259 1810 301 1852 eac
321 1790 501 1851 moneasterio
522 1791 621 1851 sanati
651 1790 754 1867 blopisi
783 1791 864 1850 venit

138 1887 321 1947 ADALHAM
342 1884 459 1948 dictus.
484 1885 595 1963 quique
607 1870 686 1943 nunc
697 1883 864 1943 insanctae

140 1978 234 2060 Afrae
251 1977 386 2038 coenobio
408 1975 510 2037 Abbos
527 1985 571 2037 est
591 1976 741 2037 constitus.

183 2074 252 2132 Post
267 2072 338 2131 linea
359 2077 461 2130 nutem
480 2088 548 2130 cum
569 2069 703 2130 viderem
724 2067 815 2129 simul
840 2074 869 2127 et

146 2166 284 2227 audirem
296 2165 427 2243 inlidique
440 2162 632 2226 Christianae
652 2162 804 2242 relipionis
819 2163 869 2222 de-

139 2260 347 2334 structionem,
367 2262 523 2319 Rectorum
541 2263 568 2319 et
586 2257 760 2337 Principum
773 2255 865 2334 nepti-

138 2355 268 2432 ¹centiam
298 2355 330 2412 in
355 2350 512 2418 subditos.
543 2356 604 2410 tom
635 2351 665 2408 iu
690 2349 864 2431 spirituali,

140 2445 397 2528 quamsaeeulori
421 2445 485 2506 vita
509 2443 641 2525 positos,
675 2442 864 2523 doleremque

135 2540 257 2620 jupiter·
266 2557 324 2619 pro
336 2535 445 2598 talibus
457 2586 465 2612 ,
478 2538 610 2616 copitare
625 2555 725 2616 coepe,
744 2543 778 2597 ut
795 2538 867 2617 quio

142 2635 249 2719 nullus*
263 2636 441 2714 dipnoretur
463 2652 509 2694 me
520 2621 629 2693 audire
644 2633 794 2692 communi
804 2650 866 2692 ser·

143 2749 226 2791 suone
238 2729 414 2808 loquentem,
430 2747 486 2810 pro
498 2727 680 2806 miseriaque
699 2732 783 2786 tanta
799 2742 867 2785 con-

107 2884 109 2888 ,
144 2822 285 2884 dolentiam
298 2868 305 2892 .
316 2821 363 2882 vel
379 2819 534 2882 scribendo
545 2819 649 2899 aliqua
664 2837 771 2879 sacrae
784 2820 868 2880 Seri-

139 2923 251 2997 pturne
269 2913 362 2977 aerbo
376 2913 567 2995 proferrem,
585 2913 663 2973 unde
676 2908 792 2993 aliquos
813 2930 863 2971 oe·

144 3009 267 3088 dificare
290 3026 415 3088 possem.
437 3009 502 3068 Huc
525 3006 619 3086 ipitur
641 3022 736 3065 causa
758 3005 875 3085 scripsi-

63 3152 65 3161 ,
146 3101 255 3163 librum
273 3102 332 3162 mei
347 3118 463 3182 quoque
481 3099 579 3180 operis
595 3099 802 3173 nouissimum,
820 3100 870 3159 cui

146 3193 263 3256 titulum
279 3196 405 3274 imposui
425 3197 472 3255 OE
491 3195 614 3255 CURSU
648 3194 868 3254 Sl'iiil'lUiiLl.

147 3293 173 3364 c)
192 3290 226 3348 ln
242 3307 300 3369 quo
316 3286 453 3364 videlicet
478 3285 554 3346 libro
585 3292 731 3367 quantum
746 3303 802 3364 per
820 3303 870 3346 sa-

140 3396 218 3442 ·crae
235 3384 430 3462 scripturae,
447 3379 640 3458 maximeque
654 3396 710 3458 per
729 3376 870 3439 Psalleris

148 3480 177 3534 et
195 3474 354 3554 annpelii
373 3491 512 3550 coerepum
529 3489 656 3532 currere
671 3472 775 3552 potui,
793 3470 870 3531 scri-

146 3567 239 3628 bendo
258 3567 379 3648 protuli.
397 3569 480 3627 Inter
491 3567 563 3626 baec
579 3570 608 3624 et
624 3582 779 3624 sermones
801 3582 872 3644 quo-

151 3661 256 3737 sdam,
277 3663 307 3740 d)
321 3680 373 3721 nec
390 3680 448 3721 non
473 3661 614 3738 epistolas
638 3675 694 3737 pro
726 3657 872 3716 communi

157 3754 287 3815 utilitate
303 3755 429 3834 scripsi:
448 3770 525 3832 quas
539 3770 566 3812 se
583 3751 650 3830 quis
666 3748 743 3829 sorte
773 3748 869 3826 lepere

193 3949 219 4005 a)
233 3952 277 3998 ilic
290 3949 352 3997 liber
366 3953 421 3998 siva
431 3963 512 4000 sermo
529 3950 612 3998 adbuc
626 3948 792 3998 desideratur.

194 4022 221 4083 b)
231 4023 322 4073 Vitas.
332 4024 612 4086 Wolfponpi‘sspiscopi
623 4023 810 4073 isatisboneusis
818 4024 879 4073 ibid.

149 4107 206 4157 pag.
216 4095 332 4146 alo-oei.
346 4098 470 4157 rhythmis
483 4106 507 4161 et
523 4103 637 4148 oratione
650 4101 773 4160 prosarie.
786 4095 880 4148 Edide-

150 4168 242 4219 raised
258 4173 313 4218 sine
325 4171 425 4219 osbionl
440 4171 594 4232 praelatione
608 4173 769 4222 mabillonius
784 4176 836 4221 Sec.
851 4176 879 4218 il.

150 4243 305 4294 Benedictio.
323 4257 380 4305 pag.
400 4244 455 4292 ile.
482 4249 538 4294 viis
562 4249 588 4296 S.
617 4247 728 4296 Nicolas'
758 4249 879 4307 myrensis

148 4319 231 4368 adbuc
252 4318 414 4368 desideratur.
442 4323 520 4369 -sioue
541 4318 596 4369 v'ita
613 4323 638 4371 S.
658 4323 879 4383 Mouniquooue.

149 4394 204 4443 sed.
226 4395 287 4443 Vita
299 4395 327 4445 S.
347 4395 456 4443 ditonis
473 4396 576 4443 ibbonis
595 4399 621 4443 in
639 4400 743 4445 bavaria
763 4400 879 4458 superio·

155 4482 182 4518 re
198 4477 242 4531 aui
258 4475 285 4518 Α.
302 4469 358 4517 iiio.
376 4470 441 4518 diem
459 4469 543 4528 obiit,
562 4468 603 4516 illo
626 4471 681 4530 ipss
702 4469 801 4519 videtur
817 4483 881 4531 quaa

152 4551 234 4595 assim
251 4548 306 4594 sine
318 4546 429 4594 auctoris
444 4546 545 4593 nominc
560 4547 585 4591 in
604 4546 673 4592 'sciis
693 4547 805 4592 soncior.
823 4550 841 4592 t.
854 4545 878 4592 i.

157 4622 230 4669 Febr.
251 4621 274 4669 9.
288 4633 346 4682 pag.
366 4621 420 4668 aab.
439 4627 463 4667 et
476 4621 502 4668 in
516 4619 654 4667 mabillonii
666 4621 718 4666 Sca.
736 4620 779 4668 111.
796 4620 820 4668 i.
836 4624 882 4667 lee-

155 4697 276 4745 nedlciiu.
294 4712 319 4759 p.
331 4696 385 4746 aie.

202 4770 227 4828 c)
243 4772 344 4823 bibrum
359 4772 390 4820 de
409 4775 498 4823 Cursu
509 4769 654 4835 spirituali
673 4768 752 4818 edislit
768 4768 883 4818 laudatus

159 4845 244 4892 razius
264 4854 322 4895 som.
349 4849 373 4896 5.
391 4851 535 4900 anecdotor.
561 4854 631 4910 parte
653 4846 677 4893 9.
695 4857 752 4906 pag.
767 4844 884 4893 iiiii-ibo.

158 4916 200 4964 ubi
214 4919 348 4980 sublicium
360 4937 416 4987 pag.
429 4926 483 4975 398.
500 4925 611 4975 enarratio
624 4922 653 4970 sla
666 4921 760 4970 Conniie
778 4931 821 4981 pes
833 4930 875 4967 so·

737 187 1015 251 o'rii0NUs1

905 295 1034 358 voluerit
1050 294 1150 374 ,apud
1167 310 1219 376 nos
1235 292 1374 353 inuenire
1389 293 1511 374 poterit.
1524 293 1637 370 Smpsi

906 386 1189 467 etiamaoleplures
1206 404 1302 447 annos
1323 385 1440 447 librum
1475 389 1525 448 OE
1549 388 1634 448 CON-

906 483 1088 546 FESSlONE
1112 482 1267 542 ACTUUM
1301 481 1494 548 sibonum,
1516 483 1542 554 e)
1563 486 1595 539 ut
1612 479 1638 540 si

907 596 967 659 qua
989 575 1148 655 infirmitas
1166 573 1214 634 vel
1240 571 1404 634 subitanea
1430 591 1513 635 mors
1540 591 1583 633 me
1608 575 1635 632 in

906 668 1051 733 extremis
1069 666 1225 748 impediret
1250 684 1271 724 a
1291 665 1397 727 debila
1430 667 1633 749 Confessioae,

906 764 1011 826 saliem
1029 779 1085 840 per
1107 761 1222 840 scripta
1249 759 1480 841 patefacerem,
1509 762 1575 840 quis
1599 779 1636 821 ea

906 856 1094 934 memeiispo,
1110 855 1178 933 quis
1191 872 1233 914 esa
1257 854 1335 912 DE!
1344 853 1452 932 pratia
1468 871 1572 915 essem.

947 948 1051 1011 Adbuc
1066 947 1208 1028 proferre
1227 944 1304 1007 tibet
1320 948 1453 1009 duarum
1465 946 1633 1008 Orationum

908 1042 1010 1107 uerba.
1024 1041 1181 1110 detondens
1188 1042 1265 1102 enim
1273 1041 1410 1121 saepius,
1420 1039 1634 1120 quiaplurimos

910 1136 1057 1218 eaeniplis
1077 1136 1183 1216 prauis
1217 1134 1350 1206 sednaei,
1383 1134 1460 1194 talia
1497 1135 1633 1194 Orationis

910 1230 1005 1294 verba
1029 1229 1167 1292 scribere
1190 1228 1301 1299 candui,
1323 1227 1486 1308 inquibus
1503 1228 1632 1307 unusqui-

911 1344 986 1406 sque
1006 1326 1081 1387 satis
1103 1323 1206 1384 elocari
1230 1327 1350 1404 potest,
1373 1321 1524 1402 quomodo
1541 1339 1593 1401 pro
1609 1337 1634 1379 se
1680 1330 1682 1339 ·

913 1427 942 1481 et
958 1439 1014 1500 pro
1025 1418 1094 1479 aliis
1106 1436 1196 1477 orare
1213 1415 1333 1476 debeat:
1348 1433 1430 1495 quae
1446 1414 1563 1476 scilicet
1573 1415 1623 1473 Oro

916 1515 1008 1574 tiones
1023 1513 1128 1572 cumb
1152 1509 1336 1591 quibusdam
1354 1510 1431 1588 jam
1459 1505 1630 1568 naaman.

917 1607 948 1666 in
969 1605 1021 1666 boc
1047 1603 1188 1684 opusculo
1210 1601 1393 1663 describere.
1405 1600 1500 1661 nolani.
1516 1603 1576 1660 lla'e
1589 1617 1631 1657 nu·

918 1707 974 1759 tem
999 1700 1173 1768 Orationes,
1195 1696 1316 1776 aliaque
1334 1697 1483 1776 'superius
1492 1693 1633 1754 dedicion-
1666 1704 1673 1729 ¹

917 1793 950 1852 di
958 1791 1031 1851 dono
1049 1790 1200 1870 prolem,
1223 1794 1304 1850 tanto
1326 1790 1425 1867 mopis
1444 1788 1555 1867 pientii
1569 1785 1632 1845 llici-

919 1902 975 1946 nae
996 1890 1113 1946 constat
1132 1883 1308 1965 reserenda,
1328 1888 1451 1962 quanio
1462 1879 1587 1961 amplius
1595 1895 1631 1935 m·

920 1987 983 2040 tum
1004 1985 1048 2039 est
1068 1996 1114 2037 me
1134 1977 1216 2037 viliis
1232 1975 1376 2055 plurimis
1403 1973 1554 2055 quondam
1570 1971 1632 2032 dedi-

921 2080 982 2134 tum
1004 2071 1079 2133 nebel
1096 2071 1201 2130 borum
1212 2068 1369 2129 meruisse.
1384 2068 1454 2128 ldeo
1465 2073 1565 2128 aulem
1577 2066 1632 2124 baec

917 2167 1054 2248 protuli,
1076 2171 1110 2226 ut
1122 2168 1220 2246 juata
1241 2163 1293 2232 boc
1314 2161 1400 2241 qnod
1420 2162 1484 2243 ipse
1506 2161 1630 2221 Dominus

920 2264 951 2323 in
973 2258 1130 2339 Eeanmelio
1150 2257 1268 2318 cuidam
1295 2245 1492 2316 daemoniaco
1516 2256 1536 2313 b
1556 2270 1585 2314 se
1609 2250 1633 2309 li·

920 2353 1023 2415 berato
1042 2351 1194 2433 praecipit
1215 2349 1328 2424 dicens,
1354 2348 1439 2409 Vada
1469 2352 1499 2408 in
1528 2348 1633 2407 domum

922 2458 1025 2517 taam,
1047 2455 1078 2506 et
1100 2463 1186 2507 narra
1209 2451 1321 2522 quanta
1345 2445 1457 2502 iecerit
1479 2443 1532 2502 tibi
1551 2442 1633 2502 DEas:

921 2561 972 2621 epo
993 2558 1108 2622 quoque
1129 2555 1308 2604 narrarem.
1334 2544 1453 2616 quanta
1475 2535 1550 2596 milei
1567 2531 1635 2594 bene-

919 2635 991 2716 ficia
1014 2633 1103 2693 bens
1121 2629 1305 2692 exhibuerit.

963 2728 1142 2789 OTHONUbi
1180 2728 1433 2803 imperatorum,
1467 2722 1562 2802 primi
1586 2723 1637 2779 sive

925 2823 1024 2900 magni
1047 2820 1084 2881 ab
1106 2823 1160 2880 ein.
1183 2820 1251 2879 938.
1276 2818 1312 2877 ad
1335 2814 1637 2876 misecordias.

923 2918 1050 2980 ain-aa
1074 2917 1143 2976 asi.
1166 2924 1195 2974 et
1218 2912 1300 2973 tertii
1318 2913 1355 2972 ab
1377 2912 1434 2972 Aa.
1458 2913 1528 2974 984.
1550 2911 1584 2971 ad
1609 2912 1635 2968 i.

924 3013 1011 3074 4003.
1035 3011 1200 3088 Diplomaia
1222 3005 1371 3086 quaedam
1391 3008 1420 3064 in
1440 3006 1566 3066 illustris
1579 3006 1638 3063 Bes·

924 3107 988 3165 selii
1018 3105 1167 3165 Cbronico
1199 3102 1383 3173 Gotwicensi
1407 3117 1476 3179 pag.
1499 3100 1565 3159 ⁴59.
1586 3113 1637 3172 seq.

926 3199 983 3259 saa
1006 3199 1076 3256 eoo.
1097 3181 1332 3275 annonis'pnmi
1354 3196 1444 3253 esiam
1468 3193 1548 3270 apua
1575 3193 1640 3250 nen-

925 3292 1018 3351 ricum
1042 3290 1229 3350 blaibomium
1253 3295 1324 3346 tom.
1344 3289 1372 3347 3.
1391 3305 1496 3346 rernm
1511 3287 1639 3347 Gannico.

929 3403 994 3464 pag.
1017 3385 1086 3444 739.
1108 3384 1176 3442 iai.
1276 3438 1279 3443 .

967 3481 1020 3538 Pro
1040 3477 1149 3536 Othone
1168 3477 1215 3534 lV.
1230 3477 1281 3553 qui
1300 3474 1337 3533 ab
1355 3474 1390 3534 Α.
1411 3475 1492 3534 lios
1510 3473 1546 3533 ad
1567 3470 1641 3533 isli.

928 3574 1129 3650 imperitavit,
1145 3576 1245 3630 exstat
1262 3569 1404 3646 Apologia
1425 3560 1569 3638 Heorici',
1586 3567 1644 3625 illei-

928 3667 1016 3726 bomii
1038 3667 1086 3726 avi
1109 3665 1257 3725 adversus
1281 3651 1523 3739 Uesper'gensem
1552 3660 1644 3736 Cuspi-

929 3761 1073 3830 niaaum,
1095 3757 1162 3816 Seb.
1194 3747 1381 3816 blunsteriim
1416 3748 1554 3832 aliosque
1576 3752 1642 3813 edila

925 3960 998 4009 iilum
1009 3969 1090 4021 aquae
1104 3955 1232 4018 judicium
1244 3952 1374 4002 dilinmuto
1387 3965 1464 4016 super
1477 3957 1536 4016 equi
1549 3955 1646 4013 rupim,

923 4041 998 4096 sique
1016 4030 1030 4080 is
1048 4037 1119 4079 reatu
1132 4029 1236 4077 liberato
1249 4063 1257 4086 ,
1270 4034 1296 4076 ct
1308 4028 1482 4087 fragmentum
1494 4028 1526 4075 de
1538 4023 1648 4075 mansio·

925 4110 996 4155 sione
1013 4106 1136 4168 eorporis
1160 4105 1186 4155 s.
1207 4102 1334 4164 Dionysii
1351 4113 1365 4149 e
1384 4105 1494 4152 Francia
1511 4106 1538 4151 in
1556 4104 1648 4150 Germa·

925 4185 993 4231 iiiam
1012 4182 1043 4230 ad
1062 4183 1240 4229 monasterium
1258 4182 1281 4226 s.
1299 4180 1491 4227 Emmeramsui.

970 4256 996 4317 sl)
1010 4261 1047 4304 Ex
1064 4256 1104 4305 bis
1122 4254 1205 4303 eidam
1225 4255 1297 4301 Pezlo
1319 4251 1439 4300 debemus
1456 4251 1612 4313 Epistoloni
1624 4247 1649 4295 de

925 4331 1113 4394 permissionis
1136 4328 1267 4375 bonorum
1294 4325 1469 4373 etmalorum
1487 4327 1578 4374 causis
1599 4334 1648 4384 psa.

925 4407 1043 4456 ebs-ebo.
1056 4416 1082 4457 ei
1097 4416 1244 4452 sermonem
1257 4403 1287 4450 in
1312 4400 1410 4450 Natali
1427 4400 1615 4461 Apostolorum
1627 4411 1647 4459 p

925 4481 1041 4532 iiiii-bil.
1058 4483 1175 4528 Necnon
1192 4477 1375 4538 precationem
1392 4475 1546 4537 peccatoria
1561 4473 1647 4531 ,ibeo

925 4558 995 4607 disco
1012 4556 1131 4605 idiomate
1142 4590 1149 4613 ,
1160 4561 1222 4603 tom.
1242 4551 1264 4600 l.
1282 4549 1427 4601 sinecdotor.
1449 4562 1508 4612 pag.
1524 4547 1579 4618 iii.
1596 4555 1646 4596 cau

926 4635 1013 4680 latinu
1034 4629 1152 4679 Otboloai
1170 4630 1285 4676 versione
1302 4639 1327 4686 p.
1343 4623 1398 4674 lai.
1429 4626 1510 4685 incip.
1539 4620 1644 4682 maisin

928 4704 1097 4766 bimaitiper.

972 4779 996 4838 e)
1013 4781 1057 4831 llic
1069 4781 1121 4840 ipsc
1133 4776 1232 4827 ridetur
1245 4774 1499 4838 quemilabiilonius
1518 4774 1542 4822 in
1565 4764 1642 4818 Anab-

928 4857 975 4902 rils
991 4851 1077 4901 Odldll.
