3568 5414
675 209 935 272 ONULFUS
1497 213 1550 274 404

126 315 293 390 ONULFUS,
314 331 403 394 supra
427 319 454 376 in
478 316 715 377 EVEllllELhiO.
829 318 988 396 llytholog.
1002 319 1072 376 3443
1086 317 1271 394 expositione
1284 316 1463 396 Virgilianae
1481 337 1550 384 con-

125 408 206 472 0NUS
227 406 397 482 ·4433433433,
418 409 493 471 liber
516 408 671 469 thNNlS
693 407 777 470 Chia·
832 403 983 472 tinentiae.
1001 409 1117 470 Citatnr
1134 411 1223 469 etiam
1242 410 1279 470 ab
1300 411 1448 472 Amalario
1460 413 1554 490 Epist.

96 503 196 576 4443444,
213 501 248 562 43
268 519 327 580 quo
349 519 441 579 supra
462 510 485 562 4.
506 503 553 563 444.
577 519 604 580 3.
626 503 693 562 354.
832 503 867 563 ad
885 503 1043 562 tenemium
1059 501 1262 562 Senonensem
1281 503 1419 583 hrohiep.
1436 512 1507 564 tom.
1536 505 1553 563 3

122 593 263 656 Guilelmus
282 593 320 654 (43
337 595 449 656 004444.
472 595 604 674 Suprat.
622 596 649 654 3.
666 613 694 674 p.
711 595 778 656 400.
833 595 974 674 spicilegii
992 595 1166 656 Dacheriani
1185 595 1256 656 edit.
1273 613 1368 656 novae
1391 615 1456 676 pag.
1486 599 1553 658 330.

121 687 244 768 43333433
262 687 411 748 0PlTlUS
424 686 536 764 ,cujus
554 703 709 748 sermones
723 690 779 748 Do-
833 689 897 747 eta
924 688 1030 748 Milone
1058 687 1220 748 Elnonensi
1251 690 1334 769 3334
1359 687 1553 751 Edmnndnm

93 781 303 844 ninioalcsehiti
324 780 662 864 argentariense
684 778 796 841 Philo-
832 783 963 840 ltlarteue
982 787 1053 840 4343.
1077 780 1280 842 4333343434.
1294 797 1358 862 333.
1332 783 1488 844 345334.
1502 787 1553 862 qui

93 876 222 954 sophorum
253 882 284 934 et
314 875 471 934 Poetarum
493 873 611 934 intormi
634 873 700 934 fide.
723 873 779 933 No-
833 874 920 934 ambo
937 889 1007 933 eum
1024 889 1093 934 cum
1112 872 1272 951 Porphyrio
1289 875 1466 953 Philosopho
1483 887 1554 936 con-

90 971 154 1030 rimh
174 968 253 1029 4477.
276 968 322 1027 434
630 989 632 996 ·
834 967 964 1028 tundunt
976 966 1077 1044 ,qnod
1097 969 1186 1026 344343
1205 967 1311 1026 434343
1329 969 1439 1030 iactum
1463 971 1554 1029 33444

119 1058 245 1120 Publilius
261 1060 498 1122 OPTthhNUS
516 1058 723 1142 Porphyrius,
740 1059 778 1120 03
832 1060 957 1119 44343343
974 1057 1025 1118 sed
1045 1061 1095 1137 qui
1113 1057 1149 1118 ad
1164 1057 1220 1118 An.
1239 1061 1305 1120 345.
1328 1061 1408 1121 444433
1422 1077 1553 1120 34434343

89 1169 132 1232 quo
149 1155 174 1216 S.
193 1155 390 1232 Hieronymus
412 1155 440 1213 43
463 1155 609 1216 Chronico
629 1153 666 1214 ad
688 1151 722 1212 h.
744 1152 776 1213 C.
832 1151 944 1212 diserte
966 1154 1149 1212 retractavit.
1179 1153 1267 1212 Porro
1296 1154 1380 1234 433443
1395 1157 1555 1214 *assentior

90 1243 778 1327 steconstantmtuagntssunpuytaosmtsso
831 1246 1039 1318 tillemontio,
1057 1248 1110 1323 qui
1129 1247 1157 1304 43
1177 1245 1300 1306 historia
1332 1248 1549 1325 Imperatorum

86 1340 116 1399 34
128 1340 339 1402 haematinum
367 1339 477 1420 insiyni
495 1337 662 1414 uolumine,
684 1336 777 1399 exilio
832 1345 902 1398 4343.
922 1339 968 1399 lv.
987 1355 1052 1416 pag.
1070 1337 1129 1400 354
1151 1355 1209 1398 333
1223 1338 1377 1399 (4444343343
1395 1347 1481 1418 33434
1493 1341 1553 1418 03-

88 1430 214 1494 liberatur.
242 1433 389 1496 Velamen
420 1433 501 1494 istud
531 1439 660 1493 aetatem
688 1431 775 1503 tulit,
831 1434 976 1491 tatianum
994 1431 1188 1509 Porphyrium
1204 1433 1221 1490 3
1240 1432 1552 1511 PublilioOptatiano,

86 1529 239 1603 praemissas
260 1527 376 1588 habens
397 1527 549 1606 Porphyrii
572 1525 607 1585 ad
629 1526 777 1586 0333433-
831 1527 881 1602 qui
901 1524 1117 1602 praefecturam
1135 1525 1244 1583 Romae
1273 1542 1325 1602 per
1351 1542 1462 1604 paucos
1490 1525 1554 1586 dies

85 1623 175 1697 443343,
190 1629 219 1682 34
239 1622 428 1684 Constantini
450 1619 487 1680 ad
509 1617 706 1696 Porphyrium
729 1616 775 1676 444-
831 1624 925 1694 gessit
937 1617 993 1676 hn.
1010 1616 1078 1676 349.
1095 1623 1187 1694 atque
1203 1618 1310 1676 iterum
1323 1618 1380 1678 ho.
1395 1620 1442 1679 33.
1458 1625 1494 1678 34
1509 1635 1554 1678 43-

83 1721 158 1776 teras:
182 1716 323 1793 vanoque
353 1714 495 1774 carminis
525 1719 556 1772 at
586 1708 776 1772 difficillimae
831 1709 898 1768 4344.
915 1717 1003 1770 vetus
1021 1710 1148 1786 scriptor
1165 1709 1253 1769 libelli
1272 1708 1310 1769 (43
1328 1712 1486 1788 3433433443
1499 1711 1553 1771 Ur·

83 1812 223 1868 umctnrae
239 1823 369 1886 genere,
385 1803 490 1866 laudes
510 1813 541 1864 et
557 1801 775 1883 panepyricum
831 1804 877 1863 his
891 1801 971 1882 apud
989 1801 1144 1880 AEgidium
1157 1802 1336 1864 Bucherium
1355 1807 1384 1864 in
1413 1805 1550 1864 doctrina

81 1905 163 1958 urens
180 1897 370 1962 Constantino
383 1898 510 1976 443333,
527 1913 585 1956 333
606 1895 692 1956 modo
721 1911 774 1974 per
830 1905 999 1974 temporum
1031 1913 1096 1975 pag.
1127 1896 1196 1956 439.
1217 1894 1322 1974 Neque
1348 1897 1548 1958 omittendam

81 1991 266 2054 mrostichides
295 2000 326 2053 34
353 1989 555 2064 telesticides,
587 1989 639 2050 sed
673 1988 776 2049 multis
829 1988 908 2068 qnod
927 1989 1147 2051 Constantinus
1165 1989 1552 2068 inlipistolalihelloopta-

79 2083 129 2143 aliis
141 2086 270 2148 artificiis
284 2101 410 2146 numero
428 2085 587 2164 positaque
605 2083 771 2142 litterarum
830 2084 900 2152 liant
918 2084 1082 2161 praemissa
1099 2099 1169 2142 eum
1185 2079 1315 2162 44343334
1338 2083 1549 2145 charissimum

79 2175 243 2254 ludentibus,
258 2178 323 2257 jam
341 2179 451 2257 4433433
469 2180 567 2238 varias
584 2183 618 2237 ut
635 2192 725 2236 carm
744 2176 771 2235 4.
827 2177 965 2256 appellat.

79 2268 173 2346 4444443,
191 2273 237 2333 ta.
259 2271 378 2332 fistulae
399 2277 429 2330 34
444 2271 494 2331 44.
513 2285 577 2347 seq.
594 2269 695 2346 343334
716 2267 772 2344 hy·
867 2271 1024 2331 Suetonius
1041 2269 1298 2344 OPTthhNUS,
1318 2287 1375 2330 non
1390 2281 1479 2332 notus
1493 2275 1547 2331 nisi

79 2359 229 2442 44434434ς34
243 2363 310 2443 jam
329 2379 438 2425 sensus
457 2365 572 2438 varios,
590 2361 772 2422 utcarmiue
827 2381 863 2424 344
883 2363 1324 2442 FlavioVopisco,qniuilom
1355 2363 1450 2423 Taciti
1472 2367 1546 2443 4433.

75 2455 112 2514 44
127 2473 229 2518 333433
255 2457 407 2536 3433444443
426 2457 535 2516 44443443
555 2453 774 2515 diversicolori-
827 2457 864 2516 ab
881 2473 916 2516 eo
933 2455 1072 2516 traditam
1091 2456 1182 2516 raiert
1197 2472 1262 2532 333.
1278 2458 1330 2516 xl.

23 2557 24 2568 ¹
75 2545 175 2627 hesper
188 2549 307 2612 medios
323 2565 433 2611 versus
449 2550 641 2610 currentibus
658 2546 687 2624 b)
702 2545 773 2608 olle-
868 2549 1105 2626 3104444443,
1126 2549 1360 2624 llilevitanusd)
1391 2553 1420 2609 in
1448 2552 1548 2609 Numi-

73 2656 134 2701 reos.
152 2643 228 2706 hnic
255 2645 396 2722 Crispum
423 2643 480 2704 An.
498 2644 530 2704 C.
557 2643 624 2704 344.
654 2638 773 2701 interie-
827 2641 873 2701 dia
891 2641 1213 2721 hiricae,‘Episeopns
1230 2644 1308 2704 oiroa
1334 2642 1391 2702 hn.
1419 2642 1450 2701 C.
1479 2643 1546 2704 370.

74 2740 137 2798 etam
152 2740 312 2818 scripsisse
332 2745 417 2799 notat
434 2739 592 2814 velserus,
608 2737 677 2815 quia
695 2734 774 2794 illins
826 2737 947 2815 scripsit
963 2736 1111 2798 adversus
1123 2735 1367 2810 PhltlllENthl,
1380 2738 1548 2797 4433344343-

73 2829 104 2886 343
126 2833 281 2892 meminit:
304 2831 416 2910 Crispe
444 2830 511 2892 auis
537 2828 651 2890 melior.
673 2829 772 2890 Etiam
828 2847 894 2890 rum
913 2829 1091 2909 (4344533433
1106 2831 1242 2906 Episcopi
1262 2833 1410 2888 tractatus
1439 2830 1548 2890 Catho

74 2919 255 2986 Christianum
275 2926 370 2986 luisse
388 2925 582 3002 Porphyrium
602 2922 697 2998 hunc,
715 2936 773 2980 non
827 2921 891 3011 linis
908 2924 1077 3001 oppositos,
1097 2925 1156 2984 Vll.
1175 2923 1266 2983 libros
1284 2923 1349 2982 illos
1376 2923 1548 2982 celebratis-

24 3027 25 3030 *
71 3021 96 3071 44
110 3017 181 3078 0343
201 3019 240 3080 43
257 3026 326 3080 3443
345 3020 470 3079 43344433
491 3019 607 3097 343344,
625 3023 656 3077 34
671 3031 774 3076 asseu·
828 2997 920 3075 simos
940 3015 976 3076 (43
991 3014 1148 3077 schismate
1162 3014 1403 3077 Donatistarum.

25 3139 26 3148 1
72 3107 393 3202 043474443433344333)
410 3116 655 3194 paganumrectc
683 3109 774 3172 Scali·
868 3111 963 3169 Prima
981 3108 1186 3191 editioparum
1204 3107 1416 3170 emendatalo.
1432 3107 1550 3169 Coohlei
1580 3115 1582 3124 ’

25 3208 146 3273 geret
162 3203 306 3266 velserus
320 3205 533 3266 observarunt
557 3201 629 3262 Vide
646 3202 772 3262 Carmen
827 3220 864 3263 344
882 3203 954 3264 Bihl.
974 3203 1092 3266 Cusana
1114 3219 1207 3282 prope
1234 3205 1382 3265 Trevirim
1415 3205 1544 3279 44433334.

25 3253 28 3360 4
69 3288 126 3350 44.
121 3312 146 3353 43
163 3313 222 3375 quo
241 3299 316 3359 haec
337 3297 441 3358 verba:
459 3286 653 3376 Filiusatpne
668 3297 772 3368 Pater,
824 3295 910 3356 4549
927 3297 976 3357 434.
992 3295 1027 3356 34
1047 3298 1158 3357 calcem
1177 3297 1318 3357 librorum
1335 3296 1547 3358 ConradiBru·

68 3387 217 3451 08333433
233 3391 395 3472 Spiritus,
423 3405 534 3464 unum,
562 3386 667 3470 faueas
685 3383 771 3450 uotis.
827 3391 856 3446 34
878 3389 915 3448 43
933 3389 1108 3465 haereticis,
1127 3397 1245 3450 tuntum
1260 3405 1319 3450 sem
1342 3387 1434 3452 ls'hros
1463 3391 1547 3449 344444-

70 3473 113 3536 4400
137 3489 242 3558 poema
273 3483 593 3562 repertum-Viennae
618 3484 635 3542 h
659 3482 772 3542 Joanne
827 3481 1289 3561 bet,septimoomisso,quem
1308 3485 1546 3560 temporeinter—

26 3563 27 3630 l
69 3565 148 3632 iunio
154 3576 359 3654 ,editumque
371 3578 449 3636 inter
461 3583 595 3655 33334343
606 3583 708 3635 vetera
721 3574 772 3666 Pe-
826 3572 938 3651 rjecto
934 3575 1068 3636 additum
1086 3575 1261 3636 abnoctare
1278 3576 1307 3648 e)
1320 3575 1470 3652 probabile
1481 3582 1545 3651 est,

26 3663 440 3731 nannetensium.
470 3670 771 3730 443403334433
825 3669 1177 3747 siquidemlibroprimo
1198 3684 1262 3746 333.
1289 3669 1317 3726 7.
1344 3675 1462 3728 4334343
1491 3687 1545 3730 334

26 3695 28 3848 4
69 3753 139 3833 ι034.
166 3763 257 3825 4596.
286 3765 402 3824 iteum
420 3765 664 3841 interpretatione
680 3767 768 3832 443434
823 3763 914 3823 hhros
930 3757 1059 3841 Optatus
1070 3764 1232 3841 promittit
1245 3777 1300 3822 nec
1315 3762 1417 3840 plures
1433 3779 1544 3821 memo

71 3843 159 3911 4443344
173 3855 358 3934 ,Augustae
376 3854 491 3915 Vindel.
508 3857 595 3934 4595.
612 3857 660 3917 434.
677 3865 707 3918 et
730 3856 766 3917 ad
823 3864 869 3916 434
884 3857 1129 3934 hieronymusin
1148 3854 1366 3934 03434333333.
1395 3855 1462 3915 444.
1490 3857 1546 3915 llo-

27 3929 28 4002 4
67 3941 428 4028 uhamopernmvelseri
450 3950 687 4010 normulatim
717 3953 766 4012 434.
824 3949 1033 4011 nortusltbt
1051 3965 1115 4026 cap.
1134 3949 1210 4010 cxl.
1222 3948 1481 4028 Trithemiuscap.
1494 3949 1542 4010 75.

68 4031 145 4096 0444443
159 4044 316 4121 3343443343
327 4042 436 4102 Crrttco
452 4036 613 4102 Christiani
632 4044 767 4117 Daumii,
861 4042 989 4103 Eosdem
1017 4039 1238 4102 emendatiores
1266 4060 1304 4102 344
1337 4043 1539 4122 Mannsoripto

27 4141 109 4244 ι400
122 4131 295 4195 4343344333
314 4132 428 4193 editio
422 4137 637 4212 inprimiscum
651 4135 768 4196 Pithoe-
821 4137 985 4214 Espencaei
1004 4136 1074 4212 vul
1058 4135 1140 4195 eavit
1167 4135 1389 4215 illustravitque
1417 4137 1546 4199 Franci-

27 4199 29 4281 4
71 4223 279 4306 indiligenter
295 4229 457 4290 confertur.
472 4223 698 4308 Epr'prammata
714 4231 768 4291 hu·
820 4246 887 4290 scus
906 4227 1091 4302 0444434333,
1105 4231 1151 4288 vir
1171 4248 1207 4308 33
1210 4247 1261 4308 433
1263 4231 1310 4290 ius
1328 4231 1419 4290 Paris.
1451 4232 1541 4293 4553.

28 4316 260 4410 404434353444
279 4321 445 4384 3443344443
472 4323 628 4418 4444333443
660 4323 708 4384 lib.
737 4325 765 4384 4.
820 4321 920 4382 addito
934 4325 1023 4382 ettam
1043 4324 1301 4400 minutioribusty
1287 4339 1352 4402 343
1366 4319 1442 4382 utro
1454 4325 1545 4404 septr-

28 4519 30 4654 4
96 4515 116 4570 04
129 4519 345 4572 tonlerllorlunll
357 4525 435 4575 tteeu
448 4527 656 4574 commentarium
672 4527 697 4574 tn
709 4527 773 4573 Por·
816 4523 918 4573 artificii
935 4521 1056 4585 33443443
1072 4525 1102 4574 tle
1119 4537 1171 4586 qno
1188 4523 1253 4572 43443
1270 4525 1295 4572 43
1314 4521 1425 4570 hebeno.

70 4583 211 4645 hortium
231 4597 540 4656 ministrantium.
555 4599 581 4652 4.
596 4598 767 4660 3443343433
864 4598 890 4659 3)
907 4601 976 4647 tom.
998 4601 1038 4648 lv
1056 4599 1118 4648 hist.
1138 4601 1272 4648 53333433
1288 4609 1346 4659 pag.
1362 4595 1418 4646 009,

67 4653 200 4728 4440104433,
218 4677 326 4734 Augusti
346 4674 469 4724 4433443344
499 4679 571 4723 notas
597 4675 628 4723 sd
656 4675 771 4722 venantii
862 4671 890 4728 (4)
906 4675 967 4723 heta
983 4675 1095 4724 sanctor.
1113 4681 1165 4724 tom
1183 4674 1194 4721 1
1214 4676 1336 4722 lunltlv.
1355 4683 1439 4732 png‚o
1424 4669 1504 4718 500
1494 4680 1546 4728 seq.

68 4731 169 4792 4044443444
186 4746 312 4806 hymnum
329 4749 359 4798 de
377 4747 758 4808 resurreetionecllrlslipfflt
819 4748 961 4798 4444343334.
978 4749 1149 4799 timemur.
1169 4748 1347 4798 441344433433.
1365 4757 1390 4806 3.
1409 4743 1531 4802 144433.

99 4809 180 4869 044433
197 4833 268 4884 epar
270 4835 333 4884 aere
352 4823 462 4872 litterar
479 4823 706 4880 vocat-,hohtnus
728 4827 772 4883 nui
863 4821 889 4878 e)
907 4821 1004 4872 contar.
1021 4822 1207 4872 tillemontium
1224 4829 1285 4878 tom,
1305 4823 1344 4877 vt,
1362 4829 1466 4866 mernor.
1484 4818 1546 4866 44434.

29 4897 30 4978 J
70 4884 208 4954 'mutuno
225 4896 278 4946 hoc
295 4897 383 4946 4444434
374 4909 412 4948 se
429 4910 454 4948 ss
473 4902 607 4961 profitetur
625 4901 650 4946 43
682 4899 772 4948 similis
821 4898 913 4946 433433.
932 4907 1019 4956 333(
1008 4897 1063 4946 744.
1081 4897 1136 4946 740

1249 4994 1304 5055 ltu
1403 5013 1405 5020 ·
