3368 5362
98 175 161 235 206
737 169 949 231 PAULUS

101 286 204 343 testate
232 279 459 353 Ecclesiastico,
481 279 677 340 Librarierum
705 277 817 339 incuria
872 283 987 354 partem
1009 279 1127 339 ceehcit
1141 281 1279 341 tractatio
1295 280 1335 340 de
1353 280 1486 360 dieque
1499 284 1569 347 Chri·

99 382 273 453 corruptum
288 419 295 448 ,
308 375 455 443 restituit,
467 370 620 450 ediditque
633 373 714 432 item.
729 369 817 430 4479.
872 377 939 431 stus
959 371 1048 432 Cruci
1066 373 1195 435 suffixus
1210 381 1268 435 est
1294 374 1357 437 llis
1379 376 1476 437 trihus
1488 385 1516 437 et
1528 383 1571 438 tri

138 466 308 548 Apolopiam
325 465 446 527 Ordinis
459 464 673 544 Anaustinioni
682 513 691 542 ,
706 464 818 537 Guilel-
869 466 951 543 gieta
967 465 1068 537 libris,
1080 468 1212 543 'quornm
1229 467 1279 527 44.
1298 475 1373 527 sunt
1384 467 1423 528 de
1437 469 1571 541 Paschae·

99 580 147 623 mo
164 562 392 640 llothemegeusi
410 559 557 621 Cardiuali
575 560 724 629 dicatam,
740 560 770 617 4.
788 560 814 618 4.
871 558 975 635 reliqui
999 559 1044 620 49.
1067 561 1108 619 Da
1130 561 1291 633 Passione,
1312 561 1427 623 author
1455 563 1573 625 liberarit

137 657 179 714 De
193 653 256 714 aila
270 655 301 714 S.
315 653 472 726 Monicoe,
487 653 591 712 loanni
608 653 732 712 Senensi
748 651 818 729 Epi·
872 659 1077 731 nuncupatum
1100 669 1117 713 a
1141 670 1175 713 se
1197 662 1303 715 votnm
1325 655 1477 717 scribendi
1498 654 1572 717 lihmr

97 767 185 828 scope
206 752 362 825 Messene,
384 755 416 806 et
437 746 586 806 sacristae
608 745 683 805 sixti
706 746 753 805 lV.
774 744 819 803 dl·
871 746 1011 807 xxxiii.
1027 744 1069 804 ad
1084 744 1201 819 vineam
1217 754 1249 805 ct
1263 762 1377 824 aarum
1391 748 1508 811 Domini
1515 766 1572 835 per-

96 849 181 915 cata,
205 844 234 901 l..
258 845 284 902 t.
307 843 390 903 Rom.
414 839 500 900 4479.
525 839 552 897 4.
871 842 1002 912 lineales,
1026 845 1060 900 ut
1076 840 1139 918 ipse
1152 846 1284 901 testatur
1302 843 1332 900 in
1350 844 1454 920 operis
1468 845 1571 920 epilogo.

92 1005 95 1009 ,
136 937 177 995 De
197 935 261 995 vita
281 939 312 995 et
330 931 488 993 miraculis
508 933 542 991 tt.
560 929 689 992 Helenae
706 930 741 991 de
760 931 818 990 Uti-
872 933 981 993 Prediit
1010 949 1087 1010 opus
1108 936 1136 992 in
1159 934 1207 994 lul.
1228 936 1297 1009 (eon
1320 937 1351 993 in
1376 936 1404 994 4.
1435 943 1469 995 44
1494 937 1573 995 labri

94 1047 149 1104 ne,
173 1032 203 1088 t..
226 1033 254 1090 4.
274 1029 311 1089 ad
334 1028 459 1088 Paulum
482 1028 516 1086 ll.
537 1016 717 1085 ¹Pontificem
740 1028 815 1085 hlax.
871 1030 936 1087 cius
957 1027 1069 1104 scribit)
1081 1029 1321 1109 Forosemprouii
1345 1045 1397 1089 an.
1415 1031 1571 1113 littidum

132 1124 291 1184 Sermones
310 1137 429 1198 quoque
453 1121 546 1189 varii,
569 1121 598 1179 L.
623 1123 650 1180 4.
872 1123 969 1182 virum
992 1120 1175 1199 astrologiae
1197 1127 1297 1183 aetate
1320 1115 1378 1185 sua
1400 1125 1570 1206 principem,

133 1213 333 1280 ttntnsae
350 1214 519 1283 Sliorto,
537 1230 642 1291 supra,
670 1213 817 1274 44444448
869 1213 1000 1292 appellat
1021 1212 1119 1274 Lucas
1140 1213 1177 1273 de
1205 1216 1304 1291 Burgo
1337 1217 1369 1277 S.
1401 1217 1533 1294 Sepulcri
1550 1219 1569 1279 ie

95 1309 267 1386 Eurpensis.
871 1323 926 1366 sna
946 1306 1140 1380 Aritmetica,
1161 1324 1252 1384 quarn
1274 1309 1383 1386 grandi
1406 1310 1467 1369 vel.
1488 1311 1568 1370 ltaliae

139 1401 286 1462 44444448
304 1402 386 1460 Prior
404 1400 440 1460 ad
452 1401 483 1460 S.
498 1397 633 1460 Mariam
645 1399 681 1458 cle
692 1396 816 1478 Populo,
870 1400 963 1459 edidit
984 1400 1118 1459 venetiis
1140 1418 1187 1461 44.
1213 1401 1301 1460 4494.
1323 1401 1401 1462 Vide
1422 1406 1488 1463 eius
1507 1421 1570 1481 prae

95 1496 190 1568 inira,
211 1492 331 1553 Paulos
348 1492 383 1553 de
400 1496 500 1553 Romo.
871 1495 1009 1554 tationem
1032 1493 1069 1554 ad
1087 1494 1218 1554 Gnidum
1237 1494 1391 1557 Uhaldum
1406 1497 1507 1558 Urbini
1522 1495 1569 1555 ‘et

136 1584 817 1665 444444484444444449εωί444444444444
869 1605 958 1665 supra
980 1586 1164 1648 PhClOLUS
1187 1589 1304 1663 lacos.)

95 1683 153 1739 site
171 1683 292 1741 lovanii
317 1682 451 1747 tirocinio
478 1669 644 1739 litterarum
671 1679 814 1757 editaque
909 1680 1055 1741 44444448
1072 1679 1558 1762 lionoelerm,bqno,cellegas'll

94 1771 278 1854 Epistolode
295 1770 439 1832 Paschate
455 1768 660 1846 observando,
678 1770 814 1831 etoeoie
869 1774 993 1835 l'llhh'O
1033 1772 1174 1854 liepalom
1199 1773 1416 1834 Monocltoram
1445 1779 1567 1855 scriptun

94 1865 265 1940 Passionis,
284 1866 321 1927 ad
339 1867 571 1926 Universitatem
594 1866 813 1924 lovaniensem
869 1867 959 1928 tradit
975 1867 1154 1944 4444444444
1171 1868 1355 1935 llellicensis
1368 1887 1438 1949 cap.
1456 1870 1504 1932 st.
1527 1874 1566 1930 te

96 1977 151 2019 uec
165 1978 223 2019 nen
243 1957 434 2038 Prognostica
446 1956 813 2019 onmem‘mitmnamtu-
869 1961 986 2022 aedicto
1000 1961 1117 2022 ¹Aniene
1136 1965 1164 2020 in
1189 1962 1355 2023 Concordia
1385 1963 1567 2041 Regularum,

93 2053 239 2112 siriacum
258 2054 324 2110 sive
341 2053 468 2128 practica
486 2050 523 2109 de
540 2067 644 2130 pravis
655 2050 814 2111 constella·
866 2064 897 2115 et
914 2054 1077 2133 smaragdo
1090 2057 1119 2114 iu
1137 2055 1475 2135 expositioneliegulae
1486 2059 1514 2118 S.
1527 2058 1568 2125 lio

95 2146 247 2204 tionibus:
269 2145 422 2222 proiectus
447 2147 476 2203 in
509 2144 651 2213 ltaliam,
680 2143 812 2203 bladinus
867 2146 994 2223 nedicti,
1015 2149 1124 2209 Paultm
1142 2149 1190 2207 hic
1210 2154 1242 2207 et
1259 2147 1437 2226 Stephanus
1453 2149 1567 2210 hbbates

98 2238 190 2297 Ducis
210 2236 397 2297 Urbinatium
415 2236 470 2298 44.
490 2237 578 2298 tter.
591 2236 693 2296 Urbini
708 2244 812 2297 contra
866 2241 1064 2320 appellantur.
1080 2242 1192 2301 Eorum
1210 2239 1338 2320 Depolo,
1356 2245 1436 2304 4444.
1449 2243 1568 2322 captiba

95 2334 240 2391 loannem
258 2330 387 2391 Barbam
404 2329 498 2390 edidit
518 2327 717 2409 defensionem
738 2331 812 2390 Pro·
865 2342 1008 2393 constans
1021 2378 1029 2406 ,
1043 2334 1164 2412 vulgata
1178 2342 1226 2395 cst
1242 2335 1280 2395 ab
1297 2335 1456 2396 llolsteoio
1477 2339 1506 2397 in
1526 2339 1567 2399 Co

94 2422 234 2502 pnoeitiei
244 2471 252 2499 ,
267 2423 541 2504 otqaeinuectiuam
553 2422 812 2503 insupersiiosum
866 2426 930 2487 dice
948 2427 1118 2506 regularum
1139 2435 1221 2505 parte
1240 2430 1269 2488 9.
1289 2445 1356 2506 pag.
1374 2429 1479 2491 tit-52.

101 2520 217 2579 Vatem:
246 2520 402 2597 iactusque
430 2517 498 2577 inde
529 2519 697 2596 Episcopus
724 2519 811 2578 Foro
907 2521 1052 2582 44444448
1072 2519 1476 2600 Diaconusltleopolitanos,
1492 2540 1568 2602 snpra

96 2615 353 2690 semproniensis,
371 2620 402 2673 et
420 2612 614 2673 Pontificibus
630 2612 709 2672 lulio
727 2614 762 2672 ll.
779 2618 810 2671 et
867 2619 895 2675 in
916 2613 1010 2674 Panlo
1033 2615 1162 2674 Dracone
1180 2633 1207 2692 p.
1224 2616 1292 2675 499.

100 2711 189 2767 Leoni
208 2709 244 2768 44.
262 2707 373 2767 charus
392 2708 526 2767 interinit-
540 2707 673 2766 Concilio
693 2709 810 2765 Latera·
904 2708 1052 2768 44444448
1071 2706 1156 2767 Nivis
1174 2707 1410 2789 (Solone-Domi)
1431 2712 1569 2772 humanis

97 2804 184 2860 nensi
204 2802 260 2860 44.
279 2802 368 2860 itte.
388 2800 540 2877 rebusque
569 2801 708 2860 humanis
730 2802 812 2862 rala-
865 2819 914 2863 res
932 2803 1051 2863 litteras
1068 2817 1120 2880 pro
1146 2809 1238 2880 captu
1253 2819 1381 2864 snorum
1412 2812 1569 2883 temporum

98 2895 175 2954 dixit
189 2897 298 2955 homae
314 2894 370 2952 44.
390 2894 478 2954 isat.
492 2901 573 2955 aetat
592 2895 639 2967 89,
658 2895 708 2954 Vir
737 2896 813 2973 peri·
866 2896 966 2956 docuit
987 2897 1100 2971 Lipsiae
1114 2939 1121 2966 ,
1137 2903 1295 2974 superstes
1312 2896 1413 2957 adhuc
1429 2897 1488 2959 44.
1500 2894 1571 2958 4494.

100 2991 238 3048 tissimus
247 2989 289 3047 rei
308 2986 535 3047 Mathematicus
551 2986 693 3064 idemque
718 2987 822 3047 diser-1
866 2988 905 3049 de
925 3006 985 3065 quo
1002 2988 1187 3049 Trithemius
1206 2989 1245 3049 de
1260 2992 1290 3050 S.
1311 2991 1346 3051 E.
1363 3008 1433 3069 cap.
1463 2988 1572 3051 9444444

101 3085 272 3154 tissimum,
295 3097 381 3160 quem
402 3088 481 3140 teste
498 3080 577 3159 apud
590 3082 740 3142 Valerium
752 3080 814 3141 44·
867 3082 1065 3143 luminaribus
1085 3083 1264 3143 Germaniae
1280 3101 1308 3144 c.
1322 3085 1392 3145 att.
1418 3087 1493 3164 Eius
1515 3084 1574 3146 sori·

101 3176 202 3236 dream
221 3178 287 3254 pag.
305 3175 374 3234 746.
403 3176 586 3250 b'eviemago
609 3174 675 3256 ipsa
702 3172 811 3251 ltalia,
867 3183 937 3254 pta:
960 3172 1108 3254 Epistulae
1122 3173 1265 3255 forntalm
1278 3179 1345 3237 sive
1358 3180 1505 3241 termulae
1516 3180 1573 3239 scri·

99 3287 177 3350 qaae
192 3267 373 3331 vailameri
388 3268 600 3344 Latinissrmn,
621 3275 813 3348 pemranmnt
865 3269 1031 3329 bandarum
1049 3270 1251 3346 Epistularum
1263 3271 1463 3343 breviorum,
1478 3273 1574 3333 medio

99 3381 210 3444 magno
220 3380 288 3424 eam
298 3361 497 3423 admiratione
507 3379 595 3443 saepe
604 3361 814 3424 audivitseri-
866 3367 960 3423 crium
976 3407 983 3434 ‚
1000 3362 1240 3441 longioremque.
1259 3365 1301 3425 De
1321 3365 1505 3427 institutione
1522 3365 1575 3425 aa

98 3461 159 3538 psit
175 3457 211 3519 cle
229 3456 384 3519 Paschatie
403 3453 612 3518 observatione
629 3457 666 3517 ad
682 3460 812 3517 Leonem
865 3455 998 3519 mirandi.
1031 3454 1175 3534 Dialogus
1207 3458 1240 3517 in
1273 3458 1396 3519 idiotam
1425 3458 1576 3522 beatumet

100 3554 132 3613 ll.
150 3551 244 3614 libros
260 3550 813 3633 quatuordecim,quedopusSumma
866 3549 984 3610 ‹loctmn
1021 3548 1306 3630 Gymnosophistom.
1349 3553 1475 3615 Colores
1508 3552 1571 3615 ortt't

100 3646 233 3708 Paulina
250 3646 285 3706 cle
302 3651 386 3706 recto
403 3643 538 3705 Paschae
555 3642 752 3705 celebratione
769 3648 814 3708 ia·
866 3641 1044 3704 Rhetoricis.
1070 3642 1149 3702 Visio
1170 3644 1328 3723 aquodam
1346 3648 1499 3708 eremitae.

100 3741 249 3800 scribitur.
264 3741 374 3800 Prediit
386 3739 814 3817 Forosemproniii5l3.lnna
908 3737 987 3810 4949.
1015 3739 1058 3797 De
1091 3738 1215 3797 PAULO
1237 3739 1398 3801 Orlrndini
1422 3744 1575 3803 Florentim

100 3851 169 3904 cnm
187 3831 275 3892 libris
292 3832 631 3911 lllll.decliepassienis
643 3832 814 3894 Dominicue
859 3832 943 3896 ‚bien
965 3830 1101 3890 Camald.
1125 3831 1196 3890 Vide
1216 3833 1240 3890 4.
1264 3833 1388 3912 Nigrum
1412 3839 1488 3897 llist.
1515 3833 1575 3894 scri·

100 3925 137 3983 ad
159 3925 393 3986 llaximiliannm
412 3927 582 3987 Caesarem.
599 3926 754 3988 Nenaliud
767 3934 815 3986 est
867 3932 910 4001 pt.
922 3924 1048 3984 Floreat.
1073 3923 1138 3984 tta.
1157 3933 1213 3984 etc.
1226 3927 1268 3985 lte
1296 3926 1362 4004 ejus
1379 3924 1577 4010 Eeptott'ooad·

97 4019 176 4093 quod
194 4021 211 4077 a
229 4020 366 4079 Gesnero
377 4018 415 4079 cle
427 4017 631 4080 emendatione
643 4016 817 4080 calendarii
870 4034 979 4078 versus
990 4019 1187 4078 FranciscDe
1198 4021 1299 4080 llileto
1314 4023 1347 4081 V.
1361 4040 1452 4102 supra
1467 4024 1502 4084 44.
1512 4018 1575 4090 tot.)

103 4114 209 4188 ingens
228 4113 370 4173 volumen
389 4113 570 4190 appellatur.
603 4112 816 4192 Prepnosticon
911 4109 1057 4173 44444445
1081 4112 1227 4188 Orosius,
1251 4130 1342 4192 snpra
1365 4134 1395 4194 p.
1417 4119 1486 4179 466.
1502 4114 1577 4177 otto

103 4202 255 4264 eemndens
275 4205 357 4263 Anno
371 4207 488 4265 Domini
500 4210 587 4268 teat.
599 4208 713 4268 4444444
726 4226 818 4288 ireque
876 4208 971 4268 SlUS.

103 4297 385 4377 universalemque
399 4297 590 4378 particulare
607 4299 754 4362 diluuium
770 4300 819 4382 sa·
913 4300 1061 4363 PAULUS
1085 4303 1257 4364 Pannonius
1270 4349 1277 4374 ,
1292 4306 1481 4383 Presbyter,
1497 4306 1576 4380 scrip·

104 4397 225 4467 tamn,
242 4392 400 4470 vulgatum
417 4395 652 4471 Foreeempronii
670 4396 758 4457 ⁴523.
771 4398 820 4456 Vi·
872 4396 912 4455 sit
934 4394 1025 4454 libros
1046 4395 1122 4457 duos
1144 4395 1179 4455 cle
1204 4396 1380 4475 Virpinitete
1399 4397 1576 4460 semmae

103 4485 140 4546 de
158 4486 310 4547 Lebbenm
328 4489 402 4545 torn.
421 4487 439 4546 2
455 4485 492 4544 de
509 4474 539 4545 S.
562 4489 597 4547 E.
615 4508 642 4566 p.
660 4490 728 4549 474.
872 4492 1019 4548 contemta
1040 4487 1146 4548 Mundi
1156 4536 1163 4560 ,
1184 4505 1222 4549 ae
1243 4490 1324 4551 vitoe
1353 4491 1531 4551 instinctione
1546 4486 1573 4548 ad

144 4579 160 4615 i
182 4580 241 4641 Viri
263 4581 353 4642 buius
373 4597 450 4658 opus
471 4577 508 4640 de
528 4579 678 4643 Pasehote
697 4589 728 4643 et
753 4582 818 4642 libri
873 4584 1079 4643 Constantiam
1103 4584 1261 4662 virginem.
1279 4586 1313 4644 ln
1332 4585 1391 4644 illis
1408 4585 1520 4662 pridem
1535 4580 1574 4639 de

105 4670 140 4731 cle
157 4674 302 4736 Passieno
319 4673 438 4734 Domini
457 4690 551 4735 unum
573 4681 646 4734 sunt
668 4683 698 4735 et
719 4676 818 4753 idcm;
872 4676 996 4754 perditis
1005 4677 1203 4754 ‘reprehendit
1217 4679 1296 4737 inter
1310 4677 1369 4738 alia
1388 4680 1571 4742 turinianum

103 4768 191 4826 cuius
209 4770 310 4848 operis
330 4785 400 4848 pars
431 4770 512 4848 prior
531 4769 593 4847 agit
612 4767 649 4828 de
677 4770 820 4831 Paschate
873 4776 952 4829 teste
972 4770 1127 4830 Gennadio
1155 4787 1221 4850 cup.
1253 4774 1303 4832 ts.
1330 4771 1478 4834 adversus
1497 4779 1570 4846 quom

103 4869 157 4918 seu
169 4863 206 4923 de
216 4864 376 4925 calendarii
386 4867 593 4937 correctione,
613 4863 737 4928 alteram
748 4881 821 4925 vcro
875 4865 995 4943 scripsit
1010 4865 1040 4925 S.
1054 4866 1262 4943 heronymus.
1273 4866 1307 4925 ln
1319 4865 1496 4943 quibusdam
1506 4862 1568 4920 Con·
