3368 5362
801 194 822 254 P
837 193 863 253 A
879 189 903 254 U
918 190 942 250 L
957 191 983 253 U
998 190 1019 250 S

161 199 356 379 bbsclerum,
380 309 440 363 tum
470 303 511 364 ad
535 301 678 384 populum
704 306 732 360 et
758 299 876 379 quidem
937 297 1072 359 n'ttonem
1103 293 1269 357 ,tslrolobii
1280 342 1288 370 ‚
1320 293 1472 371 Pelliaano
1502 298 1577 358 socio
1604 317 1647 361 as-

162 399 394 480 elepantissimos
410 396 521 458 babuit.
551 400 627 458 lianc
649 394 878 473 Schiplrorerus
937 397 1053 465 sumto,
1074 396 1110 450 ut
1128 390 1189 471 epse
1219 407 1337 470 quoqu
1354 407 1433 470 prae
1457 389 1528 451 aliis
1547 392 1600 454 bac
1617 395 1646 455 ia

162 498 209 556 cui
227 513 265 554 ox
283 495 370 554 Elssii
389 493 598 552 encomiastlco
611 488 881 564 dasgastinianoli-
933 494 1023 568 parte
1039 484 1213 566 profecerit.
1243 485 1349 546 Postea
1371 492 1473 546 maren
1493 489 1643 567 linaium

163 596 211 648 cet
233 586 395 664 adiungere
414 583 639 665 Coralessionum
654 578 784 653 librum,
800 585 829 641 et
845 578 881 639 de
936 588 966 642 et
985 583 1113 642 Fratres
1133 597 1248 648 omnes,
1268 597 1357 641 mum
1380 578 1465 641 illius
1494 579 1649 642 armatii

162 678 372 741 Ecclesiastico
382 677 541 759 pensione,
559 684 589 736 et
618 681 765 735 tractatus
797 675 879 735 luris
936 675 1044 736 docuit.
1065 675 1149 734 Anno
1171 675 1331 735 millesimo
1347 673 1649 754 quadringentesimo

162 773 257 832 editos
271 775 381 833 Romae
396 773 451 831 Au.
471 771 558 832 ⁴539.
938 770 1131 847 nonagesimo
1153 769 1282 845 septimo
1300 766 1452 846 praelegit
1473 785 1589 848 quoqru
1610 768 1649 849 sa

201 866 349 927 PAULUS
365 862 543 935 Scordillus,
556 865 664 923 Ductor
676 863 874 922 Decretorum
935 859 1097 921 militariter
1118 865 1253 940 amator>
1268 858 1317 921 uel
1336 860 1472 942 quinque
1494 860 1585 922 libros
1597 865 1649 924 Eu·

161 963 352 1037 Praepositae
370 958 609 1018 Ravennatensis
629 956 802 1025 Ecclesiae,
828 971 881 1014 cu·
935 955 1031 1015 clidis.
1053 953 1182 1032 Scripsit
1202 958 1265 1013 tunt
1285 969 1404 1032 quoque
1427 956 1647 1033 explicationem

159 1052 210 1130 jus
237 1053 493 1113 continuationem
522 1049 588 1110 libri
616 1047 798 1108 Pontificalis
825 1047 880 1107 ltr-
936 1050 1016 1110 Scotl
1039 1049 1070 1107 in
1086 1050 1222 1126 primum
1242 1048 1486 1123 sententiarum,
1513 1067 1590 1128 auae
1604 1067 1648 1127 po
1672 1053 1680 1061 '

160 1147 418 1223 chiepiscoporum
446 1145 722 1203 Ravennatensium
748 1140 785 1200 ab
814 1140 880 1200 AG·
937 1148 1001 1204 steo
1022 1143 1170 1221 impresso
1189 1139 1267 1221 fuit:
1291 1141 1434 1221 eoecmpla
1455 1145 1581 1224 scripsit
1596 1144 1648 1205 ret-

161 1238 288 1299 NELLO
304 1240 400 1315 coepti
418 1245 448 1296 et
459 1237 497 1297 ab
525 1236 686 1313 anonymo
716 1251 815 1311 usque
843 1232 880 1295 ad
937 1234 1054 1296 licanus
1070 1252 1129 1298 sua
1149 1252 1261 1311 manu,
1284 1234 1346 1315 ipso
1367 1235 1511 1297 dictante.
1535 1238 1646 1298 Erotis

166 1326 880 1400 tn.lasa.deducu,desinentominnnttt.
935 1329 986 1390 uir
1017 1328 1126 1389 decutio
1158 1330 1272 1406 inpenio
1305 1334 1335 1389 et
1366 1327 1509 1405 liberali,
1532 1337 1563 1391 et
1587 1331 1650 1392 saut

163 1423 258 1484 edidit
278 1422 458 1483 Benedictus
475 1422 653 1482 Bacchiuius
672 1422 700 1478 iu
717 1419 882 1498 appendice
936 1421 1048 1482 audaci
1064 1421 1106 1481 ad
1120 1422 1260 1483 ueritatis
1276 1421 1515 1503 confessionem,
1532 1425 1649 1486 caiaiu

167 1513 881 1595 stagnellumpsalta-ma.Mutinaetluat.
932 1514 1148 1596 praedicator,
1169 1533 1227 1575 eron
1248 1523 1345 1578 tamen
1376 1516 1559 1593 ordinatus,
1587 1519 1649 1597 outo

205 1611 351 1672 PAbOEUS
383 1607 566 1688 Scriptores,
600 1607 717 1684 dequo
744 1607 884 1668 ltlelchior
940 1608 1154 1669 Guardionus:
1176 1627 1282 1669 oerum
1303 1608 1493 1670 evocabatur
1516 1610 1648 1671 crebroi

164 1703 301 1766 Adamas
323 1706 351 1763 iu
374 1705 434 1764 vita
457 1702 586 1764 Conradi
609 1703 745 1763 Pellicani
764 1720 791 1780 p.
815 1701 883 1763 ild.
937 1701 1032 1763 doctis
1052 1701 1277 1775 sacerdotibus,
1298 1704 1354 1783 qui
1370 1710 1442 1764 tuuc
1459 1707 1648 1767 mantialiu

163 1799 246 1858 Anno
269 1798 445 1871 millesimo,
466 1797 740 1876 quadrigentesimo
756 1811 885 1872 manage
942 1797 1065 1868 dingen,
1078 1794 1133 1855 ubi
1147 1797 1177 1855 in
1195 1798 1311 1876 maeotis
1327 1795 1560 1860 solennitatibus
1573 1817 1648 1880 proe-

164 1895 240 1952 simo
261 1899 367 1967 sexto,
388 1908 487 1952 mense
516 1888 645 1962 Martio,
669 1889 788 1966 caspar
814 1887 885 1950 Wa-
938 1887 1061 1950 dicabat
1080 1890 1124 1950 sic
1141 1908 1258 1970 quoque
1280 1891 1310 1951 in
1331 1891 1438 1972 oppido
1463 1895 1576 1955 llorwa
1587 1914 1597 1968 ;
1610 1890 1652 1952 ubi

164 1983 266 2059 ierus,
284 1982 483 2045 Prouincialis
500 1980 571 2042 Ord.
589 1980 699 2040 Minor.
717 1979 882 2057 Tobingam
938 1982 1123 2043 vrbememer
1141 2001 1199 2062 pro
1227 1987 1294 2046 istis
1326 1985 1514 2064 temporibus
1543 1986 1650 2066 praedi

164 2076 347 2137 Pellicanum
367 2074 535 2137 studiorum
552 2088 647 2133 causa
664 2071 765 2147 misit,
784 2071 882 2132 Guar-
938 2093 1029 2152 cons,
1051 2077 1195 2156 quosdam
1217 2075 1363 2138 articulos
1394 2078 1613 2154 asseverabat,
1629 2084 1650 2139 el

163 2170 266 2232 diano.
288 2175 318 2229 et
346 2168 463 2229 Lectori
481 2167 547 2228 oiro
572 2165 739 2227 doctissimo
768 2165 884 2244 probis-
938 2169 1106 2250 scripturis
1137 2171 1270 2250 firmiter
1299 2170 1475 2251 probabat,
1506 2171 1600 2234 ueluti
1622 2173 1650 2233 de

162 2265 295 2344 simoque
316 2261 442 2324 PAULO
465 2260 683 2335 sceleratus
699 2259 883 2321 commenda-
939 2267 1157 2339 sacramentis,
1186 2265 1404 2342 lndulgentiis,
1430 2269 1534 2341 votis,
1556 2264 1649 2328 etalii

163 2357 225 2430 oit,
246 2356 312 2437 qui
329 2355 424 2415 Wilae
457 2356 623 2416 Succorum
645 2358 674 2413 et
702 2351 763 2433 ipse
794 2357 884 2413 nolus
937 2356 992 2434 qui
1012 2363 1115 2436 posteo
1147 2356 1221 2417 dicti
1239 2364 1310 2418 sunt
1331 2358 1523 2434 Lutheraui,
1541 2367 1648 2440 propter

161 2449 230 2533 sitit.
251 2448 308 2511 Hic
327 2466 381 2511 suo
395 2449 494 2509 Marte
509 2447 658 2509 dedicerat
672 2452 756 2507 ortes
774 2444 884 2506 libera-
937 2449 1017 2528 quod
1035 2456 1065 2509 et
1082 2447 1167 2529 samo
1179 2450 1358 2530 perveniens
1372 2451 1415 2511 ad
1434 2453 1590 2533 Tbeobpos
1604 2455 1646 2513 To

162 2543 205 2606 les
224 2560 345 2617 omnes,
367 2548 403 2603 ut
420 2559 472 2603 eas
492 2556 609 2622 quoqru
626 2539 814 2622 praeluceret
831 2540 881 2601 rlo-
936 2539 1110 2620 binpenses,
1131 2549 1192 2603 tam
1211 2543 1340 2604 invisum
1355 2562 1424 2604 eum
1447 2547 1580 2607 reddedit
1594 2546 1646 2607 b'u'·

84 2680 90 2689 -
162 2635 307 2700 otlaricus
326 2636 362 2698 de
384 2636 598 2706 Untuersrtate,
614 2631 725 2714 quibus
740 2640 809 2693 erat
828 2633 883 2693 mi·
935 2636 1100 2707 versitati,
1123 2641 1157 2696 ut
1188 2636 1392 2698 deliberarent
1416 2639 1454 2699 de
1486 2640 1643 2720 inquisitore

161 2730 267 2792 raoulo
305 2729 340 2791 ob
378 2728 535 2809 incenium.
573 2727 652 2786 Erat
685 2725 879 2786 acutissimus
935 2731 1108 2792 baereticae
1138 2733 1306 2811 prauitatis
1342 2734 1525 2805 accersendo
1558 2739 1642 2795 contro

163 2823 311 2897 scotista,
333 2821 454 2882 auditor
474 2819 545 2881 olim
566 2821 708 2897 Stephani
725 2820 880 2889 arntiam,
934 2841 1020 2884 eum.
1041 2824 1120 2884 unde
1142 2830 1171 2884 et
1189 2831 1352 2889 accusatus
1372 2827 1458 2907 apud
1486 2828 1641 2890 Pretium

164 2916 347 2979 parisiensis
367 2915 512 2976 Doctoris.
531 2910 668 2975 Habebat
682 2913 811 2993 quotidie
828 2932 882 2973 ou·
934 2916 1006 2991 lem,
1028 2922 1057 2976 et
1071 2916 1225 2998 fratribus
1239 2917 1367 2980 subditis
1385 2936 1523 2994 amasus,
1541 2919 1638 2981 uiden

161 3010 292 3084 ditores,
308 3026 366 3067 uon
386 3006 481 3068 solum
502 3025 544 3068 eso
569 3003 759 3067 'secularibus
789 3007 883 3084 mapi-
934 3008 973 3070 ab
991 3010 1084 3093 officio
1105 3017 1235 3071 remotus
1256 3018 1301 3073 est
1318 3014 1494 3074 doctoratus
1513 3019 1542 3074 et
1557 3014 1639 3074 Guar-

162 3104 235 3165 stris
256 3100 382 3177 multos,
413 3102 491 3162 inter
521 3118 595 3180 quos
629 3099 883 3177 imperiosissimus
939 3103 1090 3165 dionotus.

163 3204 232 3257 erat
250 3197 380 3258 Thomas
410 3194 611 3265 Vullessbflchs
633 3192 785 3254 Helvell'llss
818 3196 883 3254 Bie-
977 3200 1122 3261 PAULUS
1143 3200 1278 3271 sorbus,
1301 3200 1472 3261 Soncinatis
1493 3203 1638 3261 uotioruo·

164 3289 390 3371 tenses,postea
406 3286 748 3367 Doctor,etlloon9slii
763 3306 882 3369 praeco,
939 3296 1021 3354 mine
1044 3297 1060 3354 it
1084 3295 1179 3353 Patria
1211 3295 1332 3354 Saucini
1355 3295 1527 3374 Cisalpinae
1548 3293 1638 3355 Galliae

163 3391 233 3447 tunc
252 3387 395 3448 Sulcerus
428 3384 543 3453 dictus,
565 3389 594 3443 et
614 3382 723 3443 Paulus
757 3383 884 3444 Wollius
937 3387 1044 3466 oppido
1066 3387 1170 3447 Ordlo.
1193 3387 1297 3446 Praed.
1318 3386 1484 3450 defunctus
1514 3388 1550 3448 Α.
1570 3385 1637 3448 llil.

162 3476 566 3548 nomotosanuneranus,
581 3477 637 3557 qui
651 3475 881 3546 eoautooucnllo,
937 3482 1063 3559 Scripsit
1086 3479 1115 3538 in
1148 3478 1350 3558 Metoplrysica
1382 3481 1555 3542 Aristotelis
1574 3488 1599 3539 ot
1616 3479 1635 3535 io

162 3575 351 3654 Argentorati
377 3571 571 3651 Euonpelium
605 3569 723 3643 docuit;
752 3571 883 3632 loannes
937 3574 1028 3633 libros
1051 3568 1304 3632 praedicabilium
1328 3573 1635 3635 praedicamentorum·

162 3669 270 3729 ltlantel
285 3666 617 3746 Aupustinionus‚mo:a
632 3661 882 3743 Doctorplu'rima
936 3682 1009 3745 que:
1033 3667 1062 3725 in
1082 3663 1209 3743 Pbpsico
1226 3682 1346 3743 quoque
1363 3673 1395 3724 et
1408 3670 1437 3727 in
1457 3671 1584 3729 Veterem
1594 3664 1634 3724 lr-
1678 3664 1680 3691 ⁵

159 3776 292 3838 passus,
315 3759 432 3819 taudem
466 3756 663 3835 anrmelicus
688 3755 883 3835 praedicator
938 3766 994 3820 tem
1006 3759 1187 3819 Aristotelis.
1202 3760 1362 3835 Praecipus
1372 3762 1522 3823 celebrata
1535 3764 1634 3843 epium

166 3853 196 3911 in
222 3852 330 3911 ditione
364 3851 505 3929 Tapurina
527 3850 600 3911 obiit
629 3852 783 3928 Elgowlae
804 3867 881 3908 anno
936 3853 1142 3934 qaroestiouum
1165 3853 1196 3910 in
1217 3853 1265 3912 IV.
1289 3851 1380 3914 libros
1396 3846 1634 3924 sententiaruml

166 3946 323 4005 millesimo
344 3947 587 4023 quingentesimo
612 3945 775 4021 trigesimo.
804 3943 881 4017 Quin
932 3947 1068 4027 principe
1088 3945 1304 4006 Tlromismrum
1320 3948 1434 4008 tonnae
1458 3942 1632 4012 CAPREOLO

166 4043 195 4097 et
213 4036 301 4097 totius
331 4039 506 4098 monasterii
536 4035 750 4116 rlupustiniaai
766 4034 882 4116 fratres
935 4041 1020 4116 (Vide
1034 4056 1124 4118 supra
1138 4046 1159 4098 t.
1175 4043 1185 4100 l
1204 4040 1282 4112 308.)
1299 4038 1534 4118 disputatorum.
1552 4040 1632 4117 Papitt
1678 4106 1680 4129 Ι

165 4129 262 4201 docti,
282 4128 411 4207 quotidie
431 4132 582 4206 tubingae
603 4127 761 4192 veniebant
773 4128 815 4188 od
827 4147 882 4189 au·
936 4137 1013 4197 4522
1042 4137 1069 4194 8.
1094 4132 1187 4203 Lugd.
1209 4135 1295 4193 tata.
1319 4135 1347 4192 8.
1369 4142 1402 4193 et
1424 4135 1513 4196 1580,
1537 4137 1561 4194 t,
1581 4126 1631 4191 vide

166 4222 304 4282 (tiendum
325 4224 476 4283 Scotumd
490 4225 596 4300 Paulo,
614 4223 723 4304 quibus
736 4230 884 4302 praeerat
934 4229 1076 4289 iacobum
1098 4227 1202 4298 Quetil
1220 4233 1290 4286 tom.
1315 4231 1341 4288 l·
1364 4245 1430 4306 pag.
1453 4229 1512 4288 879
1533 4246 1590 4305 seq.

163 4316 252 4397 prior
273 4318 406 4375 loannes
428 4319 616 4396 StaupitiuS,
636 4323 739 4397 posteo
761 4319 881 4396 Doctor,
976 4323 1122 4383 PAULUS
1143 4319 1179 4379 de
1204 4319 1380 4390 Varesotn's2
1396 4318 1630 4394 esravlnusplr

167 4416 198 4470 et
226 4407 352 4471 Lutberi
382 4410 545 4471 Maecenas.
578 4410 685 4472 Sedet
708 4412 882 4488 Cosmopra-
936 4415 1022 4475 dicus
1050 4417 1183 4474 Venetus
1204 4415 1283 4473 circa
1315 4413 1371 4473 Αη.
1396 4415 1485 4474 ital.
1506 4432 1563 4493 quo
1584 4421 1629 4486 pm·

164 4504 266 4585 plriam
298 4503 456 4563 Ptolomaei
482 4501 677 4582 praelautos,
698 4520 797 4563 omnes
819 4503 883 4582 sere
936 4507 990 4567 dilt
1023 4507 1097 4566 liber
1119 4509 1146 4563 iu
1182 4504 1271 4581 cujus
1292 4506 1374 4566 calce
1408 4507 1548 4583 leguntur
1577 4504 1626 4562 haec

170 4596 303 4658 doctores
324 4601 355 4656 et
373 4600 506 4655 caeteros
526 4596 686 4674 manistros
707 4594 811 4654 babuit
829 4614 884 4656 ou·
936 4601 1048 4660 verba:
1073 4599 1127 4658 llic
1154 4598 1261 4678 sinitur
1293 4601 1392 4659 blasae
1417 4616 1485 4658 cum
1514 4593 1625 4660 nundino

169 4687 298 4764 ditores,
332 4693 361 4749 et
387 4685 504 4770 fratres
532 4685 631 4749 doctos
660 4685 786 4763 multos,
817 4706 884 4749 cum
936 4709 1027 4773 super
1058 4690 1222 4752 melonibus
1245 4689 1438 4769 yenerolibus
1470 4687 1623 4754 christotoco

126 4822 131 4831 ·
169 4781 278 4862 quibus
295 4800 353 4842 non
366 4800 478 4863 parum
495 4779 807 4861 Pellicanusprofecit.
827 4782 883 4841 llo
936 4802 1029 4863 super
1051 4783 1246 4855 Aritidotorio.
1278 4781 1321 4843 Ac
1352 4788 1459 4845 Petrus
1480 4775 1620 4861 llponeosls

170 4874 233 4933 cuit
251 4893 368 4956 quoque
385 4875 541 4938 Monacbos
568 4877 746 4937 Babenlnusii
768 4893 880 4956 compo-
937 4883 965 4936 et
986 4880 1161 4937 Francisrus
1183 4878 1219 4937 de
1237 4878 1462 4938 Perlemontium
1480 4893 1542 4936 cerm
1557 4868 1618 4932 itit·
1653 4945 1655 4949 y
