3368 5362
96 179 157 243 530
625 114 630 121 ⁵
726 166 767 228 aa.
801 137 972 229 asana

96 285 253 351 hominum
269 281 439 342 conventus
455 272 664 349 demulsisset,
681 275 814 354 effugere
871 273 987 334 lunium
1010 272 1147 342 inanem:
1169 279 1202 335 et
1232 277 1389 354 praestare
1412 274 1555 354 intelligebat

97 379 255 462 gestiebat.
275 377 354 436 lstos
376 372 489 442 lautos,
517 370 572 431 ista
604 369 691 449 gulae
722 370 818 432 irrita·
872 366 1044 446 impendere
1065 367 1175 429 studiis
1191 366 1219 428 id
1240 369 1424 447 quantulum
1441 373 1561 448 temporis,

97 481 199 539 menta
221 470 342 534 assidue
364 464 515 544 carpebat.
547 463 735 526 Abstemium
768 482 817 528 me
872 480 963 542 quam
987 463 1014 522 in
1037 460 1094 524 hac
1113 465 1162 525 sui
1184 466 1393 525 ostentatione
1411 465 1559 526 inutilesbo

97 566 258 647 aliquando
280 562 373 623 veluti
403 567 526 620 naturae
558 558 817 637 sapientissimum
873 575 922 618 ras
943 556 1071 632 ducere;
1093 558 1131 617 Et
1152 575 1344 637 quamquam
1368 557 1515 638 parvipend
1543 608 1547 614 .

99 659 254 726 custodem
267 655 374 736 oppido
389 650 627 726 commendabat,
643 659 734 730 atque
753 671 819 732 per·
873 670 1089 734 quamcunque
1110 651 1167 713 sub
1189 651 1246 713 boc
1267 651 1355 712 coelo
1376 655 1511 718 Deorum.
1525 652 1559 713 bo·

99 772 200 838 genem
223 755 251 813 in
274 752 387 828 reliqua
420 748 497 823 aita,
520 745 598 825 quod
621 753 652 805 et
676 747 740 825 ipse
768 762 820 826 ap-
874 749 989 808 minum
1012 753 1226 824 tempestatem
1249 747 1345 807 animi
1378 747 1563 824 quadamani·

98 851 193 931 prime
214 851 339 924 cuperet
360 839 602 921 quandoquidem
630 839 734 900 melior
767 839 820 901 ba·
873 848 949 911 tate,
972 848 1003 901 et
1023 842 1206 917 constantia;
1230 847 1298 901 erat
1321 847 1423 900 tamen
1455 841 1490 901 iili
1515 858 1563 919 quo

99 941 201 1005 bitudo
233 939 304 1000 mibi
337 942 500 1016 perstaret,
532 935 620 994 enixe
652 932 819 1009 suadebat,·
874 934 1248 1011 rundamrati03Etcum
1268 936 1355 996 flocci
1373 936 1563 1012 iaceretpatns

98 1054 131 1098 se
152 1033 326 1106 accusabat,
349 1028 427 1109 quod
451 1046 509 1103 pon
533 1029 562 1087 in
583 1027 711 1108 juventa
733 1027 818 1088 adid
875 1031 948 1091 istos
962 1031 1173 1109 superciliosos
1188 1047 1317 1102 omnes,
1334 1031 1363 1087 in
1383 1029 1488 1108 quibus
1502 1030 1564 1109 majo

99 1130 289 1191 instituisset.
311 1127 350 1186 m
373 1124 410 1184 de
432 1139 465 1183 se
488 1121 712 1201 multorumque
737 1122 818 1182 vale·
874 1131 938 1185 stas
959 1124 1101 1186 accedere
1122 1123 1277 1199 creditur,
1302 1125 1328 1183 si
1354 1141 1388 1183 se
1413 1140 1496 1201 quam
1516 1141 1566 1200 pau·

99 1223 204 1285 tudine
226 1218 334 1282 blande
355 1225 386 1278 et
409 1218 556 1278 festiviter
584 1217 677 1278 multa
711 1217 820 1277 relere—
872 1220 1063 1280 eissimorum
1086 1219 1195 1292 tarint,
1219 1219 1244 1277 si
1263 1234 1298 1277 se
1317 1217 1447 1278 tortasse
1463 1216 1564 1277 advices

100 1317 159 1379 bat.
183 1317 247 1376 Heu
269 1331 331 1375 me:
353 1312 475 1372 memini
496 1328 565 1372 cum
589 1311 676 1388 paulo
699 1310 819 1370 hilarior
873 1312 1106 1392 quasdamintra
1122 1312 1286 1391 penetralia
1300 1314 1565 1386 contineant,unau

100 1414 179 1471 inter
190 1408 270 1494 sales
281 1411 547 1486 percunctaretur,
565 1411 711 1482 quantum
727 1421 819 1482 espa·
873 1416 996 1471 sanotae
1024 1408 1129 1469 Crucis
1156 1406 1297 1467 Carvaiai
1328 1406 1510 1468 cardinalem
1531 1424 1567 1466 no

101 1506 215 1564 aissem
237 1499 272 1561 ad
296 1500 430 1576 Regilum
454 1499 552 1560 lacum
571 1500 600 1558 in
620 1498 725 1577 Algido
746 1516 817 1560 cum
873 1512 970 1565 strum
992 1503 1020 1562 in
1042 1502 1122 1561 omni
1145 1501 1290 1562 facultate
1309 1500 1566 1562 excellentissiman

100 1601 128 1659 in
151 1595 261 1658 Gabios
282 1593 447 1654 tenderem.
470 1594 533 1654 lion
567 1594 606 1651 ita
639 1609 687 1652 me
719 1591 818 1652 subito
875 1599 903 1657 in
926 1597 1084 1677 praecipuo
1101 1594 1186 1656 cultu
1209 1594 1354 1654 habebat:
1378 1593 1518 1673 aperiendi
1533 1609 1567 1652 ea·

100 1693 230 1754 latrones
258 1690 445 1759 invaserant,
467 1703 502 1746 ac
524 1687 645 1746 rescivit
673 1686 729 1746 ille.
757 1688 818 1747 ilac
874 1693 942 1770 pitis
963 1691 1155 1751 contentione
1186 1687 1404 1765 genuflexibus
1435 1697 1464 1748 et.
1490 1687 1568 1747 humili

99 1784 339 1864 frequentatione
367 1789 397 1841 et
429 1797 486 1843 usu
520 1777 684 1840 domestico
716 1780 819 1839 evenit
874 1782 1571 1864 semperiliumvenerabaturaiiectu.iidiego,

101 1895 343 1956 ”Onnumqlfflma
364 1881 399 1936 ul
420 1877 566 1936 interisse
588 1891 680 1945 eum,
701 1881 732 1934 el
749 1890 817 1933 0⁰0·
874 1889 905 1944 et
921 1881 1082 1941 interfuere
1101 1879 1265 1950 innumeri,
1285 1878 1400 1957 quibus
1414 1877 1569 1938 admirationi

100 1973 207 2051 spicari
230 1971 313 2031 illum
325 1975 470 2049 cuperent
488 1969 686 2029 maximorum
703 1969 816 2044 Regum
876 1986 956 2052 erat,
978 1974 1056 2056 quod
1081 1975 1218 2054 pertinax
1250 1973 1329 2034 alias
1362 1976 1570 2049 contemptoret

99 2073 248 2137 ῡΐθῑθῐθῦ,
268 2071 299 2123 ei
320 2062 357 2124 id
380 2063 485 2124 Ῑΰῦῑθΰ]
502 2061 692 2139 millenas?-
709 2063 742 2122 1¹¹
759 2078 817 2139 ‘lut
875 2077 904 2134 in
928 2073 984 2133 boc
1013 2086 1072 2130 uno
1104 2067 1286 2146 perinsignis
1318 2069 1495 2144 Pomponius
1520 2065 1569 2124 buia

100 2177 132 2220 ῐθ
155 2159 312 2220 mirificum
336 2159 429 2218 slsum
451 2155 601 2216 elcilibii
629 2155 720 2230 mihi,
748 2171 817 2216 cum
876 2165 1057 2237 adblandiri,
1087 2164 1167 2225 launo
1197 2180 1292 2240 quam
1325 2162 1574 2222 conciliatissmuu

99 2253 166 2315 illos
188 2270 246 2313 ¹¹⁰⁰
267 2253 324 2313 ³¹5⁰
357 2250 444 2311 Vfliiu
477 2251 648 2328 θῑΰῑΡθΓθῑι
682 2266 772 2330 (luam
802 2266 819 2310 θ
876 2262 931 2323 sibi
952 2259 1076 2321 reddere
1093 2265 1252 2336 tantopere
1267 2257 1444 2335 evigilaret:
1463 2253 1575 2330 undapa·

99 2347 190 2426 vuago
211 2344 508 2425 quaestiunculam
531 2342 682 2404 dimittere
697 2361 818 2422 quoque
877 2357 936 2417 ram
960 2356 1016 2415 rura
1037 2354 1111 2415 scos
1133 2358 1237 2411 tenore
1260 2351 1348 2412 aarum
1376 2350 1575 2410 honestissima

99 2460 195 2523 aeque
216 2439 364 2501 (ἱθδῑΰθῐῑθ
386 2439 508 2517 plenos,
530 2454 564 2498 ³⁰
587 2437 623 2498 id
639 2456 709 2499 eum
723 2440 819 2498 issent
878 2465 991 2511 mores:
1013 2454 1043 2509 et
1064 2463 1152 2527 posse
1175 2446 1260 2506 illum
1285 2444 1507 2505 modestissime
1524 2457 1575 2502 ean

97 2545 177 2599 ante.
200 2534 334 2598 instabat
354 2531 616 2610 tortasseqntdam
635 2532 818 2610 pauloigno-
876 2541 1062 2619 Principibus
1095 2540 1209 2600 versari
1232 2545 1263 2598 ea
1294 2556 1379 2610 esse;
1413 2537 1469 2599 sed
1497 2535 1571 2596 misse

98 2631 166 2692 bilis
186 2637 217 2691 et
238 2636 361 2691 exterus
382 2643 399 2686 e
420 2625 578 2685 Germania
596 2626 675 2687 iliius
694 2624 814 2685 videndi
871 2635 1047 2714 compedes,
1061 2641 1092 2694 et
1104 2636 1250 2707 claustra,
1266 2637 1299 2691 ct
1315 2638 1494 2710 septum,et
1505 2629 1570 2690 malta

94 2724 236 2804 culidussi
255 2723 344 2783 h⁰m0
365 2720 490 2784 ifflbilis
511 2720 635 2799 ³¹i⁰q⁰li
653 2719 706 2781 ⁸⁰¹¹
725 2736 815 2799 saepe
871 2733 954 2795 iabas
964 2732 1169 2792 comminuere
1181 2744 1274 2806 quam
1293 2729 1364 2804 angi
1379 2734 1497 2805 perpete
1509 2738 1574 2793 cura,

94 2819 234 2898 angustia
257 2816 391 2877 familiari
415 2831 539 2894 pressus
561 2817 589 2873 in
616 2822 814 2892 conspectum
870 2834 900 2888 (a
923 2833 1067 2903 tanquam
1089 2828 1171 2882 arcta
1202 2819 1381 2895 obsidione,
1415 2819 1507 2900 (quod
1533 2830 1572 2892 ego

95 2913 175 2976 illius
196 2928 229 2972 se
250 2909 348 2970 dedit:
371 2911 527 2988 quaerenti
555 2909 594 2968 iili
629 2926 701 2970 num
733 2921 815 2970 esset
872 2918 992 2998 utiquo)
1012 2920 1087 2978 anana
1113 2915 1199 2977 aulas
1232 2931 1339 2991 regum
1373 2931 1430 2975 sua
1462 2914 1572 2974 libertate

94 3006 287 3085 Pomponius:
309 3008 391 3073 tum,
415 3005 525 3083 inquit:
548 3003 702 3081 expletum
736 3002 816 3063 uesa-
874 3016 974 3076 laetus
993 3011 1084 3073 roem
1105 3010 1250 3072 coerceri.
1270 3009 1346 3069 Erat
1380 3007 1511 3068 vestibus
1535 3019 1572 3062 oc

94 3102 212 3165 derium
234 3106 320 3162 tuum
339 3106 407 3172 est,·
428 3097 529 3157 vidisti
544 3114 605 3170 me,
629 3104 659 3157 et
675 3099 703 3156 in
724 3099 815 3159 verbo
874 3109 1002 3187 glectuS,
1036 3105 1236 3166 cothurnatus
1271 3102 1459 3180 plurimum,
1487 3096 1572 3160 cerulei

96 3199 176 3261 abiit.
189 3195 344 3258 Nonnullis
356 3199 439 3254 tauta
459 3194 580 3252 vesania
597 3209 814 3272 nonnunquam
872 3202 979 3263 coloris
1000 3199 1120 3275 caligae.
1145 3198 1281 3258 Sericum
1302 3212 1362 3255 non
1383 3197 1499 3256 omnino
1513 3206 1574 3268 sore

95 3294 274 3363 incesserat,
297 3295 330 3350 ut
350 3285 558 3349 admirabunda
590 3292 622 3346 et
652 3287 736 3347 velut
764 3287 815 3346 iro·
872 3296 930 3370 via3
952 3301 984 3354 aa
1006 3292 1144 3353 laciniosa
1168 3288 1361 3362 indumenta,
1393 3305 1486 3368 eaque
1512 3282 1572 3345 doni

95 3389 193 3451 mines
209 3384 357 3463 phanatica
375 3399 447 3444 num
462 3387 545 3441 esset
563 3377 764 3460 Pomponius?
780 3397 815 3442 ao
872 3387 1039 3469 perbrevis.
1064 3387 1119 3446 Per
1141 3383 1246 3445 urbem
1270 3384 1376 3443 tunica
1399 3384 1471 3444 celia
1494 3394 1573 3457 mese,

95 3498 134 3542 ne
151 3479 339 3541 illiussolum
355 3493 461 3538 eruere
480 3476 646 3535 doctrinam
664 3476 815 3553 contenti,
869 3480 1030 3560 aliquando
1050 3479 1173 3539 ostrina.
1195 3477 1334 3552 Capillus
1357 3476 1524 3557 rejecisset
1537 3487 1572 3532 ee

94 3574 147 3637 sed
171 3590 278 3634 nomeu
300 3573 391 3632 etiam
415 3588 511 3649 usque
532 3569 569 3629 de
593 3570 733 3645 lustrico,
765 3586 815 3648 ge·
872 3593 931 3639 nus
951 3591 1041 3653 snpra
1063 3589 1167 3634 aurem
1199 3569 1568 3650 apa1,quatemgesunt

98 3670 281 3744 ansultam,
300 3673 427 3746 patrem,
446 3664 817 3743 patriamscitarenturao
870 3669 1028 3734 Insubres.
1059 3666 1181 3746 paulum
1206 3666 1235 3724 in
1257 3663 1412 3726 ambitum
1443 3659 1572 3742 complica·

95 3764 283 3843 maulanaius
294 3762 495 3839 exquirerent.
503 3758 560 3817 lios
572 3774 678 3835 operae
688 3760 817 3835 pretium
872 3773 930 3828 tus.
944 3764 1030 3824 Domi
1046 3762 1214 3821 invinctun
1233 3759 1415 3836 longissima
1432 3758 1503 3819 linea
1516 3756 1572 3815 aitte

96 3857 156 3919 iuit
178 3854 280 3916 videre
301 3871 391 3933 quam
414 3852 625 3928 ridiculariter,
659 3869 749 3932 quam
773 3854 817 3909 vi·
872 3866 963 3937 capua
985 3874 1060 3937 pene
1083 3857 1111 3914 in
1128 3851 1323 3914 Numidicum
1344 3847 1572 3915 modumadno

98 3947 541 4019 roseaseeliminaret.Quem
563 3963 630 4007 esse
652 3964 720 4008 eum
742 3946 819 4008 arbi·
872 3956 975 4016 liorem
1008 3949 1203 4012 valitudinem
1238 3948 1370 4027 plurima
1410 3949 1478 4010 anni
1506 3948 1571 4025 parte

99 4050 350 4115 trarentur,·num
365 4043 473 4103 Ursum
487 4039 634 4102 tortasse?
647 4043 818 4121 autTygri·
872 4047 1012 4117 habebat,
1033 4042 1110 4124 quod
1133 4041 1266 4103 adaeaas
1288 4049 1321 4102 et
1347 4049 1523 4123 spectatores
1545 4036 1565 4092 ia

100 4132 668 4219 demiautElephantem‘?vestigaret
686 4153 722 4197 ne
746 4138 810 4214 ipse
871 4139 1074 4202 incredibilem
1097 4136 1331 4198 admirationem
1352 4135 1507 4199 excitabat
1530 4129 1569 4192 Et·

97 4230 135 4294 de
151 4230 208 4293 iilis
224 4235 394 4310 genus,aut
411 4235 557 4303 avos,aut
570 4236 815 4306 arenosamque
872 4235 957 4297 rabat
978 4232 1082 4292 erebro
1114 4229 1197 4290 solus
1230 4246 1283 4308 per
1318 4238 1458 4293 veterum
1488 4239 1566 4287 mono·

95 4326 217 4389 tandem
239 4331 339 4385 setosa
362 4323 448 4384 laena
469 4324 529 4383 nati
550 4320 678 4384 essenti
698 4325 757 4385 Hoc
779 4320 815 4384 ad
872 4338 989 4403 monta,
1013 4326 1175 4386 vetustatis
1195 4320 1452 4400 diligentissimus
1466 4324 1568 4383 rimator·

96 4419 276 4500 rigiditatem
299 4417 451 4497 quandam
485 4424 611 4478 naturae
633 4423 664 4477 et
688 4418 814 4478 nimium
871 4423 948 4486 Nihil
972 4421 1001 4481 in
1024 4419 1097 4480 urbe
1118 4424 1179 4478 tarn
1202 4415 1385 4479 abstrusum
1408 4408 1565 4495 tamquaab

95 4521 301 4594 contemptum
325 4513 514 4593 imputabant
540 4513 668 4591 imperiti
702 4513 815 4591 aliqum
870 4516 980 4590 ditum,
993 4512 1029 4575 ad
1048 4511 1126 4592 quod
1147 4510 1195 4571 itte
1214 4527 1272 4571 non
1289 4512 1463 4589 penetrarit.
1473 4510 1567 4575 situm,

96 4612 188 4672 nescii
216 4607 297 4687 quod
322 4625 476 4688 nunquam
506 4624 600 4668 vacua
634 4606 673 4667 illi
707 4607 816 4669 luisset
869 4595 1565 4689 regiones,portas,colles,vias‚vicos,aedm

95 4703 174 4779 dies,
196 4705 221 4763 si
244 4719 277 4762 se
300 4702 494 4781 nugatoribus
527 4702 593 4760 istis
613 4700 649 4762 ad
673 4709 740 4762 vota
765 4719 816 4761 vo·
869 4705 997 4782 templa,
1018 4717 1101 4772 aras,
1117 4699 1242 4772 domos,
1259 4699 1406 4776 delubra,
1421 4700 1507 4771 lacus,
1521 4687 1564 4751 bal·

95 4798 204 4860 luisset
224 4798 421 4858 committere.
444 4795 630 4871 decedebat,
652 4795 730 4875 quod
746 4794 815 4857 ode-
871 4815 947 4870 nea‚
967 4795 1120 4872 basilicas,
1143 4794 1267 4869 hortos,
1296 4794 1421 4869 borres,
1449 4788 1561 4871 pistrina,

97 4896 160 4971 rat,
178 4907 240 4973 quo
256 4889 445 4957 delectantur
461 4891 525 4966 alii,
545 4905 712 4953 concursus
728 4891 815 4953 istius
873 4891 1005 4967 insulas,
1028 4888 1181 4963 senatuis,
1201 4886 1369 4966 obeliscos,
1385 4880 1558 4949 bibliothecas.
