3368 5362
158 178 219 240 aab
795 171 1009 235 sarnus

156 287 400 369 interpretatione
422 282 530 343 Nicolai
547 281 583 341 de.
605 281 735 341 Orbellis
752 289 783 341 44
804 298 874 342 cum
932 280 1103 357 Augustino
1125 279 1253 357 aliisque
1271 281 1366 339 Paris.
1386 280 1475 340 4535.
1499 281 1511 340 4
1535 290 1564 341 44
1580 285 1639 342 4544

155 377 399 438 conclusionibus
416 375 534 436 llenrici
552 372 729 449 Goriohem,
753 381 784 433 et
802 374 878 434 Tho·
933 373 984 433 iol.
1007 373 1095 434 4544.
1119 372 1206 432 4543.
1229 371 1318 433 4555.
1343 373 1375 431 8.
1408 372 1484 432 Vide
1514 375 1590 433 Rich.
1608 377 1642 435 Si-

156 488 222 531 mae
235 469 469 548 problematibus
481 468 570 528 Basil.
585 467 672 527 4486.
685 470 769 530 tiss.
789 467 877 530 4498.
933 468 1032 529 monis
1043 465 1199 525 historiam
1210 465 1357 526 Criticam
1369 464 1536 526 Nouii'est
1550 469 1592 528 lll.
1606 471 1643 529 83,

35 635 40 645 .
156 566 243 626 4542.
265 564 352 626 4543.
381 564 429 624 444.
457 562 567 623 additis
584 561 734 622 erroribus
755 562 877 640 quibus·
974 561 1132 622 Sermones
1154 558 1193 618 de
1212 558 1345 618 diversis
1373 560 1601 621 solennitatibus
1616 561 1644 621 ah

155 656 224 718 dam
244 659 364 717 Parisiis
378 656 465 717 Anno
488 655 577 717 4477.
598 655 826 731 condemnatis,
848 662 880 714 44
934 670 970 713 eo
992 654 1121 730 scriptos
1143 658 1290 712 memorat
1313 653 1470 714 hienricus
1491 651 1648 713 (landaven-

157 747 303 809 Artieulr‘s
314 752 340 824 a)
366 747 517 829 inquibus
530 748 673 826 Magister
689 746 881 807 communiter

153 840 186 902 in
206 842 363 904 Sententiis
373 859 431 903 nou
447 847 571 902 tenetur.
589 842 626 901 lit
649 843 764 912 xxvi,
787 849 879 912 sunt,

153 953 224 997 cum
254 954 283 994 tn
305 936 448 996 Antonini
472 937 635 996 h'lorentini
650 951 768 996 summa
784 934 880 994 Theo·

153 1027 247 1107 logica
266 1031 407 1106 partelV.
420 1031 465 1087 tit.
485 1031 533 1091 ll.
551 1046 615 1108 cap.
632 1030 661 1088 8.
675 1035 794 1089 tantum
813 1026 881 1104 reji-

154 1122 277 1182 ciantur
298 1123 376 1183 xlv.

197 1216 288 1276 Paris.
312 1216 400 1275 4648.
422 1214 451 1274 8.
475 1217 562 1277 thas.
585 1216 613 1274 8.

196 1304 252 1361 Per
272 1304 417 1362 loannem
435 1302 580 1363 hleaume
597 1304 708 1363 lovan.
727 1301 880 1364 lithini.

157 1394 248 1455 Paris
263 1397 348 1454 taso.
361 1395 388 1453 4.
403 1396 489 1457 4564.
501 1397 529 1455 8.
541 1398 747 1458 4441444446.
764 1396 841 1457 4568
853 1396 881 1454 4.

121 1476 127 1485 ’
198 1489 304 1547 Venet.
320 1489 407 1549 4570.
423 1491 452 1549 8.
469 1491 486 1548 4
503 1490 632 1550 34444444.
646 1489 757 1551 Gravio
772 1496 803 1550 et
817 1489 882 1549 aliis

158 1582 232 1641 viris
253 1581 350 1641 doctis
373 1584 527 1662 recogniti.

197 1675 298 1737 Colou.
327 1676 415 1737 4566.
448 1677 537 1738 4576.
559 1678 587 1736 8.
610 1695 648 1738 ex
682 1678 884 1756 recognitione

156 1758 278 1829 44444444
298 1768 500 1853 Mouchiaaeni
523 1771 741 1842 Democharis,
758 1773 886 1830 hesson-

157 1862 885 1940 nael,hoctortssorhontcitugd.thesstotss.

199 1955 274 2015 Cum
298 1954 381 2015 brevi
400 1957 591 2032 expositione
608 1956 736 2026 litterae,
751 1962 782 2014 et
796 1971 887 2032 quae·

159 2047 306 2107 stiunihus
321 2063 398 2123 quae
415 2049 494 2107 circa
512 2049 608 2125 ipsam
623 2050 737 2107 moveri
747 2034 885 2125 possunt,

159 2141 235 2218 peri
239 2141 395 2200 .llartincz
407 2139 444 2200 de
455 2139 587 2217 llipalda,
596 2141 654 2200 sl.
663 2140 754 2218 tuga.
764 2144 775 2201 l
784 2142 850 2202 636.
858 2141 886 2199 8.

200 2232 287 2291 Liber
307 2234 424 2309 primus
449 2248 518 2293 curn
550 2226 768 2294 commentario
802 2235 888 2293 Lam·

160 2325 237 2385 berti
259 2325 369 2385 Dauaei
392 2325 509 2403 triplici.
528 2326 643 2385 Gener.
668 2327 755 2386 44484.
778 2327 806 2385 8.
828 2332 886 2385 444.

936 747 979 805 sis
999 762 1065 823 cap.
1090 746 1137 806 34.
1160 742 1294 805 nondum
1319 752 1355 806 44
1377 753 1455 824 puto
1477 746 1580 806 editos.

977 840 1009 898 ln
1032 838 1171 898 Biblioth.
1192 838 1314 898 Paulina
1334 840 1489 917 Lipsiensl
1507 843 1648 901 blanuscu-

936 939 987 1011 pta
1019 933 1142 991 testati
1187 931 1300 991 Fellero
1332 950 1403 1011 pag.
1432 933 1503 993 482.
1535 930 1647 1010 Epistola

935 1025 1100 1086 hltNOLlll
1132 1023 1275 1086 Metennio
1306 1023 1467 1086 Ecclesiae
1503 1024 1648 1104 Praepositi

935 1118 977 1178 ud
994 1121 1115 1179 Petrum
1134 1114 1356 1192 lombardum,
1372 1123 1404 1178 44
1419 1117 1585 1179 hembardi
1593 1121 1648 1198 lipi-

935 1213 1030 1272 atolae
1052 1212 1128 1273 duae
1150 1209 1192 1270 ad
1213 1209 1385 1292 Philippum
1401 1210 1647 1292 Archiepr'sceprm

937 1307 1116 1366 lismensem.
1138 1303 1302 1364 *Diu'est
1324 1321 1364 1364 ex
1388 1320 1453 1382 quo
1476 1307 1600 1384 suspicio
1624 1306 1646 1362 in

937 1398 1018 1458 hunc
1033 1404 1209 1475 scriptorem
1225 1403 1326 1456 creata
1337 1403 1388 1456 est
1400 1397 1440 1456 de
1451 1398 1581 1475 expilata
1595 1413 1648 1474 epe

938 1509 970 1552 re
990 1492 1121 1570 Magistri
1133 1489 1259 1550 itandini
1272 1491 1422 1568 inscripto
1437 1492 1566 1552 Summo
1581 1488 1648 1548 Theo

939 1585 1054 1664 lapiso,
1071 1587 1098 1642 in
1114 1600 1174 1662 quo
1188 1582 1226 1642 de
1248 1584 1461 1657 Sacrameptis
1485 1586 1525 1643 ita
1550 1583 1648 1642 44444-

939 1676 1120 1757 queordine
1140 1675 1322 1750 disseritur,
1343 1692 1408 1753 quo
1435 1683 1469 1736 et
1502 1678 1532 1735 in
1562 1679 1647 1753 quarm

940 1771 1015 1831 libro
1037 1786 1100 1830 suo.
1125 1767 1321 1847 lombardus.
1355 1768 1433 1829 Uter
1456 1771 1549 1849 igitur
1567 1785 1599 1828 es
1616 1767 1647 1826 al·

942 1870 1007 1924 tero
1028 1863 1194 1940 acceperit,
1215 1861 1388 1939 ambigendi
1409 1861 1483 1940 iure
1505 1863 1647 1938 meritoque

942 1955 1071 2016 dabatur
1092 1954 1185 2014 locus.
1208 1955 1310 2013 Donec
1325 1954 1455 2015 taudem
1474 1961 1577 2015 contra
1590 1956 1647 2013 ltan

942 2047 1047 2126 diuum
1069 2047 1152 2106 litem
1174 2045 1313 2106 absolvit.
1350 2047 1382 2105 P.
1415 2048 1528 2108 Penius
1557 2048 1583 2105 in
1602 2044 1646 2103 lis·

942 2142 1105 2201 certatione
1138 2139 1285 2218 isagogica
1322 2140 1352 2197 in
1387 2141 1523 2218 priorem
1553 2148 1646 2199 temon

942 2232 1165 2294 anecdotorum
1199 2248 1266 2311 pag.
1296 2232 1379 2292 xlv.
1414 2235 1566 2312 reperisse
1586 2233 1647 2292 enin

941 2343 975 2388 so
1007 2328 1049 2388 ait
1083 2329 1112 2385 tn
1145 2326 1328 2387 monasterio
1359 2325 1498 2404 quodam
1529 2324 1647 2386 84444444

201 2418 414 2478 Commentarii
437 2417 468 2476 iu
489 2415 671 2478 psalterium
694 2421 760 2478 sive
786 2418 885 2497 glossa
941 2418 1075 2479 codicem
1098 2419 1181 2480 Sacc.
1217 2419 1298 2479 Xlll.
1326 2421 1480 2497 seriptum
1514 2418 1591 2480 hunc
1613 2431 1647 2492 ep

160 2510 336 2588 Magistralis
367 2508 471 2591 (major
501 2511 679 2590 glossatum)
701 2529 739 2571 ex
762 2512 884 2573 selectis
939 2510 1117 2572 Bandiniani
1148 2510 1272 2571 titolum
1305 2503 1649 2588 pmeseierentemzhb

160 2607 192 2662 et
210 2603 385 2664 orthodoxis
406 2605 587 2665 auctoribus.
610 2604 742 2666 Norimb.
766 2604 844 2665 4478
862 2605 885 2665 4.
942 2600 1091 2665 breviatio
1106 2602 1251 2680 Magistri
1267 2602 1401 2663 liandini
1412 2603 1451 2664 de
1470 2602 1648 2665 thrasium

161 2697 251 2756 Basil.
273 2698 359 2757 4486.
382 2704 413 2756 44
430 2700 572 2775 recogniti
591 2714 645 2775 per
659 2697 884 2758 F.liichardum
939 2702 1109 2756 mentorum
1121 2698 1199 2774 Moe.
1211 2694 1299 2755 Petri
1312 2696 1537 2758 parisiensis*
1549 2695 1648 2755 thiria

162 2790 388 2863 Cenomanum,
411 2789 645 2852 Franciscannm
673 2793 764 2851 Paris.
796 2790 885 2852 4544.
943 2784 1648 2857 44744448Νο4444444444.“44444444444.4484

163 2880 212 2940 444.
234 2883 412 2943 Franciscus
443 2882 584 2942 Pithoeus
606 2886 634 2942 in
666 2884 835 2943 Pithoeanis
856 2901 885 2960 p.
941 2885 983 2943 ait
995 2882 1312 2944 PtolomaeusLuoens
1333 2879 1648 2961 presumebant!

161 2974 209 3033 20.
236 2975 271 3033 14
303 2992 377 3035 oeus
407 2975 475 3054 pria
508 2975 543 3035 de
575 2975 742 3050 m'aeheter
772 2974 885 3036 Petrus
983 2973 1460 3055 PETRUSLandinensis,supra
1475 2976 1583 3036 Petrus
1606 2972 1650 3034 Co·

160 3064 350 3127 Lomhardus
372 3068 404 3126 in
422 3067 579 3131 Psalmos:
601 3069 734 3130 destun
750 3075 811 3129 tres
829 3067 885 3128 ben
939 3069 1073 3130 nenieus.
1152 3097 1153 3100 ¹

78 3186 80 3190 ·
161 3158 247 3220 livre.
269 3160 341 3219 Teut
354 3177 386 3220 ee
403 3161 482 3240 44ιά
497 3159 557 3241 fait
572 3160 720 3222 lomberd
730 3167 776 3223 est
786 3162 885 3223 44444-
981 3162 1127 3222 PETRUS
1158 3163 1293 3239 tonare,
1331 3163 1465 3223 tortasse
1498 3180 1550 3241 pro
1579 3162 1648 3221 Patre

163 3252 229 3314 lent.
253 3251 280 3311 tt
298 3253 368 3313 erote
386 3251 449 3333 fort
469 3252 583 3315 hemme
604 3254 639 3315 de
661 3253 727 3316 bien
749 3263 808 3316 etc.
939 3245 1132 3333 longobardo
1144 3251 1390 3318 siveLemberdo
1402 3255 1485 3333 apud
1501 3254 1649 3316 sanderum

176 3345 327 3407 'Glossas
359 3346 391 3406 in
419 3343 546 3417 Jobum,
569 3348 668 3409 adhuc
697 3349 826 3409 ineditas
846 3366 885 3408 ex
941 3366 1006 3427 pag.
1024 3347 1091 3408 473.
1110 3348 1249 3407 ttthttoth.
1267 3347 1427 3427 Belgicae,
1446 3349 1497 3409 ubi
1515 3347 1582 3425 ejus
1595 3346 1652 3406 Seu·

161 3440 301 3501 Biblioth.
336 3441 545 3501 Savinianensi
578 3441 681 3502 laudat
708 3442 838 3502 lacobus
859 3442 886 3502 le
941 3442 1104 3500 tentiarum
1128 3439 1219 3500 libros
1240 3441 1288 3500 tv.
1309 3447 1541 3501 commemorat.

162 3534 255 3610 Long.
273 3532 538 3610 postmultum.
559 3534 687 3594 Biblicae
704 3536 886 3612 exegeticus.
980 3533 1125 3593 PETRUS
1146 3532 1287 3595 Lucensis
1304 3535 1335 3594 S.
1350 3533 1529 3612 Friprdsbni
1546 3526 1648 3592 444444·

202 3627 391 3686 Collectanea
422 3625 453 3684 in
484 3642 584 3686 omnes
615 3623 764 3706 Epistulas
797 3623 886 3686 Pauli
939 3641 1010 3699 cus,
1032 3643 1083 3685 err
1109 3624 1201 3705 plone
1232 3626 1464 3702 sanctissimus,
1490 3620 1647 3702 rentiam

162 3738 199 3781 ex
223 3721 274 3781 SS.
298 3719 455 3796 Patribus,
477 3718 656 3794 Ambrosio,
686 3722 885 3798 Hieronymo,
940 3725 970 3779 et
985 3717 1179 3798 Philosophus
1206 3719 1350 3798 insignis,
1372 3721 1455 3781 vitae
1482 3716 1649 3799 Apostoliess

203 3943 229 4000 a)
244 3948 354 3994 loannes
367 3949 494 4010 44444444
506 3949 536 3997 44
548 3950 619 3998 sarta
632 3946 774 3998 Aristotelis
787 3949 889 3998 tertona
935 3952 1052 4003 saltarus
1072 3951 1175 4010 Prior,
1195 3956 1220 3998 44
1237 3949 1386 4000 toachlmus
1413 3948 1526 4007 Abies,
1553 3949 1591 3998 oet
1614 3944 1651 3993 atii

158 4027 215 4077 pag.
228 4015 269 4067 74.
280 4018 320 4066 Ad
339 4021 449 4069 Petrum
461 4028 551 4071 autam
562 4021 743 4071 Lembardum
759 4023 829 4084 qued
847 4029 891 4071 ut·
937 4026 1053 4086 4444444
1067 4027 1173 4075 &mum
1188 4025 1324 4073 consecuti
1341 4029 1416 4085 444444,
1429 4031 1461 4072 ut
1479 4036 1515 4074 aar
1531 4018 1655 4077 sententiis

158 4089 245 4148 tinet,
265 4090 343 4139 illius
359 4096 511 4142 sententias
528 4098 678 4146 ventilatae
695 4099 804 4147 suntin
823 4098 891 4148 Cen·
937 4099 1083 4153 Lamhardi
1107 4105 1202 4162 postea
1229 4102 1304 4162 paret
1326 4099 1471 4150 indiculus
1488 4099 1656 4151 nonnullum

157 4163 222 4212 silio
238 4166 368 4226 Romano,
384 4167 891 4232 (An.tlltt.)guadtlasaudsrltt.hu·
937 4190 1005 4239 quae
1024 4175 1133 4224 minime
1150 4174 1320 4222 deserentur.
1338 4175 1399 4223 Has
1426 4179 1465 4226 ad
1491 4179 1590 4227 4444444
1610 4174 1656 4224 Sti·

158 4236 236 4298 44443
252 4239 298 4299 ‘1¹⁴‘
315 4248 340 4288 θ’
359 4242 392 4289 ‘¹⁶
408 4244 490 4290 444444
508 4245 665 4304 4444444444
675 4248 892 4310 hembardipre-
939 4253 1090 4302 tentiarum
1109 4250 1290 4311 designantur
1305 4249 1355 4297 hee
1371 4252 1473 4302 made:
1499 4247 1654 4306 smtaatt‚ts

157 4312 343 4376 positionibus
361 4315 397 4363 ad
418 4316 577 4368 Guilelmum
587 4323 765 4371 senonensem
777 4322 890 4371 Archia·
938 4327 1032 4390 qulbus
1049 4327 1168 4387 Magister
1185 4325 1373 4375 sententiarum
1391 4331 1562 4377 communires
1577 4325 1655 4374 nante·

147 4388 299 4452 ,piseapum
309 4393 335 4436 st
348 4388 477 4451 Legatum
487 4395 637 4455 rescripsit.
650 4395 803 4457 (ahaiumtn
809 4399 889 4447 tomis
938 4407 1023 4450 netur.
1043 4397 1134 4449 caulas
1149 4409 1214 4459 unse
1231 4398 1262 4446 44
1278 4399 1394 4449 Concilio
1407 4403 1551 4450 turonensi
1564 4406 1589 4447 lt.
1602 4390 1654 4445 4444

160 4461 307 4513 conditor.
325 4464 363 4509 ad
380 4464 430 4514 An.
449 4464 534 4526 1176.)
545 4467 620 4516 Hace
633 4470 776 4519 4444444444
788 4471 892 4534 adplu-
937 4482 964 4525 et
978 4476 1118 4524 t’arlsleust
1140 4477 1187 4520 44.
1206 4471 1461 4524 tirasonensem
1477 4477 1585 4525 44444444
1600 4480 1616 4520 t
1636 4470 1654 4513 l·

156 4550 201 4586 ras
217 4550 307 4585 annes
324 4538 448 4588 duravit.
469 4541 541 4589 Tune
558 4543 704 4593 toschtmus
723 4544 811 4594 46444
831 4547 891 4595 Flo·
938 4549 1083 4599 anecdotos.
1107 4562 1136 4610 p.
1148 4545 1204 4597 665.
1221 4545 1291 4594 1657.
1308 4552 1333 4594 44
1348 4560 1429 4598 nasae
1444 4550 1607 4600 collectionis.
1615 4552 1630 4593 t.
1644 4540 1655 4586 4

156 4612 248 4660 ressais
266 4612 410 4674 armabit,
427 4613 458 4661 in
474 4613 675 4677 lombardum,
699 4616 808 4678 ejrssqua
830 4621 892 4670 sen·
939 4634 997 4684 pag.
1015 4621 1072 4671 844.
1090 4628 1114 4670 44
1130 4629 1149 4679 4,
1170 4621 1192 4668 4.
1208 4620 1354 4670 anecdotor.
1382 4634 1440 4684 pag.
1466 4624 1523 4674 517,
1549 4633 1616 4682 supra
1636 4619 1652 4663 44

158 4686 257 4737 tentius
272 4688 365 4749 paullo
378 4688 500 4737 otcarius
511 4688 629 4748 inuasit,
642 4690 689 4738 sed
715 4693 888 4743 Innocentius
940 4698 1054 4746 tOhttllE
1074 4695 1252 4746 Cornrrbienss'
1269 4702 1329 4744 tom.
1348 4699 1392 4744 44.
1406 4711 1431 4758 p.
1443 4697 1502 4748 654.
1514 4710 1566 4759 seq.
1578 4699 1600 4743 ln
1610 4693 1653 4740 tos·

157 4760 351 4822 111.r'mpasum
377 4764 486 4813 44444444
502 4766 633 4826 repressit
656 4766 688 4813 444
715 4766 892 4817 lateranensi
940 4772 1038 4820 entatu
1051 4783 1077 4831 p.
1090 4770 1147 4820 498,
1162 4772 1321 4825 4444444444)
1337 4773 1461 4821 ratores,
1479 4772 1581 4822 victoris
1595 4766 1652 4814 4444.

161 4834 295 4896 connisa,
312 4840 355 4886 rut
380 4841 457 4888 Anno
474 4839 511 4891 tt.
533 4840 584 4889 cc.
598 4841 790 4902 4444444444,
807 4844 893 4902 ursis,
941 4851 1003 4895 ram.
1021 4846 1046 4894 a.
1062 4844 1299 4906 pisinianum
1316 4845 1406 4893 roms
1420 4861 1445 4908 ρ.
1466 4847 1533 4896 raas.
1545 4852 1630 4904 seau-
