3654 5408
673 237 1031 303 annutritus
1524 239 1584 309 337

91 361 156 414 tom
176 355 199 414 i.
221 369 286 432 pag.
320 349 368 414 73.
391 347 456 412 lirae
476 347 629 428 iudignum
642 347 802 428 judicari:
861 349 998 412 Labbrus
1024 358 1059 410 rt·
1079 349 1224 412 oudinus.
1244 350 1477 430 Habemusejus
1500 354 1585 417 Com-
1683 351 1690 365 ’

90 447 147 506 ideo
170 443 250 526 qrtod
278 445 378 503 omnia
394 440 458 524 fere
484 448 554 502 ante
577 453 690 502 annum
712 441 802 506 teto.
859 444 1005 504 meritoria
1021 443 1229 522 iuLeuilicum
1247 442 1298 506 lib.
1319 446 1376 508 XX.
1398 463 1510 510 excusa
1525 433 1587 530 pri-⁴

90 557 126 600 aar
144 533 226 600 Beda
243 544 272 598 et
292 529 536 597 malmsburiensi
551 531 694 613 lauterii,
713 553 804 616 quae·
861 551 945 597 mum
962 537 1040 616 apud
1060 537 1254 608 Queuteiium
1273 539 1410 601 Coloniae
1430 525 1515 602 7636.
1533 544 1582 604 tol.

89 647 208 712 rumque
229 636 331 692 autem
352 628 393 690 ab
413 645 442 688 a.
466 629 555 693 7726.
580 629 672 690 7799.
693 625 801 701 tabet,
860 628 969 689 deinde
985 631 1014 690 in
1036 631 1098 691 aiat
1126 633 1177 692 77).
1196 632 1299 693 Goion.
1313 639 1383 693 tarn.
1403 635 1441 694 X.
1458 642 1489 695 et
1506 634 1584 717 Lug·

89 719 801 802 mutatoriorumpredictaslbbbreviationes
854 720 928 782 dun.
953 729 1027 782 tarn.
1060 723 1151 784 XVii.
1177 725 1267 784 iliata.
1284 725 1398 787 inedita
1416 727 1483 808 ejus
1510 737 1583 792 sunt

90 819 300 880 chronicorum
336 823 367 878 et
406 815 554 893 imagines
586 815 801 889 Historiarum)
859 815 1017 878 comment.
1034 815 1395 898 trapisrotoscoutt,tn
1413 820 1582 886 Parabolos

89 911 187 972 ti'rdem
207 909 310 972 verbis
329 906 490 982 66767666,-
510 903 540 967 si
550 905 802 987 666676ρὶ6666-
866 907 1054 982 Salomonis,
1068 915 1076 986 (
1089 911 1136 971 alii
1152 911 1324 988 Ciceronis)
1337 913 1472 974 Historia
1484 913 1583 977 Fran·
1675 957 1679 964 -
1703 985 1707 992 .

88 1021 150 1064 rum
187 1001 452 1066 cantuariensium
487 998 591 1060 demus
625 999 799 1072 historiam,
861 1005 991 1079 aarum,
1019 1011 1051 1063 et
1079 1002 1296 1066 Ultronieorum
1321 1001 1370 1066 766.
1401 1007 1439 1066 77.
1460 1012 1487 1078 67
1508 1010 1582 1072 Vide

90 1113 160 1176 quae
182 1095 311 1176 proinde
336 1096 367 1156 ia
391 1093 515 1155 secundi
533 1091 692 1154 voluminis
719 1091 800 1152 calc'e
857 1096 1025 1156 Gesnerum
1047 1105 1078 1156 rt
1109 1099 1251 1160 vossium
1269 1117 1296 1178 p.
1325 1081 1531 1164 siccaveris
1551 1110 1583 1164 et

89 1187 177 1250 iocum
209 1187 337 1251 latebit,
364 1189 405 1250 Et
424 1186 505 1247 edita
527 1193 575 1248 est
607 1203 728 1265 quoque
760 1187 800 1246 ibi
861 1184 1000 1249 Olennius
1019 1189 1270 1270 tire-itddulpltos
1288 1194 1316 1252 in
1340 1211 1433 1260 unum
1456 1197 1582 1258 coniun-

89 1301 148 1363 9033
169 1282 239 1344 677,
699 1352 704 1362 ¹
859 1280 954 1357 dunt,
975 1283 1219 1356 Flaviacensem,
1248 1286 1527 1356 Fontaneitrnsem
1544 1267 1580 1348 'cl

122 1378 149 1436 o.
167 1377 293 1454 Reliqua
313 1382 388 1436 sunt
421 1365 552 1449 inedita,
574 1373 703 1452 quorum
730 1373 808 1434 titu·'
863 1374 999 1454 Nigrum.
1018 1374 1106 1436 Hunc
1123 1393 1243 1454 quoque
1257 1377 1378 1456 Nigrum
1399 1388 1428 1440 et
1444 1387 1581 1442 nostrum

88 1470 127 1529 ios'
157 1487 196 1530 aa
230 1471 318 1530 baleo
338 1471 424 1530 Geni.
447 1469 500 1530 itt:
520 1468 568 1526 62.
589 1474 619 1527 67
651 1469 748 1528 Pitsea
776 1485 803 1526 c.
861 1468 901 1528 66
925 1469 974 1528 Pin
994 1476 1064 1528 tom.
1085 1467 1136 1530 tx.
1155 1487 1183 1548 p.
1213 1471 1280 1531 785.
1299 1477 1329 1532 67
1348 1474 1475 1535 Baeiius.
1493 1475 1584 1534 Deni—
1699 1497 1701 1504 ,

91 1561 151 1622 360.
173 1562 395 1624 adscribimus:
419 1562 462 1622 iie
478 1557 661 1642 temporibus
682 1558 805 1635 mundi,

81 1653 212 1716 Annales
244 1654 408 1736 Stephani,
447 1655 528 1735 Opus
568 1653 804 1727 Cironicorum,

90 1749 327 1810 Continuatiouet
345 1745 466 1810 77666677
480 1747 647 1821 delicate,
663 1745 699 1807 de
713 1763 805 1825 prae-

87 1837 176 1904 claris
189 1839 396 1923 &mitioribus
410 1888 416 1916 ,
434 1841 470 1902 de
486 1840 616 1902 aduentu
627 1843 783 1902 86666666
798 1881 805 1916 ,

88 1935 174 1996 Gesta
204 1935 476 2010 Normannorum‚·
494 1927 632 2014 Oripiner
660 1931 805 1995 Hiberno-

87 2045 152 2088 rum
174 2035 204 2090 et
220 2030 395 2103 Scotorum,
420 2027 456 2088 de
482 2027 609 2108 synodis
635 2025 804 2100 Ecclesiae,

87 2119 208 2182 Postilla
235 2121 266 2180 in
288 2116 530 2182 776676666677666
547 2121 577 2180 67
602 2120 784 2201 Sapientiam
796 2133 804 2193 ,·

85 2213 235 2293 Epr'staiue
250 2212 292 2274 od
310 2213 466 2289 diuersos,
489 2217 647 2276 Sermones
662 2263 668 2290 ,
686 2211 722 2273 de
749 2213 805 2273 mi-

85 2305 231 2368 rabilibus
257 2305 391 2386 Amitae.
414 2306 499 2368 nude
520 2308 655 2369 careum
677 2314 708 2367 et
729 2309 805 2368 Vas-

86 2403 159 2462 sium
193 2400 231 2461 de
262 2403 416 2462 ilistoricis
439 2403 572 2475 Latinis,
595 2401 696 2462 Balari
728 2402 803 2461 iiist.

86 2494 298 2554 Universitatis
330 2484 480 2556 Parisin'a'e
511 2495 642 2554 torm-li.
675 2511 703 2571 p.
735 2492 803 2552 769.

87 2585 287 2649 libertanum
309 2588 432 2666 praeiet.
455 2593 526 2648 tatn.
548 2588 584 2647 ii.
606 2586 731 2665 Augilas
753 2584 806 2646 Sa·

864 1579 924 1640 que
942 1563 1032 1622 miror
1049 1558 1182 1622 Baetium
1196 1579 1286 1636 ‚cum
1302 1563 1340 1624 de
1355 1564 1412 1625 hac
1426 1565 1581 1645 liudulpho
1621 1559 1626 1566 ’

862 1660 893 1716 et
914 1656 976 1716 ioco
994 1655 1060 1732 ejus
1074 1655 1112 1715 66
1128 1655 1241 1716 launna
1259 1659 1379 1734 Papisse
1396 1661 1477 1736 agit,
1499 1660 1582 1722 dilie-

864 1751 989 1810 rentiam
1022 1752 1099 1808 inter
1122 1746 1309 1830 Radulpbum
1335 1750 1580 1828 Flauiaceuscm,

862 1849 894 1902 et
915 1840 1102 1922 lianulplum
1120 1840 1284 1919 Hipdenum
1301 1887 1308 1917 ‚
1325 1849 1478 1905 auctorem
1495 1845 1580 1923 Poly-

862 1936 1019 2010 chronici,
1042 1952 1098 1996 non
1122 1936 1231 1996 meiius
1247 1937 1425 1997 inculcasse.

865 2059 868 2066 .
901 2025 1124 2090 attentantis
1140 2071 1142 2074 -
1156 2026 1410 2105 Fontanellensia,
1427 2027 1527 2090 abbas
1549 2031 1578 2090 in

860 2122 975 2197 Gallis,
1002 2124 1131 2201 primum
1160 2123 1316 2192 tircanus,
1347 2123 1468 2182 virita.
1493 2123 1582 2185 7037.
1631 2129 1642 2153 ‘

860 2215 995 2276 Meminit
1005 2217 1071 2276 sius
1081 2215 1189 2276 Chron.
1203 2215 1431 2275 Fontenellansc
1443 2215 1579 2294 Appeud.
1615 2227 1617 2230 ·

861 2311 882 2370 i.
914 2325 939 2369 c.
966 2308 997 2369 8.
1023 2308 1102 2386 apud
1120 2307 1298 2368 Dacberium
1317 2304 1418 2386 Spicii.¹
1446 2314 1507 2368 tom
1531 2307 1580 2369 lii.

861 2403 908 2463 Aa
937 2401 1015 2463 idem
1046 2403 1085 2466 sit
1113 2417 1182 2463 cum
1212 2401 1366 2478 liudulpho
1396 2403 1579 2463 Flaviacenst

861 2495 1000 2574 disquirit
1031 2495 1093 2554 iac.
1126 2495 1274 2570 Hammey
1303 2495 1332 2552 in
1365 2493 1580 2572 Supplciaento

861 2589 979 2651 Petrum
996 2606 1024 2665 p.
1042 2585 1110 2648 279.
1128 2584 1195 2647 Mihi
1215 2584 1357 2647 videntur
1373 2583 1484 2648 diversi
1502 2603 1580 2649 esse.

84 2697 146 2741 crae
178 2699 209 2759 p.
237 2681 287 2742 27.
308 2681 357 2742 23.
378 2682 520 2778 Nostrum
544 2697 635 2759 supra
658 2685 729 2739 tam.
755 2679 802 2739 tv.
859 2682 1063 2745 Nem-Comm.
1081 2677 1112 2740 in
1130 2678 1285 2742 Gontr'cum
1301 2679 1494 2743 canticorum
1513 2682 1579 2744 nui-

87 2789 149 2854 pag.
171 2772 244 2836 527.
805 2777 808 2780 ’
859 2775 917 2835 iam
932 2773 1325 2851 mentionemiaciunt‚qui
1341 2772 1377 2832 de
1389 2772 1574 2835 Flaviacensi

119 2865 353 2929 abaciacus
375 2863 609 2940 Dominieanur,
631 2865 693 2924 vid.
711 2873 802 2944 supra
858 2875 974 2946 agunt,
990 2867 1111 2945 qualem
1129 2875 1230 2932 tamen
1245 2867 1404 2944 scripsisse
1420 2867 1576 2928 76676667-

84 2953 301 3021 cirterciensis.
858 2962 972 3022 iensem
1000 2967 1104 3021 autum
1132 2967 1201 3033 est,
1231 2958 1345 3019 editum
1373 2975 1445 3020 vero
1471 2977 1487 3020 a
1515 2961 1577 3021 lac.

115 3049 344 3119 muneratis
365 3047 570 3130 7766676ρὶ66,
591 3050 660 3110 vida
673 3056 745 3110 tam.
766 3050 801 3110 ii.
857 3056 1003 3131 iionrmey
1014 3054 1037 3113 i.
1050 3071 1077 3114 6.
1096 3071 1124 3131 p.
1141 3051 1210 3113 276.
1225 3069 1320 3131 quum
1334 3055 1417 3131 prius
1434 3053 1575 3131 Gregorio

87 3163 149 3225 pag.
172 3145 244 3208 787.
860 3149 966 3225 bagua
993 3146 1126 3207 tributus
1156 3148 1256 3207 tuerit.
1283 3145 1438 3206 Editiones
1463 3147 1576 3224 priores

115 3239 345 3302 annuntiatis
362 3235 562 3298 Eboraceusis
575 3281 583 3310 ,
596 3236 802 3313 6666766666-
862 3247 1009 3300 memorat
1026 3237 1179 3300 Fabricius
1202 3245 1304 3298 noster
1325 3253 1415 3316 supra
1437 3239 1486 3299 lib.
1508 3240 1572 3299 Vll.

82 3348 133 3408 pus
154 3349 222 3394 sac.
241 3329 312 3412 iiii.
329 3330 404 3408 Ejus
426 3328 561 3410 Epistola
581 3329 623 3390 od
645 3327 803 3392 Calioctum
860 3332 998 3395 oudinus
1016 3332 1142 3392 tamaii.
1161 3348 1188 3409 p.
1206 3329 1275 3389 773.
1293 3338 1381 3390 vocat
1394 3329 1576 3410 scriptorem

83 3426 119 3486 77.
137 3426 260 3508 Papam
276 3423 313 3486 de
329 3422 452 3504 injuriat
470 3421 620 3484 66666766
635 3420 804 3482 776666666-
844 3422 1094 3503 imupinarium,
1126 3423 1269 3484 Sanctum
1293 3423 1363 3482 noui
1392 3419 1574 3483 calendarii.

81 3519 238 3582 tirexstut
250 3521 279 3579 in
298 3520 328 3580 S.
341 3520 373 3578 it.
391 3513 478 3596 Angi.
492 3517 657 3594 Twysdeui
674 3535 704 3594 p.
715 3515 801 3577 7735.
859 3520 901 3578 De
918 3517 1015 3596 Opere
1028 3521 1091 3597 ipso
1108 3514 1171 3576 vid.
1190 3516 1264 3575 inira
1284 3511 1428 3576 Rubenius
1441 3513 1477 3576 de
1494 3509 1579 3577 7666-
1672 3573 1673 3578 ,

116 3611 348 3675 suauitatis
368 3609 653 3690 Eleemospiarinr,
668 3609 802 3688 Augias,
859 3608 986 3671 balcnio.

79 3705 470 3768 monachusiienedictinus
484 3703 803 3764 inmonasterioWest·
899 3701 1122 3766 annutritus
1134 3699 1328 3764 7666666666
1342 3747 1349 3771 ,
1363 3717 1401 3761 ex
1417 3701 1577 3763 barthani-

77 3799 331 3872 mouusteriensi‚
353 3797 403 3860 ubi
426 3801 525 3876 ipsum
549 3811 672 3875 quoque
693 3793 729 3855 ad
759 3794 803 3854 67-
858 3800 921 3860 7676
941 3797 1097 3859 oriundus.
1114 3797 1239 3858 iuvenis
1256 3796 1284 3854 in
1302 3793 1502 3855 Palaestinam
1522 3795 1577 3854 mi-

76 3896 225 3969 gnitatem
259 3891 383 3953 Abbatis
405 3891 577 3967 adspirasso
598 3891 691 3950 aiunt.
724 3888 804 3948 Obiit
858 3891 998 3970 litaturis
1031 3890 1123 3965 abiit,
1149 3892 1178 3949 in
1209 3894 1310 3949 monte
1342 3889 1480 3950 Carmeia
1506 3902 1579 3948 vera

76 4005 100 4045 a.
123 3989 215 4049 7766.
238 3985 366 4063 Scripsit
383 3981 528 4046 Hamillus
545 3983 579 4043 iu
595 3979 761 4064 Euaupelut
776 3985 804 4041 et
859 3983 940 4046 iliius
957 3984 1011 4044 loci
1030 3983 1171 4061 reiigione
1199 3980 1388 4056 dolectatus,
1411 3979 1578 4042 monachus

75 4077 233 4161 Epistulas
245 4123 253 4147 ‚
267 4088 299 4140 et
312 4077 349 4140 de
360 4068 519 4157 peccatore
532 4073 644 4137 librum
656 4076 680 4134 7.
698 4075 803 4155 Lelan-
859 4076 911 4153 iit,
936 4093 1067 4158 eumque
1088 4075 1223 4136 ordinem
1245 4075 1362 4152 primus
1388 4077 1419 4137 in
1439 4073 1578 4155 Anglium

76 4175 134 4236 dus
154 4191 183 4236 6.
209 4173 280 4235 223.
301 4175 420 4234 Pitseus
441 4187 468 4230 c.
490 4170 558 4232 ato.
859 4170 1045 4245 introduxit,
1070 4169 1162 4229 variis
1179 4185 1301 4246 quaque
1327 4169 1365 4229 ibi
1388 4170 1580 4231 marrasteriis

111 4267 346 4331 abpatruus
363 4261 573 4342 6667666966.Ι
592 4261 684 4339 bajus
703 4261 802 4340 Opera
858 4263 993 4324 eiusdem
1009 4263 1184 4330 exstructis.
1201 4261 1282 4323 Obiit
1298 4277 1324 4323 6.
1344 4257 1434 4322 7277.
1455 4256 1581 4340 Scripsit

73 4359 229 4440 67766666
251 4366 399 4420 memorat
420 4359 539 4420 Pitseus
569 4374 594 4417 e.
628 4357 695 4416 629.
718 4373 802 4433 prae·
857 4355 1110 4417 timbertatianum
1119 4355 1243 4435 piarum
1256 4361 1285 4417 et
1297 4355 1500 4436 Epistularum
1511 4349 1578 4414 irbr.

73 4463 153 4518 terea
179 4471 258 4514 vero
279 4453 363 4513 nibil.
858 4450 883 4508 1.
904 4450 977 4512 Vidn
995 4451 1117 4511 Balaam
1140 4451 1432 4511 concitatarum
1456 4465 1481 4508 c.
1510 4447 1578 4508 393.

110 4547 347 4610 nouitatis
371 4542 596 4616 7766766666,
629 4544 800 4604 monasterii
900 4542 1088 4606 abactam
1123 4540 1238 4618 66766,
1268 4533 1369 4603 nescii
1389 4538 1579 4616 66766676

73 4641 101 4702 76
127 4643 287 4704 territorio
313 4631 516 4700 bellovacensi
549 4635 649 4697 Abbas
669 4634 740 4694 Ord.
772 4636 802 4696 S.
858 4634 983 4698 ntoriale
1005 4655 1063 4720 pro
1081 4635 1307 4706 0666666666,
1332 4633 1390 4695 tis.
1421 4633 1523 4693 exstat
1546 4630 1574 4688 in
1684 4687 1686 4694 ,

75 4733 248 4795 Benedicti.
272 4733 353 4794 Vixit
369 4749 430 4792 sec.
447 4727 513 4791 xri.
531 4730 610 4808 quod
639 4727 804 4789 ostendunt
860 4730 929 4789 liibt.
965 4731 995 4790 S.
1027 4733 1161 4803 Quintini
1189 4729 1390 4791 beluacensis.
1420 4727 1506 4785 born.
1535 4721 1573 4784 de

110 4947 138 5007 6)
157 4949 197 4996 be
215 4943 344 4996 circuita
362 4941 450 4996 eantur
466 4943 645 5006 spanhemium
663 4945 680 4990 t.
699 4942 720 4990 it
741 4943 806 5003 opp.
856 4945 913 5006 pig.
930 4935 985 4992 376.

1288 5047 1344 5106 tut
