3654 5408
708 217 893 281 navicu
910 219 934 278 N
951 221 1012 280 AS
1329 240 1332 255 ι
1544 231 1603 295 359

102 335 275 415 jacturam,
300 336 333 389 ut
354 326 449 399 salat,
472 326 545 402 satis
560 323 704 384 audacem
722 325 828 398 adfert,
884 329 1004 387 cesione
1037 328 1126 401 libri,
1157 331 1207 407 qai
1241 333 1397 393 Historiam
1430 335 1600 398 Naturalem

104 443 197 507 qnam
220 423 348 503 propriis
370 421 465 498 ipsias
492 417 592 477 verbis
620 418 827 495 praiarsmus:
884 422 1056 497 provinciae
1073 421 1274 483 Narbonensis
1294 427 1450 504 continet,
1471 428 1543 490 dicit
1569 447 1602 491 se

106 518 234 581 interim
254 515 333 576 adda
354 529 425 592 epo,
449 527 491 572 erc
511 508 627 570 solicito
655 509 826 587 primarum
883 514 911 570 in
934 515 1201 592 cascagitationes
1223 515 1615 598 devenissefflastarium,

103 611 253 692 Anonymi
271 606 436 689 soliorum,
458 604 520 680 (nic
541 603 628 662 deest
648 602 826 679 evolutione,
883 623 974 682 qoem
996 607 1176 684 anonymos
1197 616 1300 670 noster
1320 614 1412 687 citat,
1431 620 1483 674 aul
1506 616 1604 678 Tabu-

104 707 155 766 rel
179 704 277 766 simile
296 699 378 779 qaid)
396 695 525 758 dilucide
537 713 687 776 apparere
698 715 709 771 ,·
725 697 780 777 qui
794 697 830 758 il·
884 699 945 758 lam
969 701 1230 777 Peulingerianam
1252 709 1283 762 et
1304 705 1508 782 itinerarium,
1523 707 1602 784 qaod

102 800 166 861 lum
187 793 364 876 descripsit,
397 789 558 869 exemplar
581 806 660 868 prce
689 788 828 852 manibus
884 790 941 852 sub
962 790 1247 855 Antonininomine
1262 795 1388 873 prodiit,
1406 797 1603 879 descripsisse
1657 815 1659 820 ·

103 899 192 956 assu
214 887 370 957 habuisse,
393 886 481 965 cnjus
500 882 602 962 primo
621 881 696 965 folio
719 882 829 945 dilace-
883 891 914 944 et
934 885 1134 963 compilasse,
1156 894 1209 948 eat
1230 905 1265 949 ea
1288 892 1400 950 veteris
1417 894 1485 952 aevi
1500 910 1606 955 mona-

103 992 176 1047 rata
198 991 228 1045 et
242 981 413 1062 promiscue
440 977 565 1056 disjecta
584 975 720 1057 suerunt.
740 977 828 1038 iniis
884 984 984 1037 menta
1011 995 1049 1037 ex
1081 978 1217 1040 Castorii
1239 981 1473 1044 Commentariis
1506 986 1603 1046 videri

102 1079 183 1140 enim
199 1076 290 1149 lacis,
310 1071 442 1154 quaeda
458 1071 518 1131 situ
543 1069 690 1133 Paradisi
716 1076 826 1148 ayunt,
884 1071 1049 1149 composita
1070 1078 1161 1150 atque
1183 1073 1309 1153 digesta.
1328 1071 1442 1138 Deinde
1465 1085 1605 1140 auctores

103 1171 271 1233 comminata
289 1164 660 1247 etccnfuscsuntsumma
678 1159 828 1237 imis,'cn·
873 1165 981 1240 ipsum
1005 1163 1129 1226 finxisse
1151 1166 1256 1242 docet,
1281 1167 1308 1229 id
1330 1170 1410 1248 quod
1433 1189 1470 1231 ex
1504 1173 1605 1233 verbis

104 1262 270 1326 teeedenlia
296 1255 559 1340 consequentibus,
574 1273 743 1336 cereusque
760 1273 828 1316 aer·
883 1259 1002 1334 ipsias,
1023 1273 1100 1336 qnae
1122 1260 1434 1343 adscribo,·pat'ebit:
1457 1267 1540 1342 Quae
1572 1266 1603 1326 iu

102 1355 201 1419 sima.
220 1355 297 1417 Cum
315 1352 410 1432 ipitnr
429 1349 577 1412 librarius
595 1367 654 1408 non
678 1348 828 1430 potuisset
887 1349 1016 1430 AEyypto
1036 1356 1126 1431 atque
1142 1351 1266 1431 Africae
1282 1355 1439 1418 civitatum
1458 1356 1606 1419 recensio·
1712 1371 1715 1377 ’

102 1446 226 1528 simpulo
248 1449 279 1506 in
300 1444 434 1506 ordinem
454 1442 628 1503 naturalem
650 1447 826 1514 restituere,
882 1457 919 1501 ne
939 1443 990 1503 em'
1003 1444 1153 1520 Lolliano,
1177 1446 1401 1524 Romanorum,
1423 1457 1456 1511 ut
1486 1452 1548 1526 ait,
1579 1454 1607 1528 a)

101 1540 251 1616 soledas,
273 1545 308 1600 ut
327 1535 542 1612 adveniebant,
556 1551 560 1560 ·
576 1538 618 1598 ito
647 1534 826 1615 descripsit,
889 1535 1132 1615 Casmographo,
1153 1537 1274 1620 adfert,
1297 1559 1333 1601 ea
1354 1560 1420 1603 cum
1439 1542 1607 1625 pulvisculo

101 1641 139 1696 ut
157 1633 260 1696 nudus
280 1647 385 1694 scurris
406 1643 519 1706 sanus,
537 1629 566 1691 si
585 1637 687 1708 prant-
699 1630 827 1708 jacent,
883 1645 925 1688 ece
942 1628 1024 1707 picto
1049 1627 1177 1706 Tabula,
1201 1635 1404 1712 cujuscemodi
1422 1643 1467 1699 est
1488 1633 1606 1698 Pintia-

100 1733 286 1800 sumantur,
307 1744 350 1787 ear
367 1724 505 1786 discorso
526 1722 675 1802 Anonymi
689 1719 831 1801 emsculpi
883 1721 1032 1800 periano,
1054 1721 1186 1784 abstulit.
1209 1726 1342 1788 Indidem
1374 1735 1417 1800 et,
1432 1748 1468 1789 ea
1499 1737 1605 1790 mutim
1677 1783 1683 1794 .

98 1823 204 1902 possit·
226 1823 321 1882 Locus
339 1825 407 1879 lune
425 1818 485 1899 ipsi
499 1824 588 1890 mot,
604 1837 624 1875 a
642 1815 762 1876 metune
776 1814 829 1874 At·
882 1815 1009 1885 sumsit,
1031 1833 1109 1894 quae
1132 1817 1251 1879 Libanio
1263 1819 1293 1880 in
1306 1821 1440 1901 Bospori,
1455 1819 1605 1902 Scythiae,

102 1914 228 1975 ianasii
238 1913 374 1993 junioris
395 1911 525 1987 recenti,
553 1908 668 1987 aerbo,
690 1925 769 1988 quae
796 1910 826 1970 S.
889 1908 1018 1968 Moesiae
1038 1909 1196 1989 utriusque
1218 1917 1248 1972 et
1269 1911 1414 1984 Thraciae
1435 1915 1606 1996 descriptio-

103 2006 268 2069 dilmnasii
286 2002 514 2086 essepntabat,
536 2004 570 2065 de
589 2001 830 2080 Parodr'soinse-
885 2017 920 2060 ne
942 2001 970 2076 b)
992 2008 1113 2083 accepta
1134 2002 1245 2065 retulit.
1269 2005 1329 2066 Nec
1348 2006 1443 2068 olium
1465 2008 1517 2069 illo
1548 2026 1604 2068 au-

104 2100 211 2176 rscdi,
232 2116 425 2180 quanquam,
441 2085 827 2175 ubiillainseruitmuper·
882 2101 993 2155 ctorem
1013 2103 1197 2173 opressum,
1219 2115 1296 2177 quae
1318 2099 1356 2159 in.
1370 2100 1482 2179 Epiro,
1518 2101 1604 2162 Pela-

101 2213 204 2256 caeno
220 2199 333 2268 essent,
352 2210 446 2272 neque
472 2209 539 2252 cum
565 2187 826 2252 antecendentibns
878 2188 986 2266 paura,
1006 2187 1177 2248 Macedonia
1192 2195 1222 2250 et
1234 2190 1363 2252 Graecia
1377 2195 1405 2270 c)
1425 2195 1601 2262 Aristarchi,

107 2295 137 2350 et
147 2285 341 2370 sequentibus
349 2287 482 2366 periodis
499 2283 701 2360 cohaererent,
712 2287 746 2372 ut
758 2280 827 2344 sali·
886 2285 916 2340 el
936 2280 966 2340 in
985 2281 1187 2360 Daciaprima
1205 2289 1233 2343 et
1249 2284 1381 2345 secrmda
1398 2287 1525 2348 Sardalii
1542 2305 1608 2350 esse

106 2381 364 2460 cileAnanymum
377 2378 543 2458 inspicienti
555 2378 585 2437 in
592 2376 752 2460 propatulo
762 2376 827 2436 erit.
881 2373 1087 2453 perhibentur.
1105 2376 1144 2434 *In
1165 2395 1201 2436 aa
1222 2377 1366 2456 atridem,
1400 2397 1437 2440 ne
1467 2378 1609 2460 fallaciae

146 2479 218 2536 Post
237 2475 310 2534 hacc
337 2473 489 2535 liecerdas
516 2473 663 2550 insignem
697 2470 828 2547 aliquam
883 2472 1059 2540 exstarent,
1082 2467 1199 2529 addidit
1219 2469 1345 2532 subinde
1361 2471 1467 2552 aliqua
1484 2492 1527 2535 eac
1542 2477 1611 2534 lor-

106 2572 135 2628 in
159 2569 233 2628 libro
244 2569 340 2646 primo
353 2568 538 2627 Ravennatis
553 2561 828 2642 transipasitiooem
885 2558 993 2621 condis
1015 2557 1113 2621 liebus
1135 2561 1163 2636 d)
1196 2561 1323 2638 Getr'cis,
1357 2564 1407 2624 vel
1437 2567 1482 2626 sic
1514 2573 1612 2646 tameo

106 2660 249 2736 molitur,
270 2669 302 2721 ct
323 2659 413 2720 verba
436 2675 489 2738 pro
510 2658 607 2719 lubitu
629 2674 667 2716 ex
685 2657 830 2717 contexta
886 2650 1042 2714 manifesto
1063 2653 1274 2736 deprenensus.
1301 2655 1369 2718 Vide
1391 2656 1475 2717 modo
1496 2657 1532 2718 de
1554 2662 1613 2720 lla-

107 2755 241 2816 aactoris
262 2756 291 2813 in
314 2754 405 2815 alium
428 2752 525 2813 locum
551 2749 684 2841 trajicit,
706 2748 830 2827 idqaod
888 2749 986 2822 ximo,
1009 2749 1106 2809 llarco
1129 2745 1220 2822 lliro,
1252 2750 1455 2828 Athanarida,
1486 2747 1613 2813 urbibu-

107 2855 154 2908 est
174 2853 281 2908 contra
301 2861 485 2908 consensum
503 2844 646 2904 librorum
662 2858 834 2902 maaaexa·
888 2855 962 2919 sque
986 2856 1044 2918 per
1066 2839 1198 2922 illyrici,
1232 2843 1422 2920 Pannoniae,
1446 2845 1614 2908 Dalmatide

107 2943 438 3018 ratarum-Postquam
462 2939 551 3018 igitar
587 2937 671 2997 lacus
703 2934 833 2994 Athana·
895 2930 1056 2995 Valeriae.
1080 2935 1316 3018 Germaniaeque
1333 2938 1614 3018 alprovirrcr'as,rll·

107 3037 141 3094 sii
162 3034 282 3111 ejectas
302 3041 369 3106 est,
390 3031 480 3093 dubia
496 3036 600 3092 contra
619 3023 830 3091 seculnml'lt.
889 3032 954 3087 tera
976 3028 1017 3088 ilc
1039 3027 1395 3108 milleartaoidebotnr,
1413 3034 1533 3095 ntnilril
1545 3053 1615 3114 pas-

107 3145 235 3207 prorsns
250 3133 448 3188 evanuerunt.
471 3124 673 3184 Probatvero
695 3139 732 3181 ex
756 3120 834 3181 Scri·
888 3126 935 3180 set
954 3123 1198 3204 snpra.·iicqur's
1220 3127 1296 3186 enim
1309 3128 1547 3209 unquamsandc
1565 3146 1615 3190 cc-

108 3223 267 3298 ptaribus,
289 3235 366 3297 quos
389 3219 467 3280 ultra
489 3217 627 3279 seculum
651 3215 713 3284 Vll,
735 3213 834 3274 nullos
891 3213 991 3291 cepit,
1010 3216 1234 3278 Penthesileam
1251 3227 1279 3279 et
1291 3223 1470 3300 Marpesiam
1483 3222 1519 3282 de
1537 3223 1617 3283 Cau-

107 3318 199 3376 citat:
222 3320 289 3376 tum
308 3329 346 3374 ex
369 3313 460 3373 rebus
481 3313 595 3391 gestis,
617 3325 695 3386 qaae
710 3307 788 3368 ultra
802 3306 835 3366 il·
890 3303 982 3394 casiis
1003 3305 1151 3370 mantibus
1172 3316 1201 3369 et
1220 3309 1406 3372 Amazonum
1427 3313 1496 3374 sede
1529 3314 1615 3376 Com-

108 3407 135 3468 la
157 3415 296 3485 tempora
318 3423 442 3484 prorsus
464 3405 546 3466 nulla
568 3400 836 3464 memoratlichic
892 3399 1042 3459 monteria
1064 3401 1083 3474 ll
1105 3399 1290 3481 reliquisse?
1310 3406 1414 3482 Hylam
1433 3408 1460 3483 gl
1478 3407 1616 3466 Macedo-

110 3500 268 3562 latendum
296 3506 373 3573 est,
407 3497 575 3559 Eccardum
609 3496 837 3555 observationes
897 3509 968 3551 rrum
990 3500 1021 3553 et
1049 3494 1297 3572 iioscclanorum,
1331 3498 1494 3560 Pirithoum
1528 3496 1618 3559 Asiae

110 3609 235 3673 prorsus
256 3594 411 3672 egregias,
433 3609 471 3651 ex
502 3591 625 3651 historia
659 3590 739 3649 illins
769 3588 836 3648 aevi
891 3586 1018 3647 minaris
1039 3586 1131 3649 nrbes
1152 3589 1274 3670 seriptis
1290 3590 1355 3653 suis
1377 3589 1408 3665 h)
1430 3589 1617 3652 illustrasse?
1672 3649 1675 3658 ,

111 3690 240 3764 petitas,
262 3685 401 3760 adferre,
422 3678 568 3745 et'simul
591 3683 727 3745 seculum
745 3697 835 3743 sunm
891 3681 996 3741 Ausim
1017 3683 1123 3760 qrroois
1140 3683 1265 3762 pipnore
1287 3683 1484 3759 carnendere',
1502 3689 1616 3747 liccea-

111 3783 225 3840 aactari
250 3779 384 3858 probare.
406 3779 466 3839 Eas
479 3778 595 3838 harum
617 3779 718 3839 reru'm
741 3775 837 3834 curio
892 3781 990 3835 notem
1012 3791 1053 3835 eac
1073 3773 1256 3837 Penthesilea
1275 3771 1483 3858 etliarpesia',
1499 3776 1618 3838 nobilis-

112 3891 166 3934 sas
187 3875 225 3933 ab
249 3874 313 3951 ipso
335 3878 425 3949 petat.
784 3899 786 3904 ·
893 3867 978 3930 simis
1001 3869 1211 3944 Amazonum,
1234 3879 1324 3951 atque
1346 3891 1388 3932 ecc
1407 3869 1484 3951 Hyla
1504 3873 1617 3934 Hercu·

152 3967 275 4027 'l'ortlns
297 3965 427 4044 denique
449 3965 630 4025 sententiam
652 3961 733 4022 dicat
751 3963 784 4045 li.
802 3961 852 4025 (1.,
894 3961 931 4022 iis
948 3967 976 4022 et
991 3961 1122 4021 Piriticc
1148 3963 1250 4024 Tirsai
1268 3963 1428 4028 amicales
1444 3963 1529 4026 nolis
1545 3965 1618 4026 Geo-

113 4061 222 4122 Pctrns
256 4059 487 4137 We'sselingins.
521 4059 551 4117 is
587 4057 616 4115 in
648 4054 836 4115 dedicatione
889 4053 1022 4135 propios
1039 4073 1223 4135 procreasse.
1248 4058 1350 4121 Ceteri
1378 4060 1443 4138 ejus
1475 4065 1615 4120 auctores

114 4152 339 4214 dissertationis
360 4152 398 4212 de
418 4151 603 4216 ludaeorum
624 4147 836 4220 Archontibus,
892 4149 948 4209 etsi
965 4147 1059 4226 plura
1081 4149 1174 4212 literis
1195 4152 1431 4231 consipnnrunt,
1460 4151 1538 4213 nillil
1569 4157 1607 4212 tc·

19 4261 25 4271 ’
114 4238 359 4313 dissertationem
386 4245 423 4306 de
455 4245 609 4307 fraudibus
641 4250 671 4304 ct
701 4241 834 4314 emiliae,
893 4259 959 4302 man
980 4259 1108 4318 eornm,
1131 4261 1208 4324 qaae
1230 4245 1402 4325 Anonymus
1433 4245 1618 4328 impudenter

115 4343 268 4420 Anonymi
291 4341 384 4400 nostri
407 4357 440 4401 se
461 4339 590 4419 adjicere
609 4338 740 4398 voluisse
756 4335 836 4412 dicit,
892 4335 1051 4410 mentitur,
1076 4329 1231 4400 libanium
1243 4338 1475 4419 uitOncporiam
1486 4338 1527 4398 ad
1538 4337 1615 4397 Pon-

117 4435 171 4496 sad
192 4451 208 4495 a
231 4433 429 4518 typographis
451 4432 638 4512 impeditum.
671 4430 763 4506 igitur
790 4445 839 4490 ac-
894 4429 984 4488 ticum
1002 4446 1087 4489 mare
1105 4431 1121 4503 i)
1137 4431 1294 4512 scriptione
1308 4430 1447 4494 subtilius
1464 4428 1619 4492 declaras-

161 4622 188 4680 ι)
203 4622 260 4672 llll.
280 4623 325 4671 ill.
342 4621 402 4682 cap.
416 4621 442 4671 2.
457 4625 483 4672 et
498 4619 525 4671 1.
936 4613 961 4674 e)
976 4619 1107 4666 novenam
1122 4619 1149 4666 1..
1166 4619 1206 4668 ll.
1222 4619 1284 4679 cap.
1301 4615 1339 4665 li.
1358 4613 1394 4663 lll.
1414 4612 1453 4662 la.
1467 4613 1509 4662 2⁰.
1524 4612 1565 4660 29.
1579 4610 1623 4662 2⁴.

163 4697 189 4756 b)
203 4698 258 4747 111.
275 4700 318 4747 lv.
333 4697 395 4758 cap.
413 4698 438 4746 a.
454 4697 479 4745 5.
495 4697 518 4745 ll.
539 4697 562 4744 1.
937 4688 957 4747 1)
974 4689 1028 4740 told
1049 4691 1114 4753 cap.
1129 4690 1155 4740 1.

162 4773 187 4829 c)
204 4771 261 4822 tola
279 4773 341 4834 cap.
358 4771 383 4823 8.
399 4771 425 4820 ll.
445 4771 484 4823 lc.
504 4769 543 4820 11.
937 4764 964 4828 g)
982 4765 1035 4815 lbld
1051 4766 1111 4827 Cap.
1132 4765 1157 4815 tl.
1176 4764 1213 4815 11.

162 4849 189 4906 d)
201 4847 262 4896 vide
279 4847 415 4896 loraaadis
433 4851 478 4898 list
496 4847 590 4912 capi
602 4845 694 4896 21511.
707 4849 732 4894 et
745 4846 843 4894 neren.
940 4839 967 4899 li)
984 4839 1037 4888 llo.
1055 4841 1086 4886 11.
1103 4840 1164 4901 cap.
1183 4837 1219 4888 lo.

14 4941 19 4953 ·
119 4924 146 4973 1..
166 4922 205 4971 lv.
223 4925 282 4984 cop.
300 4919 324 4972 ὃ,
346 4919 382 4970 ll.
399 4923 424 4971 o.
945 4913 963 4972 i)
976 4913 1031 4964 111).
1051 4915 1091 4963 lv.
1108 4915 1169 4974 Cap.
1185 4914 1210 4961 ⁶2.

860 5001 872 5027 s
