<?xml version="1.0" encoding="UTF-8"?>
<!DOCTYPE html PUBLIC "-//W3C//DTD XHTML 1.0 Transitional//EN"
    "http://www.w3.org/TR/xhtml1/DTD/xhtml1-transitional.dtd">
<html xmlns="http://www.w3.org/1999/xhtml" xml:lang="en" lang="en">
 <head>
  <title>
</title>
<meta http-equiv="Content-Type" content="text/html;charset=utf-8" />
  <meta name='ocr-system' content='tesseract 3.04.00' />
  <meta name='ocr-capabilities' content='ocr_page ocr_carea ocr_par ocr_line ocrx_word'/>
</head>
<body>
  <div class='ocr_page' id='page_1' title='image "./lta-11000/bibliothecalati01gallgoog/bibliothecalati01gallgoog_0344.png"; bbox 0 0 3654 5408; ppageno 0'>
   <div class='ocr_carea' id='block_1_1' title="bbox 661 233 1569 300">
    <p class='ocr_par' dir='ltr' id='par_1_1' title="bbox 661 233 1569 300">
     <span class='ocr_line' id='line_1_1' title="bbox 661 233 1569 300; baseline 0.009 -8"><span class='ocrx_word' id='word_1_1' title='bbox 661 233 991 298; x_wconf 78' lang='lat' dir='ltr'><strong>BthALllUS</strong></span> <span class='ocrx_word' id='word_1_2' title='bbox 1511 237 1569 300; x_wconf 78' lang='grc'><strong>347</strong></span> 
     </span>
    </p>
   </div>
   <div class='ocr_carea' id='block_1_2' title="bbox 75 335 1605 696">
    <p class='ocr_par' dir='ltr' id='par_1_2' title="bbox 75 335 1605 696">
     <span class='ocr_line' id='line_1_2' title="bbox 77 335 1566 422; baseline 0.002 -21"><span class='ocrx_word' id='word_1_3' title='bbox 77 338 212 401; x_wconf 78' lang='lat' dir='ltr'><strong>mortium</strong></span> <span class='ocrx_word' id='word_1_4' title='bbox 222 335 392 417; x_wconf 76' lang='lat' dir='ltr'><strong>juridicum</strong></span> <span class='ocrx_word' id='word_1_5' title='bbox 407 336 442 398; x_wconf 90' lang='lat' dir='ltr'><strong>de</strong></span> <span class='ocrx_word' id='word_1_6' title='bbox 458 338 515 412; x_wconf 84' lang='lat' dir='ltr'><strong>iis,</strong></span> <span class='ocrx_word' id='word_1_7' title='bbox 531 355 609 418; x_wconf 84' lang='lat' dir='ltr'><strong>qnae</strong></span> <span class='ocrx_word' id='word_1_8' title='bbox 631 339 757 402; x_wconf 86' lang='lat' dir='ltr'><strong>audiuit·</strong></span> <span class='ocrx_word' id='word_1_9' title='bbox 771 347 801 402; x_wconf 87' lang='grc'><strong>44</strong></span> <span class='ocrx_word' id='word_1_10' title='bbox 852 357 878 402; x_wconf 95' lang='grc'><strong>4.</strong></span> <span class='ocrx_word' id='word_1_11' title='bbox 901 342 990 404; x_wconf 87' lang='grc'><strong>4446.</strong></span> <span class='ocrx_word' id='word_1_12' title='bbox 1017 341 1136 419; x_wconf 86' lang='lat' dir='ltr'><strong>reliquit</strong></span> <span class='ocrx_word' id='word_1_13' title='bbox 1153 339 1248 418; x_wconf 84' lang='lat' dir='ltr'><strong>plura</strong></span> <span class='ocrx_word' id='word_1_14' title='bbox 1271 343 1417 405; x_wconf 85' lang='lat' dir='ltr'><strong>Currninu</strong></span> <span class='ocrx_word' id='word_1_15' title='bbox 1439 351 1566 422; x_wconf 90' lang='lat' dir='ltr'><strong>utraque</strong></span> 
     </span>
     <span class='ocr_line' id='line_1_3' title="bbox 75 429 1573 520; baseline 0.003 -26"><span class='ocrx_word' id='word_1_16' title='bbox 75 431 295 494; x_wconf 78' lang='lat' dir='ltr'><strong>orditoucuutc</strong></span> <span class='ocrx_word' id='word_1_17' title='bbox 313 429 379 490; x_wconf 85' lang='lat' dir='ltr'><strong>rede</strong></span> <span class='ocrx_word' id='word_1_18' title='bbox 405 429 574 510; x_wconf 80' lang='lat' dir='ltr'><strong>Apostoiicu</strong></span> <span class='ocrx_word' id='word_1_19' title='bbox 593 441 662 513; x_wconf 83' lang='lat' dir='ltr'><strong>port</strong></span> <span class='ocrx_word' id='word_1_20' title='bbox 687 433 799 496; x_wconf 83' lang='lat' dir='ltr'><strong>obitam</strong></span> <span class='ocrx_word' id='word_1_21' title='bbox 854 434 966 512; x_wconf 84' lang='lat' dir='ltr'><strong>lingua.</strong></span> <span class='ocrx_word' id='word_1_22' title='bbox 985 433 1121 494; x_wconf 87' lang='lat' dir='ltr'><strong>lacobilli</strong></span> <span class='ocrx_word' id='word_1_23' title='bbox 1143 434 1215 496; x_wconf 94' lang='lat' dir='ltr'><strong>Bibl.</strong></span> <span class='ocrx_word' id='word_1_24' title='bbox 1241 436 1378 496; x_wconf 81' lang='lat' dir='ltr'><strong>Umbriae</strong></span> <span class='ocrx_word' id='word_1_25' title='bbox 1400 454 1429 515; x_wconf 91' lang='lat' dir='ltr'><strong>p.</strong></span> <span class='ocrx_word' id='word_1_26' title='bbox 1450 437 1519 498; x_wconf 76' lang='lat'><strong>238.</strong></span> <span class='ocrx_word' id='word_1_27' title='bbox 1570 513 1573 520; x_wconf 25' lang='grc' dir='ltr'>Ι</span> 
     </span>
     <span class='ocr_line' id='line_1_4' title="bbox 75 522 1605 603; baseline 0.003 -19"><span class='ocrx_word' id='word_1_28' title='bbox 75 523 220 603; x_wconf 68' lang='lat' dir='ltr'><strong>creuerit</strong></span> <span class='ocrx_word' id='word_1_29' title='bbox 228 523 277 584; x_wconf 87' lang='lat' dir='ltr'><strong>lii.</strong></span> <span class='ocrx_word' id='word_1_30' title='bbox 294 522 390 600; x_wconf 89' lang='lat' dir='ltr'><strong>Opera</strong></span> <span class='ocrx_word' id='word_1_31' title='bbox 403 525 493 584; x_wconf 85' lang='lat' dir='ltr'><strong>etiarn</strong></span> <span class='ocrx_word' id='word_1_32' title='bbox 508 526 539 586; x_wconf 91' lang='lat' dir='ltr'><strong>S.</strong></span> <span class='ocrx_word' id='word_1_33' title='bbox 549 527 727 602; x_wconf 77' lang='lat' dir='ltr'><strong>catharinae</strong></span> <span class='ocrx_word' id='word_1_34' title='bbox 740 545 798 588; x_wconf 94' lang='lat' dir='ltr'><strong>non</strong></span> <span class='ocrx_word' id='word_1_35' title='bbox 895 525 1114 588; x_wconf 79' lang='lat' dir='ltr'><strong>BillNALDUS</strong></span> <span class='ocrx_word' id='word_1_36' title='bbox 1124 524 1351 590; x_wconf 85' lang='lat' dir='ltr'><strong>cnicmentonus</strong></span> <span class='ocrx_word' id='word_1_37' title='bbox 1362 545 1415 589; x_wconf 92' lang='lat' dir='ltr'><strong>seu</strong></span> <span class='ocrx_word' id='word_1_38' title='bbox 1429 528 1572 590; x_wconf 87' lang='lat' dir='ltr'><strong>culinen·</strong></span> <span class='ocrx_word' id='word_1_39' title='bbox 1598 581 1605 598; x_wconf 91' lang='grc'><em>,</em></span> 
     </span>
     <span class='ocr_line' id='line_1_5' title="bbox 75 617 1571 696; baseline 0.002 -18"><span class='ocrx_word' id='word_1_40' title='bbox 75 618 176 680; x_wconf 87' lang='lat' dir='ltr'><strong>scium</strong></span> <span class='ocrx_word' id='word_1_41' title='bbox 189 634 228 678; x_wconf 84' lang='lat' dir='ltr'><strong>ex</strong></span> <span class='ocrx_word' id='word_1_42' title='bbox 246 617 349 694; x_wconf 84' lang='lat' dir='ltr'><strong>lingua</strong></span> <span class='ocrx_word' id='word_1_43' title='bbox 367 617 467 678; x_wconf 89' lang='lat' dir='ltr'><strong>italica</strong></span> <span class='ocrx_word' id='word_1_44' title='bbox 486 620 514 678; x_wconf 93' lang='lat' dir='ltr'><strong>in</strong></span> <span class='ocrx_word' id='word_1_45' title='bbox 527 621 800 682; x_wconf 87' lang='lat' dir='ltr'><strong>Latinamconver-</strong></span> <span class='ocrx_word' id='word_1_46' title='bbox 855 625 943 681; x_wconf 81' lang='grc'><strong>444444</strong></span> <span class='ocrx_word' id='word_1_47' title='bbox 975 620 1094 695; x_wconf 89' lang='lat' dir='ltr'><strong>dictus,</strong></span> <span class='ocrx_word' id='word_1_48' title='bbox 1123 637 1160 680; x_wconf 85' lang='lat' dir='ltr'><strong>ex</strong></span> <span class='ocrx_word' id='word_1_49' title='bbox 1189 621 1355 683; x_wconf 78' lang='lat' dir='ltr'><strong>comitibus</strong></span> <span class='ocrx_word' id='word_1_50' title='bbox 1386 625 1571 696; x_wconf 80' lang='lat' dir='ltr'>Marsorum,</span> 
     </span>
    </p>
   </div>
   <div class='ocr_carea' id='block_1_3' title="bbox 77 707 1677 790">
    <p class='ocr_par' dir='ltr' id='par_1_3' title="bbox 77 707 1677 790">
     <span class='ocr_line' id='line_1_6' title="bbox 77 707 1677 790; baseline 0.004 -22"><span class='ocrx_word' id='word_1_51' title='bbox 77 707 247 784; x_wconf 86' lang='lat' dir='ltr'><strong>vertit,de</strong></span> <span class='ocrx_word' id='word_1_52' title='bbox 279 725 338 786; x_wconf 90' lang='lat' dir='ltr'><strong>qua</strong></span> <span class='ocrx_word' id='word_1_53' title='bbox 366 723 398 770; x_wconf 88' lang='lat' dir='ltr'><strong>re</strong></span> <span class='ocrx_word' id='word_1_54' title='bbox 425 711 532 772; x_wconf 89' lang='lat' dir='ltr'><strong>Noster</strong></span> <span class='ocrx_word' id='word_1_55' title='bbox 558 717 647 790; x_wconf 83' lang='lat' dir='ltr'><strong>sup&#39;ra</strong></span> <span class='ocrx_word' id='word_1_56' title='bbox 678 719 751 774; x_wconf 88' lang='lat' dir='ltr'><strong>torn.</strong></span> <span class='ocrx_word' id='word_1_57' title='bbox 776 715 798 774; x_wconf 91' lang='lat' dir='ltr'><strong>l.</strong></span> <span class='ocrx_word' id='word_1_58' title='bbox 855 711 1022 776; x_wconf 87' lang='lat' dir='ltr'><strong>monachus</strong></span> <span class='ocrx_word' id='word_1_59' title='bbox 1044 713 1074 774; x_wconf 87' lang='lat' dir='ltr'><strong>S.</strong></span> <span class='ocrx_word' id='word_1_60' title='bbox 1094 712 1247 773; x_wconf 81' lang='lat' dir='ltr'><strong>Benedicti</strong></span> <span class='ocrx_word' id='word_1_61' title='bbox 1269 722 1300 774; x_wconf 89' lang='grc'><strong>44</strong></span> <span class='ocrx_word' id='word_1_62' title='bbox 1322 714 1482 790; x_wconf 80' lang='lat' dir='ltr'>Presbyter</span> <span class='ocrx_word' id='word_1_63' title='bbox 1503 716 1573 776; x_wconf 84' lang='lat' dir='ltr'><strong>car·</strong></span> <span class='ocrx_word' id='word_1_64' title='bbox 1668 759 1677 784; x_wconf 83' lang='lat'><strong>,</strong></span> 
     </span>
    </p>
   </div>
   <div class='ocr_carea' id='block_1_4' title="bbox 75 800 1588 2276">
    <p class='ocr_par' dir='ltr' id='par_1_4' title="bbox 75 800 1588 2276">
     <span class='ocr_line' id='line_1_7' title="bbox 77 800 1575 880; baseline 0.003 -16"><span class='ocrx_word' id='word_1_65' title='bbox 77 821 107 880; x_wconf 89' lang='lat' dir='ltr'><strong>p.</strong></span> <span class='ocrx_word' id='word_1_66' title='bbox 130 804 201 864; x_wconf 84' lang='grc'><strong>336.</strong></span> <span class='ocrx_word' id='word_1_67' title='bbox 223 800 276 862; x_wconf 88' lang='lat' dir='ltr'><strong>sed</strong></span> <span class='ocrx_word' id='word_1_68' title='bbox 305 803 430 863; x_wconf 88' lang='lat' dir='ltr'><strong>etiema</strong></span> <span class='ocrx_word' id='word_1_69' title='bbox 454 803 620 865; x_wconf 88' lang='lat' dir='ltr'><strong>Whartono</strong></span> <span class='ocrx_word' id='word_1_70' title='bbox 635 813 741 866; x_wconf 90' lang='lat' dir='ltr'><strong>auctor</strong></span> <span class='ocrx_word' id='word_1_71' title='bbox 764 807 800 865; x_wconf 91' lang='lat' dir='ltr'><strong>il·</strong></span> <span class='ocrx_word' id='word_1_72' title='bbox 854 805 965 866; x_wconf 84' lang='lat' dir='ltr'><strong>dinelis</strong></span> <span class='ocrx_word' id='word_1_73' title='bbox 980 805 1033 865; x_wconf 83' lang='grc'><strong>88.</strong></span> <span class='ocrx_word' id='word_1_74' title='bbox 1054 807 1132 866; x_wconf 88' lang='lat' dir='ltr'><strong>Petri</strong></span> <span class='ocrx_word' id='word_1_75' title='bbox 1150 813 1181 866; x_wconf 91' lang='lat' dir='ltr'><strong>et</strong></span> <span class='ocrx_word' id='word_1_76' title='bbox 1197 807 1356 868; x_wconf 71' lang='lat' dir='ltr'><strong>Marcellini</strong></span> <span class='ocrx_word' id='word_1_77' title='bbox 1376 807 1413 868; x_wconf 88' lang='lat' dir='ltr'><strong>ob</strong></span> <span class='ocrx_word' id='word_1_78' title='bbox 1429 809 1575 870; x_wconf 90' lang='lat' dir='ltr'><strong>innocen·</strong></span> 
     </span>
     <span class='ocr_line' id='line_1_8' title="bbox 75 893 1574 976; baseline 0.001 -20"><span class='ocrx_word' id='word_1_79' title='bbox 75 897 175 956; x_wconf 91' lang='lat' dir='ltr'><strong>lorum</strong></span> <span class='ocrx_word' id='word_1_80' title='bbox 194 893 338 967; x_wconf 87' lang='lat' dir='ltr'><strong>creditur,</strong></span> <span class='ocrx_word' id='word_1_81' title='bbox 355 897 565 956; x_wconf 77' lang='lat' dir='ltr'><strong>consentiente</strong></span> <span class='ocrx_word' id='word_1_82' title='bbox 582 895 700 958; x_wconf 90' lang='lat' dir='ltr'><strong>Oudino</strong></span> <span class='ocrx_word' id='word_1_83' title='bbox 717 905 739 959; x_wconf 91' lang='lat' dir='ltr'><strong>t.</strong></span> <span class='ocrx_word' id='word_1_84' title='bbox 753 899 799 960; x_wconf 94' lang='lat' dir='ltr'><strong>lll</strong></span> <span class='ocrx_word' id='word_1_85' title='bbox 856 899 897 956; x_wconf 90' lang='lat' dir='ltr'><strong>tio</strong></span> <span class='ocrx_word' id='word_1_86' title='bbox 919 898 953 957; x_wconf 92' lang='lat' dir='ltr'><strong>ll.</strong></span> <span class='ocrx_word' id='word_1_87' title='bbox 977 899 1194 974; x_wconf 88' lang='lat' dir='ltr'><strong>renunciatus,</strong></span> <span class='ocrx_word' id='word_1_88' title='bbox 1216 901 1266 976; x_wconf 93' lang='lat' dir='ltr'><strong>qui</strong></span> <span class='ocrx_word' id='word_1_89' title='bbox 1289 899 1360 959; x_wconf 88' lang='lat' dir='ltr'><strong>obiit</strong></span> <span class='ocrx_word' id='word_1_90' title='bbox 1381 900 1498 961; x_wconf 89' lang='lat' dir='ltr'><strong>cassini</strong></span> <span class='ocrx_word' id='word_1_91' title='bbox 1517 899 1574 959; x_wconf 89' lang='lat' dir='ltr'><strong>ldi-</strong></span> 
     </span>
     <span class='ocr_line' id='line_1_9' title="bbox 75 987 1571 1071; baseline 0 -20"><span class='ocrx_word' id='word_1_92' title='bbox 75 991 202 1067; x_wconf 73' lang='lat' dir='ltr'><strong>ptest.</strong></span> <span class='ocrx_word' id='word_1_93' title='bbox 215 987 389 1065; x_wconf 86' lang='lat' dir='ltr'><strong>Videsupra</strong></span> <span class='ocrx_word' id='word_1_94' title='bbox 406 989 624 1050; x_wconf 74' lang='lat' dir='ltr'><strong>strennuis</strong></span> <span class='ocrx_word' id='word_1_95' title='bbox 647 989 800 1060; x_wconf 85' lang='lat' dir='ltr'><strong>Senensis.</strong></span> <span class='ocrx_word' id='word_1_96' title='bbox 857 989 913 1050; x_wconf 90' lang='lat' dir='ltr'><strong>bus</strong></span> <span class='ocrx_word' id='word_1_97' title='bbox 929 992 1009 1050; x_wconf 89' lang='lat' dir='ltr'><strong>Junii</strong></span> <span class='ocrx_word' id='word_1_98' title='bbox 1027 1009 1054 1050; x_wconf 90' lang='lat' dir='ltr'><strong>a.</strong></span> <span class='ocrx_word' id='word_1_99' title='bbox 1079 991 1165 1051; x_wconf 82' lang='grc'><strong>4466.</strong></span> <span class='ocrx_word' id='word_1_100' title='bbox 1188 992 1314 1069; x_wconf 90' lang='lat' dir='ltr'><strong>Scripsit</strong></span> <span class='ocrx_word' id='word_1_101' title='bbox 1331 995 1362 1053; x_wconf 96' lang='grc'><strong>8.</strong></span> <span class='ocrx_word' id='word_1_102' title='bbox 1380 993 1486 1053; x_wconf 84' lang='lat' dir='ltr'><strong>Severi</strong></span> <span class='ocrx_word' id='word_1_103' title='bbox 1502 989 1571 1071; x_wconf 82' lang='lat' dir='ltr'><strong>Epi-</strong></span> 
     </span>
     <span class='ocr_line' id='line_1_10' title="bbox 115 1079 1571 1161; baseline -0.002 -20"><span class='ocrx_word' id='word_1_104' title='bbox 115 1081 193 1142; x_wconf 90' lang='lat' dir='ltr'><strong>liide</strong></span> <span class='ocrx_word' id='word_1_105' title='bbox 209 1080 273 1140; x_wconf 87' lang='lat' dir='ltr'><strong>lac.</strong></span> <span class='ocrx_word' id='word_1_106' title='bbox 292 1080 403 1151; x_wconf 88' lang='lat' dir='ltr'><strong>Quetii.</strong></span> <span class='ocrx_word' id='word_1_107' title='bbox 424 1081 462 1141; x_wconf 92' lang='lat' dir='ltr'><strong>de</strong></span> <span class='ocrx_word' id='word_1_108' title='bbox 484 1080 686 1160; x_wconf 76' lang='lat' dir='ltr'><strong>scriptoribus</strong></span> <span class='ocrx_word' id='word_1_109' title='bbox 712 1081 800 1142; x_wconf 91' lang='lat' dir='ltr'><strong>Ordi-</strong></span> <span class='ocrx_word' id='word_1_110' title='bbox 855 1081 938 1161; x_wconf 86' lang='lat' dir='ltr'><strong>scopi</strong></span> <span class='ocrx_word' id='word_1_111' title='bbox 966 1082 1079 1158; x_wconf 85' lang='lat' dir='ltr'><strong>Vitam,</strong></span> <span class='ocrx_word' id='word_1_112' title='bbox 1102 1082 1138 1144; x_wconf 88' lang='lat' dir='ltr'><strong>de</strong></span> <span class='ocrx_word' id='word_1_113' title='bbox 1158 1086 1213 1146; x_wconf 87' lang='grc'><strong>88.</strong></span> <span class='ocrx_word' id='word_1_114' title='bbox 1234 1084 1388 1145; x_wconf 88' lang='lat' dir='ltr'><strong>Benedicio</strong></span> <span class='ocrx_word' id='word_1_115' title='bbox 1411 1079 1439 1143; x_wconf 85' lang='lat' dir='ltr'><strong>¹et</strong></span> <span class='ocrx_word' id='word_1_116' title='bbox 1463 1087 1571 1146; x_wconf 87' lang='lat' dir='ltr'><strong>Mauro</strong></span> 
     </span>
     <span class='ocr_line' id='line_1_11' title="bbox 80 1171 1574 1256; baseline -0.002 -21"><span class='ocrx_word' id='word_1_117' title='bbox 80 1177 127 1235; x_wconf 91' lang='lat' dir='ltr'><strong>nis</strong></span> <span class='ocrx_word' id='word_1_118' title='bbox 151 1171 394 1236; x_wconf 87' lang='lat' dir='ltr'><strong>Praedicatorum</strong></span> <span class='ocrx_word' id='word_1_119' title='bbox 413 1175 515 1234; x_wconf 84' lang='lat' dir='ltr'><strong>tomi</strong></span> <span class='ocrx_word' id='word_1_120' title='bbox 534 1192 563 1252; x_wconf 89' lang='lat' dir='ltr'><strong>p.</strong></span> <span class='ocrx_word' id='word_1_121' title='bbox 577 1174 646 1234; x_wconf 93' lang='grc'><strong>679.</strong></span> <span class='ocrx_word' id='word_1_122' title='bbox 663 1175 799 1237; x_wconf 85' lang='grc'><strong>44444444-</strong></span> <span class='ocrx_word' id='word_1_123' title='bbox 855 1191 982 1250; x_wconf 79' lang='lat' dir='ltr'><strong>vereris,</strong></span> <span class='ocrx_word' id='word_1_124' title='bbox 1004 1175 1039 1235; x_wconf 88' lang='lat' dir='ltr'><strong>de</strong></span> <span class='ocrx_word' id='word_1_125' title='bbox 1056 1177 1109 1238; x_wconf 90' lang='grc'><strong>88.</strong></span> <span class='ocrx_word' id='word_1_126' title='bbox 1127 1175 1267 1256; x_wconf 78' lang='lat' dir='ltr'><strong>Placido,</strong></span> <span class='ocrx_word' id='word_1_127' title='bbox 1287 1179 1395 1240; x_wconf 84' lang='lat' dir='ltr'><strong>Mauro</strong></span> <span class='ocrx_word' id='word_1_128' title='bbox 1416 1182 1443 1236; x_wconf 91' lang='lat' dir='ltr'><strong>et</strong></span> <span class='ocrx_word' id='word_1_129' title='bbox 1463 1179 1574 1238; x_wconf 83' lang='lat' dir='ltr'><strong>Seuero</strong></span> 
     </span>
     <span class='ocr_line' id='line_1_12' title="bbox 77 1265 1573 1349; baseline -0.001 -21"><span class='ocrx_word' id='word_1_130' title='bbox 77 1285 107 1328; x_wconf 88' lang='lat' dir='ltr'><strong>ra</strong></span> <span class='ocrx_word' id='word_1_131' title='bbox 130 1265 300 1345; x_wconf 59' lang='lat' dir='ltr'><strong>puetis..</strong></span> <span class='ocrx_word' id='word_1_132' title='bbox 379 1323 382 1330; x_wconf 89' lang='grc'>,</span> <span class='ocrx_word' id='word_1_133' title='bbox 546 1294 551 1304; x_wconf 93' lang='grc'><strong><em>·</em></strong></span> <span class='ocrx_word' id='word_1_134' title='bbox 606 1285 610 1292; x_wconf 94' lang='grc'>·</span> <span class='ocrx_word' id='word_1_135' title='bbox 854 1266 987 1347; x_wconf 79' lang='lat' dir='ltr'><strong>hymnos.</strong></span> <span class='ocrx_word' id='word_1_136' title='bbox 1007 1267 1080 1346; x_wconf 74' lang='lat' dir='ltr'><strong>Mitis</strong></span> <span class='ocrx_word' id='word_1_137' title='bbox 1102 1271 1187 1348; x_wconf 87' lang='lat' dir='ltr'><strong>plura</strong></span> <span class='ocrx_word' id='word_1_138' title='bbox 1203 1270 1281 1349; x_wconf 89' lang='lat' dir='ltr'><strong>apud</strong></span> <span class='ocrx_word' id='word_1_139' title='bbox 1299 1272 1474 1332; x_wconf 88' lang='lat' dir='ltr'><strong>ciaconium</strong></span> <span class='ocrx_word' id='word_1_140' title='bbox 1492 1268 1573 1346; x_wconf 88' lang='lat' dir='ltr'><strong>ejus-</strong></span> 
     </span>
     <span class='ocr_line' id='line_1_13' title="bbox 114 1349 1572 1440; baseline 0.001 -18"><span class='ocrx_word' id='word_1_141' title='bbox 114 1357 342 1422; x_wconf 82' lang='grc'><strong>4444464464</strong></span> <span class='ocrx_word' id='word_1_142' title='bbox 363 1359 585 1440; x_wconf 71' lang='lat' dir='ltr'><strong>superatne,</strong></span> <span class='ocrx_word' id='word_1_143' title='bbox 619 1362 720 1424; x_wconf 81' lang='grc'><strong>444444</strong></span> <span class='ocrx_word' id='word_1_144' title='bbox 747 1363 801 1424; x_wconf 67' lang='lat' dir='ltr'><strong>ss</strong></span> <span class='ocrx_word' id='word_1_145' title='bbox 855 1378 914 1440; x_wconf 83' lang='lat' dir='ltr'><strong>que</strong></span> <span class='ocrx_word' id='word_1_146' title='bbox 932 1362 1099 1424; x_wconf 76' lang='grc'><strong>44444444.</strong></span> <span class='ocrx_word' id='word_1_147' title='bbox 1118 1364 1195 1424; x_wconf 79' lang='lat' dir='ltr'><strong>saec</strong></span> <span class='ocrx_word' id='word_1_148' title='bbox 1212 1363 1357 1425; x_wconf 83' lang='lat' dir='ltr'><strong>otdotnus</strong></span> <span class='ocrx_word' id='word_1_149' title='bbox 1372 1367 1401 1424; x_wconf 79' lang='lat' dir='ltr'><strong>in</strong></span> <span class='ocrx_word' id='word_1_150' title='bbox 1417 1349 1572 1424; x_wconf 73' lang='lat' dir='ltr'><strong>Athenaeo</strong></span> 
     </span>
     <span class='ocr_line' id='line_1_14' title="bbox 78 1453 1583 1534; baseline 0.003 -22"><span class='ocrx_word' id='word_1_151' title='bbox 78 1469 196 1528; x_wconf 72' lang='lat' dir='ltr'><strong>ranzo,</strong></span> <span class='ocrx_word' id='word_1_152' title='bbox 217 1453 310 1514; x_wconf 87' lang='lat' dir='ltr'><strong>ictus</strong></span> <span class='ocrx_word' id='word_1_153' title='bbox 332 1454 360 1512; x_wconf 93' lang='lat' dir='ltr'><strong>in</strong></span> <span class='ocrx_word' id='word_1_154' title='bbox 383 1453 450 1514; x_wconf 89' lang='lat' dir='ltr'><strong>aula</strong></span> <span class='ocrx_word' id='word_1_155' title='bbox 473 1453 649 1516; x_wconf 84' lang='lat' dir='ltr'><strong>l’ontiiicum</strong></span> <span class='ocrx_word' id='word_1_156' title='bbox 671 1455 801 1516; x_wconf 83' lang='grc'><strong>4444444-</strong></span> <span class='ocrx_word' id='word_1_157' title='bbox 856 1455 987 1515; x_wconf 90' lang='lat' dir='ltr'><strong>chano</strong></span> <span class='ocrx_word' id='word_1_158' title='bbox 1009 1473 1036 1534; x_wconf 90' lang='lat' dir='ltr'><strong>p.</strong></span> <span class='ocrx_word' id='word_1_159' title='bbox 1056 1455 1123 1516; x_wconf 83' lang='grc'><strong>674.</strong></span> <span class='ocrx_word' id='word_1_160' title='bbox 1139 1455 1224 1517; x_wconf 89' lang='grc'><strong>4644</strong></span> <span class='ocrx_word' id='word_1_161' title='bbox 1240 1457 1303 1516; x_wconf 87' lang='lat' dir='ltr'><strong>iac.</strong></span> <span class='ocrx_word' id='word_1_162' title='bbox 1323 1456 1520 1517; x_wconf 83' lang='lat' dir='ltr'><strong>Laderchium</strong></span> <span class='ocrx_word' id='word_1_163' title='bbox 1535 1455 1583 1516; x_wconf 91' lang='lat' dir='ltr'><strong>de·</strong></span> 
     </span>
     <span class='ocr_line' id='line_1_15' title="bbox 79 1543 1534 1627; baseline 0.001 -21"><span class='ocrx_word' id='word_1_164' title='bbox 79 1548 165 1608; x_wconf 84' lang='lat' dir='ltr'><strong>neosi</strong></span> <span class='ocrx_word' id='word_1_165' title='bbox 187 1563 240 1607; x_wconf 85' lang='lat' dir='ltr'><strong>sec</strong></span> <span class='ocrx_word' id='word_1_166' title='bbox 258 1544 339 1610; x_wconf 84' lang='lat' dir='ltr'><strong>xtv.</strong></span> <span class='ocrx_word' id='word_1_167' title='bbox 359 1547 477 1620; x_wconf 88' lang='lat' dir='ltr'><strong>medio,</strong></span> <span class='ocrx_word' id='word_1_168' title='bbox 496 1543 589 1609; x_wconf 83' lang='lat' dir='ltr'><strong>libros</strong></span> <span class='ocrx_word' id='word_1_169' title='bbox 601 1546 755 1608; x_wconf 75' lang='lat' dir='ltr'><strong>ciceronis</strong></span> <span class='ocrx_word' id='word_1_170' title='bbox 765 1547 801 1608; x_wconf 89' lang='lat' dir='ltr'><strong>de</strong></span> <span class='ocrx_word' id='word_1_171' title='bbox 856 1548 981 1610; x_wconf 88' lang='lat' dir='ltr'><strong>Basilica</strong></span> <span class='ocrx_word' id='word_1_172' title='bbox 1004 1549 1057 1620; x_wconf 71' lang='lat' dir='ltr'><strong>SS,</strong></span> <span class='ocrx_word' id='word_1_173' title='bbox 1079 1550 1240 1610; x_wconf 74' lang='lat' dir='ltr'><strong>Marcellini</strong></span> <span class='ocrx_word' id='word_1_174' title='bbox 1262 1557 1293 1611; x_wconf 89' lang='lat' dir='ltr'><strong>et</strong></span> <span class='ocrx_word' id='word_1_175' title='bbox 1313 1551 1392 1609; x_wconf 88' lang='lat' dir='ltr'><strong>Petri</strong></span> <span class='ocrx_word' id='word_1_176' title='bbox 1415 1567 1444 1627; x_wconf 88' lang='lat' dir='ltr'><strong>p.</strong></span> <span class='ocrx_word' id='word_1_177' title='bbox 1465 1549 1534 1608; x_wconf 83' lang='grc'><strong>948.</strong></span> 
     </span>
     <span class='ocr_line' id='line_1_16' title="bbox 77 1639 1574 1720; baseline 0.001 -20"><span class='ocrx_word' id='word_1_178' title='bbox 77 1639 177 1720; x_wconf 76' lang='lat' dir='ltr'><strong>plena</strong></span> <span class='ocrx_word' id='word_1_179' title='bbox 192 1640 318 1712; x_wconf 89' lang='lat' dir='ltr'><strong>babuit,</strong></span> <span class='ocrx_word' id='word_1_180' title='bbox 335 1644 366 1699; x_wconf 92' lang='lat' dir='ltr'><strong>et</strong></span> <span class='ocrx_word' id='word_1_181' title='bbox 379 1639 555 1700; x_wconf 83' lang='lat' dir='ltr'><strong>Petrarclrae</strong></span> <span class='ocrx_word' id='word_1_182' title='bbox 573 1640 716 1718; x_wconf 84' lang='lat' dir='ltr'><strong>legendos</strong></span> <span class='ocrx_word' id='word_1_183' title='bbox 733 1657 803 1705; x_wconf 90' lang='lat' dir='ltr'><strong>con·</strong></span> <span class='ocrx_word' id='word_1_184' title='bbox 891 1641 1130 1716; x_wconf 75' lang='lat' dir='ltr'><strong>iattnnttttJS,</strong></span> <span class='ocrx_word' id='word_1_185' title='bbox 1148 1642 1356 1705; x_wconf 79' lang='lat' dir='ltr'><strong>Squiaconus</strong></span> <span class='ocrx_word' id='word_1_186' title='bbox 1374 1641 1549 1704; x_wconf 80' lang='lat' dir='ltr'><strong>casinensis</strong></span> <span class='ocrx_word' id='word_1_187' title='bbox 1566 1689 1574 1718; x_wconf 94' lang='lat'><strong>,</strong></span> 
     </span>
     <span class='ocr_line' id='line_1_17' title="bbox 79 1729 1576 1812; baseline 0.001 -19"><span class='ocrx_word' id='word_1_188' title='bbox 79 1736 191 1808; x_wconf 85' lang='lat' dir='ltr'><strong>cessit,</strong></span> <span class='ocrx_word' id='word_1_189' title='bbox 219 1739 321 1812; x_wconf 89' lang='lat' dir='ltr'><strong>postea</strong></span> <span class='ocrx_word' id='word_1_190' title='bbox 341 1749 414 1794; x_wconf 86' lang='lat' dir='ltr'><strong>casu</strong></span> <span class='ocrx_word' id='word_1_191' title='bbox 434 1732 562 1810; x_wconf 90' lang='lat' dir='ltr'><strong>quodam</strong></span> <span class='ocrx_word' id='word_1_192' title='bbox 585 1734 696 1794; x_wconf 89' lang='lat' dir='ltr'><strong>amisit.</strong></span> <span class='ocrx_word' id='word_1_193' title='bbox 732 1731 803 1794; x_wconf 85' lang='lat' dir='ltr'><strong>Vide</strong></span> <span class='ocrx_word' id='word_1_194' title='bbox 861 1751 921 1798; x_wconf 90' lang='lat' dir='ltr'><strong>sec.</strong></span> <span class='ocrx_word' id='word_1_195' title='bbox 945 1729 1080 1808; x_wconf 82' lang='lat' dir='ltr'><strong>incerto,</strong></span> <span class='ocrx_word' id='word_1_196' title='bbox 1105 1735 1200 1796; x_wconf 85' lang='lat' dir='ltr'><strong>Vitam</strong></span> <span class='ocrx_word' id='word_1_197' title='bbox 1216 1737 1250 1796; x_wconf 88' lang='lat' dir='ltr'><strong>B.</strong></span> <span class='ocrx_word' id='word_1_198' title='bbox 1267 1733 1418 1796; x_wconf 81' lang='lat' dir='ltr'><strong>Benedicti</strong></span> <span class='ocrx_word' id='word_1_199' title='bbox 1438 1734 1576 1796; x_wconf 90' lang='lat' dir='ltr'><strong>versibus</strong></span> 
     </span>
     <span class='ocr_line' id='line_1_18' title="bbox 79 1817 1588 1912; baseline 0.001 -25"><span class='ocrx_word' id='word_1_200' title='bbox 79 1829 254 1907; x_wconf 84' lang='lat' dir='ltr'><strong>Menagiana</strong></span> <span class='ocrx_word' id='word_1_201' title='bbox 276 1833 349 1886; x_wconf 93' lang='lat' dir='ltr'><strong>tom.</strong></span> <span class='ocrx_word' id='word_1_202' title='bbox 372 1826 420 1907; x_wconf 84' lang='lat' dir='ltr'><strong>lli.</strong></span> <span class='ocrx_word' id='word_1_203' title='bbox 535 1902 540 1912; x_wconf 23' lang='grc' dir='ltr'>υ</span> <span class='ocrx_word' id='word_1_204' title='bbox 860 1831 1029 1908; x_wconf 80' lang='lat' dir='ltr'><strong>expressit,</strong></span> <span class='ocrx_word' id='word_1_205' title='bbox 1051 1829 1102 1905; x_wconf 92' lang='lat' dir='ltr'><strong>qui</strong></span> <span class='ocrx_word' id='word_1_206' title='bbox 1125 1829 1267 1906; x_wconf 81' lang='lat' dir='ltr'><strong>leguntur</strong></span> <span class='ocrx_word' id='word_1_207' title='bbox 1288 1829 1317 1887; x_wconf 94' lang='lat' dir='ltr'><strong>in</strong></span> <span class='ocrx_word' id='word_1_208' title='bbox 1340 1828 1497 1890; x_wconf 82' lang='lat' dir='ltr'><strong>Brevioriis</strong></span> <span class='ocrx_word' id='word_1_209' title='bbox 1517 1817 1588 1902; x_wconf 53' lang='lat' dir='ltr'><strong>Cas</strong></span> 
     </span>
     <span class='ocr_line' id='line_1_19' title="bbox 118 1917 1574 1995; baseline -0.001 -15"><span class='ocrx_word' id='word_1_210' title='bbox 118 1917 800 1992; x_wconf 76' lang='lat' dir='ltr'><strong>untnntbtts,nrcutotaconuss.Maurico</strong></span> <span class='ocrx_word' id='word_1_211' title='bbox 858 1922 1031 1983; x_wconf 74' lang='lat' dir='ltr'><strong>cinensibus</strong></span> <span class='ocrx_word' id='word_1_212' title='bbox 1062 1936 1103 1980; x_wconf 91' lang='lat' dir='ltr'><strong>a..</strong></span> <span class='ocrx_word' id='word_1_213' title='bbox 1122 1920 1210 1980; x_wconf 85' lang='grc'><strong>4586.</strong></span> <span class='ocrx_word' id='word_1_214' title='bbox 1230 1926 1262 1978; x_wconf 87' lang='grc'><strong>44</strong></span> <span class='ocrx_word' id='word_1_215' title='bbox 1289 1918 1376 1980; x_wconf 71' lang='lat' dir='ltr'><strong>ibic.</strong></span> <span class='ocrx_word' id='word_1_216' title='bbox 1407 1920 1574 1995; x_wconf 86' lang='lat' dir='ltr'><strong>impressis.</strong></span> 
     </span>
     <span class='ocr_line' id='line_1_20' title="bbox 80 2008 1576 2092; baseline -0.001 -20"><span class='ocrx_word' id='word_1_217' title='bbox 80 2010 329 2092; x_wconf 75' lang='lat' dir='ltr'><strong>Andeqaucnsir,</strong></span> <span class='ocrx_word' id='word_1_218' title='bbox 360 2013 481 2089; x_wconf 86' lang='lat' dir='ltr'><strong>scripsit</strong></span> <span class='ocrx_word' id='word_1_219' title='bbox 508 2012 604 2072; x_wconf 81' lang='lat' dir='ltr'><strong>Breve</strong></span> <span class='ocrx_word' id='word_1_220' title='bbox 635 2008 803 2072; x_wconf 75' lang='lat' dir='ltr'><strong>chronicon</strong></span> <span class='ocrx_word' id='word_1_221' title='bbox 859 2013 933 2076; x_wconf 86' lang='lat' dir='ltr'><strong>Acta</strong></span> <span class='ocrx_word' id='word_1_222' title='bbox 951 2012 1003 2074; x_wconf 79' lang='grc'><strong>88.</strong></span> <span class='ocrx_word' id='word_1_223' title='bbox 1021 2013 1119 2072; x_wconf 87' lang='grc'><strong>4444444</strong></span> <span class='ocrx_word' id='word_1_224' title='bbox 1137 2019 1209 2072; x_wconf 85' lang='lat' dir='ltr'><strong>tom.</strong></span> <span class='ocrx_word' id='word_1_225' title='bbox 1228 2011 1277 2071; x_wconf 92' lang='lat' dir='ltr'><strong>lii.</strong></span> <span class='ocrx_word' id='word_1_226' title='bbox 1292 2029 1326 2088; x_wconf 90' lang='lat' dir='ltr'><strong>p.</strong></span> <span class='ocrx_word' id='word_1_227' title='bbox 1344 2010 1412 2070; x_wconf 74' lang='lat' dir='ltr'><strong>ciii.</strong></span> <span class='ocrx_word' id='word_1_228' title='bbox 1430 2009 1576 2086; x_wconf 74' lang='lat' dir='ltr'><strong>Eiusdem</strong></span> 
     </span>
     <span class='ocr_line' id='line_1_21' title="bbox 80 2101 1577 2183; baseline -0.002 -18"><span class='ocrx_word' id='word_1_229' title='bbox 80 2113 246 2182; x_wconf 88' lang='lat' dir='ltr'><strong>atempore</strong></span> <span class='ocrx_word' id='word_1_230' title='bbox 262 2104 420 2166; x_wconf 81' lang='lat' dir='ltr'><strong>Ptolemaei</strong></span> <span class='ocrx_word' id='word_1_231' title='bbox 436 2105 605 2180; x_wconf 85' lang='lat' dir='ltr'><strong>Bvergetae</strong></span> <span class='ocrx_word' id='word_1_232' title='bbox 616 2102 652 2164; x_wconf 90' lang='lat' dir='ltr'><strong>ad</strong></span> <span class='ocrx_word' id='word_1_233' title='bbox 666 2119 692 2164; x_wconf 91' lang='grc'><strong>4.</strong></span> <span class='ocrx_word' id='word_1_234' title='bbox 712 2104 802 2165; x_wconf 72' lang='lat' dir='ltr'><strong>tots.</strong></span> <span class='ocrx_word' id='word_1_235' title='bbox 861 2108 971 2168; x_wconf 87' lang='lat' dir='ltr'><strong>Versus</strong></span> <span class='ocrx_word' id='word_1_236' title='bbox 988 2104 1018 2164; x_wconf 90' lang='lat' dir='ltr'><strong>in</strong></span> <span class='ocrx_word' id='word_1_237' title='bbox 1039 2102 1180 2183; x_wconf 79' lang='lat' dir='ltr'><strong>Bepniom</strong></span> <span class='ocrx_word' id='word_1_238' title='bbox 1198 2107 1229 2170; x_wconf 89' lang='grc'><strong>8.</strong></span> <span class='ocrx_word' id='word_1_239' title='bbox 1245 2101 1395 2164; x_wconf 83' lang='lat' dir='ltr'><strong>Benedicti</strong></span> <span class='ocrx_word' id='word_1_240' title='bbox 1414 2103 1577 2162; x_wconf 85' lang='lat' dir='ltr'><strong>adservan-</strong></span> 
     </span>
     <span class='ocr_line' id='line_1_22' title="bbox 80 2194 1577 2276; baseline -0.002 -19"><span class='ocrx_word' id='word_1_241' title='bbox 80 2199 110 2258; x_wconf 94' lang='lat' dir='ltr'><strong>lu</strong></span> <span class='ocrx_word' id='word_1_242' title='bbox 123 2194 306 2276; x_wconf 91' lang='lat' dir='ltr'><strong>quibusdam</strong></span> <span class='ocrx_word' id='word_1_243' title='bbox 333 2196 415 2258; x_wconf 87' lang='lat' dir='ltr'><strong>MSS.</strong></span> <span class='ocrx_word' id='word_1_244' title='bbox 433 2197 600 2259; x_wconf 79' lang='lat' dir='ltr'><strong>chronicon</strong></span> <span class='ocrx_word' id='word_1_245' title='bbox 620 2195 801 2271; x_wconf 87' lang='lat' dir='ltr'><strong>Frodoardi,</strong></span> <span class='ocrx_word' id='word_1_246' title='bbox 859 2201 951 2261; x_wconf 90' lang='lat' dir='ltr'><strong>turin</strong></span> <span class='ocrx_word' id='word_1_247' title='bbox 967 2197 1040 2258; x_wconf 90' lang='lat' dir='ltr'><strong>Bibl.</strong></span> <span class='ocrx_word' id='word_1_248' title='bbox 1059 2199 1229 2259; x_wconf 87' lang='lat' dir='ltr'><strong>monasterii</strong></span> <span class='ocrx_word' id='word_1_249' title='bbox 1245 2196 1427 2258; x_wconf 87' lang='lat' dir='ltr'><strong>casinensis.</strong></span> <span class='ocrx_word' id='word_1_250' title='bbox 1440 2194 1577 2254; x_wconf 88' lang='lat' dir='ltr'><strong>Beru.de</strong></span> 
     </span>
    </p>
   </div>
   <div class='ocr_carea' id='block_1_5' title="bbox 82 2287 1673 2365">
    <p class='ocr_par' dir='ltr' id='par_1_5' title="bbox 82 2287 1673 2365">
     <span class='ocr_line' id='line_1_23' title="bbox 82 2287 1673 2365; baseline -0.002 -15"><span class='ocrx_word' id='word_1_251' title='bbox 82 2290 220 2352; x_wconf 87' lang='lat' dir='ltr'><strong>monachi</strong></span> <span class='ocrx_word' id='word_1_252' title='bbox 251 2291 282 2351; x_wconf 87' lang='lat' dir='ltr'><strong>S.</strong></span> <span class='ocrx_word' id='word_1_253' title='bbox 305 2290 432 2360; x_wconf 78' lang='lat' dir='ltr'><strong>Albani,</strong></span> <span class='ocrx_word' id='word_1_254' title='bbox 455 2288 493 2350; x_wconf 88' lang='lat' dir='ltr'><strong>ub</strong></span> <span class='ocrx_word' id='word_1_255' title='bbox 513 2305 530 2350; x_wconf 97' lang='grc'><strong>4</strong></span> <span class='ocrx_word' id='word_1_256' title='bbox 552 2289 620 2348; x_wconf 92' lang='grc'><strong>966.</strong></span> <span class='ocrx_word' id='word_1_257' title='bbox 643 2289 680 2352; x_wconf 93' lang='grc'><strong>46</strong></span> <span class='ocrx_word' id='word_1_258' title='bbox 712 2288 801 2351; x_wconf 75' lang='grc'><strong>4277.</strong></span> <span class='ocrx_word' id='word_1_259' title='bbox 858 2293 1045 2354; x_wconf 89' lang='lat' dir='ltr'><strong>Montiaucon</strong></span> <span class='ocrx_word' id='word_1_260' title='bbox 1076 2291 1149 2352; x_wconf 93' lang='lat' dir='ltr'><strong>Bibl.</strong></span> <span class='ocrx_word' id='word_1_261' title='bbox 1172 2287 1422 2351; x_wconf 86' lang='lat' dir='ltr'><strong>Bibliothecarum</strong></span> <span class='ocrx_word' id='word_1_262' title='bbox 1443 2287 1526 2348; x_wconf 89' lang='lat' dir='ltr'><strong>MSS.</strong></span> <span class='ocrx_word' id='word_1_263' title='bbox 1546 2305 1575 2365; x_wconf 87' lang='lat' dir='ltr'><strong>p.</strong></span> <span class='ocrx_word' id='word_1_264' title='bbox 1668 2306 1673 2316; x_wconf 89' lang='lat'>·</span> 
     </span>
    </p>
   </div>
   <div class='ocr_carea' id='block_1_6' title="bbox 80 2379 1590 4780">
    <p class='ocr_par' dir='ltr' id='par_1_6' title="bbox 80 2379 1590 4780">
     <span class='ocr_line' id='line_1_24' title="bbox 83 2379 1579 2464; baseline -0.001 -22"><span class='ocrx_word' id='word_1_265' title='bbox 83 2384 278 2444; x_wconf 77' lang='lat' dir='ltr'><strong>continuasse</strong></span> <span class='ocrx_word' id='word_1_266' title='bbox 297 2381 417 2441; x_wconf 86' lang='lat' dir='ltr'><strong>dicitur.</strong></span> <span class='ocrx_word' id='word_1_267' title='bbox 437 2381 499 2442; x_wconf 86' lang='grc'><strong>444.</strong></span> <span class='ocrx_word' id='word_1_268' title='bbox 520 2381 549 2442; x_wconf 86' lang='grc'><strong>44</strong></span> <span class='ocrx_word' id='word_1_269' title='bbox 571 2381 651 2461; x_wconf 85' lang='lat' dir='ltr'><strong>Loog</strong></span> <span class='ocrx_word' id='word_1_270' title='bbox 668 2380 742 2445; x_wconf 88' lang='lat' dir='ltr'><strong>Bibl.</strong></span> <span class='ocrx_word' id='word_1_271' title='bbox 755 2383 803 2442; x_wconf 90' lang='lat' dir='ltr'><strong>ili-</strong></span> <span class='ocrx_word' id='word_1_272' title='bbox 858 2386 927 2448; x_wconf 73' lang='grc'><strong>244,</strong></span> <span class='ocrx_word' id='word_1_273' title='bbox 946 2387 1078 2464; x_wconf 76' lang='lat' dir='ltr'><strong>Hymnus</strong></span> <span class='ocrx_word' id='word_1_274' title='bbox 1098 2399 1217 2462; x_wconf 90' lang='lat' dir='ltr'><strong>quoque</strong></span> <span class='ocrx_word' id='word_1_275' title='bbox 1235 2381 1266 2441; x_wconf 87' lang='lat' dir='ltr'><strong>in</strong></span> <span class='ocrx_word' id='word_1_276' title='bbox 1283 2379 1402 2441; x_wconf 78' lang='grc'><strong>44446444</strong></span> <span class='ocrx_word' id='word_1_277' title='bbox 1421 2382 1453 2441; x_wconf 92' lang='grc'><strong>8.</strong></span> <span class='ocrx_word' id='word_1_278' title='bbox 1474 2381 1579 2441; x_wconf 78' lang='lat' dir='ltr'><strong>Seven</strong></span> 
     </span>
     <span class='ocr_line' id='line_1_25' title="bbox 90 2472 1581 2553; baseline -0.008 -12"><span class='ocrx_word' id='word_1_279' title='bbox 90 2476 199 2536; x_wconf 76' lang='grc'><strong>4404444</strong></span> <span class='ocrx_word' id='word_1_280' title='bbox 220 2473 334 2536; x_wconf 72' lang='lat' dir='ltr'><strong>Galliae</strong></span> <span class='ocrx_word' id='word_1_281' title='bbox 355 2491 383 2552; x_wconf 85' lang='lat' dir='ltr'><strong>p·</strong></span> <span class='ocrx_word' id='word_1_282' title='bbox 400 2473 468 2535; x_wconf 75' lang='grc'><strong>344.</strong></span> <span class='ocrx_word' id='word_1_283' title='bbox 486 2472 563 2534; x_wconf 62' lang='grc'><strong>7544</strong></span> <span class='ocrx_word' id='word_1_284' title='bbox 864 2478 1051 2540; x_wconf 89' lang='lat' dir='ltr'><strong>coniessoris</strong></span> <span class='ocrx_word' id='word_1_285' title='bbox 1072 2483 1105 2537; x_wconf 93' lang='grc'><strong>44</strong></span> <span class='ocrx_word' id='word_1_286' title='bbox 1125 2476 1263 2553; x_wconf 83' lang='lat' dir='ltr'><strong>Episcopi</strong></span> <span class='ocrx_word' id='word_1_287' title='bbox 1285 2472 1433 2534; x_wconf 83' lang='lat' dir='ltr'><strong>Casinatis</strong></span> <span class='ocrx_word' id='word_1_288' title='bbox 1456 2474 1509 2549; x_wconf 92' lang='lat' dir='ltr'><strong>ipsi</strong></span> <span class='ocrx_word' id='word_1_289' title='bbox 1528 2473 1581 2530; x_wconf 92' lang='lat' dir='ltr'><strong>tri-</strong></span> 
     </span>
     <span class='ocr_line' id='line_1_26' title="bbox 123 2545 1578 2639; baseline -0.004 -11"><span class='ocrx_word' id='word_1_290' title='bbox 123 2569 141 2604; x_wconf 80' lang='lat'>⁸</span> <span class='ocrx_word' id='word_1_291' title='bbox 160 2567 313 2630; x_wconf 80' lang='lat' dir='ltr'><strong>Autbores</strong></span> <span class='ocrx_word' id='word_1_292' title='bbox 335 2569 482 2628; x_wconf 89' lang='lat' dir='ltr'><strong>Bistoriae</strong></span> <span class='ocrx_word' id='word_1_293' title='bbox 501 2567 660 2628; x_wconf 82' lang='grc'><strong>4444444444</strong></span> <span class='ocrx_word' id='word_1_294' title='bbox 678 2545 805 2639; x_wconf 64' lang='lat' dir='ltr'><strong>critical</strong></span> <span class='ocrx_word' id='word_1_295' title='bbox 859 2571 926 2632; x_wconf 91' lang='lat' dir='ltr'><strong>buit</strong></span> <span class='ocrx_word' id='word_1_296' title='bbox 951 2572 1057 2630; x_wconf 89' lang='lat' dir='ltr'><strong>Petrus</strong></span> <span class='ocrx_word' id='word_1_297' title='bbox 1077 2569 1228 2629; x_wconf 86' lang='lat' dir='ltr'><strong>Diaconos</strong></span> <span class='ocrx_word' id='word_1_298' title='bbox 1248 2564 1286 2625; x_wconf 89' lang='grc'><strong>44</strong></span> <span class='ocrx_word' id='word_1_299' title='bbox 1309 2566 1384 2624; x_wconf 87' lang='lat' dir='ltr'><strong>Viris</strong></span> <span class='ocrx_word' id='word_1_300' title='bbox 1411 2563 1578 2624; x_wconf 88' lang='lat' dir='ltr'><strong>illustribus</strong></span> 
     </span>
     <span class='ocr_line' id='line_1_27' title="bbox 85 2658 1197 2749; baseline -0.005 -27"><span class='ocrx_word' id='word_1_301' title='bbox 85 2677 141 2722; x_wconf 89' lang='lat' dir='ltr'><strong>nae</strong></span> <span class='ocrx_word' id='word_1_302' title='bbox 161 2669 183 2720; x_wconf 92' lang='lat' dir='ltr'><strong>t.</strong></span> <span class='ocrx_word' id='word_1_303' title='bbox 206 2661 283 2723; x_wconf 89' lang='lat' dir='ltr'><strong>lilll.</strong></span> <span class='ocrx_word' id='word_1_304' title='bbox 306 2677 371 2739; x_wconf 81' lang='lat' dir='ltr'><strong>pag.</strong></span> <span class='ocrx_word' id='word_1_305' title='bbox 390 2661 437 2722; x_wconf 83' lang='lat'><strong>36.</strong></span> <span class='ocrx_word' id='word_1_306' title='bbox 461 2667 585 2721; x_wconf 90' lang='lat' dir='ltr'><strong>monent</strong></span> <span class='ocrx_word' id='word_1_307' title='bbox 607 2659 636 2718; x_wconf 79' lang='lat' dir='ltr'><strong>in‘</strong></span> <span class='ocrx_word' id='word_1_308' title='bbox 658 2658 806 2721; x_wconf 88' lang='lat' dir='ltr'><strong>chronico</strong></span> <span class='ocrx_word' id='word_1_309' title='bbox 862 2662 1079 2749; x_wconf 77' lang='lat' dir='ltr'><strong>casinensibus</strong></span> <span class='ocrx_word' id='word_1_310' title='bbox 1099 2678 1125 2722; x_wconf 90' lang='lat' dir='ltr'><strong>c.</strong></span> <span class='ocrx_word' id='word_1_311' title='bbox 1150 2662 1197 2719; x_wconf 83' lang='lat' dir='ltr'><strong>tt.</strong></span> 
     </span>
     <span class='ocr_line' id='line_1_28' title="bbox 85 2747 1575 2832; baseline -0.007 -16"><span class='ocrx_word' id='word_1_312' title='bbox 85 2753 216 2832; x_wconf 88' lang='lat' dir='ltr'><strong>quodum</strong></span> <span class='ocrx_word' id='word_1_313' title='bbox 235 2756 294 2816; x_wconf 83' lang='lat' dir='ltr'><strong>MS.</strong></span> <span class='ocrx_word' id='word_1_314' title='bbox 313 2753 511 2816; x_wconf 86' lang='lat' dir='ltr'><strong>Bibliothecae</strong></span> <span class='ocrx_word' id='word_1_315' title='bbox 530 2754 727 2815; x_wconf 76' lang='lat' dir='ltr'><strong>cottonianae</strong></span> <span class='ocrx_word' id='word_1_316' title='bbox 748 2753 807 2829; x_wconf 80' lang='lat' dir='ltr'><strong>legi</strong></span> <span class='ocrx_word' id='word_1_317' title='bbox 902 2754 1117 2818; x_wconf 79' lang='lat' dir='ltr'><strong>iithhLDUS</strong></span> <span class='ocrx_word' id='word_1_318' title='bbox 1139 2750 1364 2826; x_wconf 85' lang='lat' dir='ltr'><strong>Cistercr&#39;cosr&#39;s,</strong></span> <span class='ocrx_word' id='word_1_319' title='bbox 1385 2749 1448 2809; x_wconf 90' lang='lat' dir='ltr'><strong>vid.</strong></span> <span class='ocrx_word' id='word_1_320' title='bbox 1469 2747 1575 2810; x_wconf 83' lang='lat' dir='ltr'><strong>lisine·</strong></span> 
     </span>
     <span class='ocr_line' id='line_1_29' title="bbox 86 2836 1126 2925; baseline 0 -17"><span class='ocrx_word' id='word_1_321' title='bbox 86 2849 121 2909; x_wconf 89' lang='grc'><strong>44</strong></span> <span class='ocrx_word' id='word_1_322' title='bbox 147 2849 183 2910; x_wconf 91' lang='grc'><strong>4.</strong></span> <span class='ocrx_word' id='word_1_323' title='bbox 207 2849 295 2910; x_wconf 83' lang='grc'><strong>4676.</strong></span> <span class='ocrx_word' id='word_1_324' title='bbox 318 2836 403 2908; x_wconf 77' lang='lat' dir='ltr'><strong>Finis</strong></span> <span class='ocrx_word' id='word_1_325' title='bbox 429 2845 595 2910; x_wconf 76' lang='lat' dir='ltr'><strong>chronicae</strong></span> <span class='ocrx_word' id='word_1_326' title='bbox 611 2844 762 2925; x_wconf 76' lang='lat' dir='ltr'><strong>Bupuoidt&#39;</strong></span> <span class='ocrx_word' id='word_1_327' title='bbox 776 2847 807 2906; x_wconf 87' lang='lat' dir='ltr'><strong>S.</strong></span> <span class='ocrx_word' id='word_1_328' title='bbox 864 2850 932 2912; x_wconf 86' lang='lat' dir='ltr'><strong>rias</strong></span> <span class='ocrx_word' id='word_1_329' title='bbox 954 2849 1078 2911; x_wconf 87' lang='lat' dir='ltr'><strong>cisterc.</strong></span> <span class='ocrx_word' id='word_1_330' title='bbox 1121 2870 1126 2882; x_wconf 72' lang='lat'><strong><em>¹</em></strong></span> 
     </span>
     <span class='ocr_line' id='line_1_30' title="bbox 85 2935 1579 3018; baseline -0.004 -16"><span class='ocrx_word' id='word_1_331' title='bbox 85 2941 238 3004; x_wconf 86' lang='lat' dir='ltr'><strong>Mauricii.</strong></span> <span class='ocrx_word' id='word_1_332' title='bbox 252 2942 336 3014; x_wconf 89' lang='lat' dir='ltr'><strong>Quae</strong></span> <span class='ocrx_word' id='word_1_333' title='bbox 347 2939 455 3001; x_wconf 87' lang='lat' dir='ltr'><strong>deinde</strong></span> <span class='ocrx_word' id='word_1_334' title='bbox 468 2947 642 3018; x_wconf 89' lang='lat' dir='ltr'><strong>sequuntur</strong></span> <span class='ocrx_word' id='word_1_335' title='bbox 653 2941 683 2998; x_wconf 94' lang='lat' dir='ltr'><strong>in</strong></span> <span class='ocrx_word' id='word_1_336' title='bbox 700 2937 807 2998; x_wconf 88' lang='lat' dir='ltr'><strong>eodem</strong></span> <span class='ocrx_word' id='word_1_337' title='bbox 902 2940 1119 3002; x_wconf 82' lang='lat' dir='ltr'><strong>BthhLBUS</strong></span> <span class='ocrx_word' id='word_1_338' title='bbox 1151 2937 1374 3013; x_wconf 82' lang='lat' dir='ltr'><strong>ctuniurensts,</strong></span> <span class='ocrx_word' id='word_1_339' title='bbox 1409 2937 1469 2995; x_wconf 89' lang='lat' dir='ltr'><strong>vid.</strong></span> <span class='ocrx_word' id='word_1_340' title='bbox 1502 2935 1579 2996; x_wconf 87' lang='lat' dir='ltr'><strong>inira</strong></span> 
     </span>
     <span class='ocr_line' id='line_1_31' title="bbox 84 3033 1311 3097; baseline -0.011 -1"><span class='ocrx_word' id='word_1_341' title='bbox 84 3036 142 3096; x_wconf 80' lang='lat' dir='ltr'><strong>ttS.</strong></span> <span class='ocrx_word' id='word_1_342' title='bbox 172 3035 311 3096; x_wconf 87' lang='lat' dir='ltr'><strong>eiusdem</strong></span> <span class='ocrx_word' id='word_1_343' title='bbox 334 3033 474 3096; x_wconf 86' lang='lat' dir='ltr'><strong>cbmnici</strong></span> <span class='ocrx_word' id='word_1_344' title='bbox 504 3033 690 3092; x_wconf 89' lang='lat' dir='ltr'><strong>continuatio</strong></span> <span class='ocrx_word' id='word_1_345' title='bbox 725 3038 809 3092; x_wconf 88' lang='lat' dir='ltr'><strong>sunt.</strong></span> <span class='ocrx_word' id='word_1_346' title='bbox 865 3033 1082 3097; x_wconf 69' lang='lat' dir='ltr'><strong>Mainatduede</strong></span> <span class='ocrx_word' id='word_1_347' title='bbox 1103 3035 1221 3096; x_wconf 72' lang='lat' dir='ltr'><strong>semer,</strong></span> <span class='ocrx_word' id='word_1_348' title='bbox 1308 3055 1311 3064; x_wconf 88' lang='lat'><em>·</em></span> 
     </span>
     <span class='ocr_line' id='line_1_32' title="bbox 85 3122 1582 3205; baseline -0.005 -16"><span class='ocrx_word' id='word_1_349' title='bbox 85 3129 144 3190; x_wconf 85' lang='lat' dir='ltr'><strong>Mec</strong></span> <span class='ocrx_word' id='word_1_350' title='bbox 160 3127 241 3190; x_wconf 91' lang='lat' dir='ltr'><strong>aliud</strong></span> <span class='ocrx_word' id='word_1_351' title='bbox 261 3143 330 3188; x_wconf 89' lang='lat' dir='ltr'><strong>esse</strong></span> <span class='ocrx_word' id='word_1_352' title='bbox 347 3141 457 3187; x_wconf 90' lang='lat' dir='ltr'><strong>censeo</strong></span> <span class='ocrx_word' id='word_1_353' title='bbox 471 3140 548 3202; x_wconf 90' lang='lat' dir='ltr'><strong>opus</strong></span> <span class='ocrx_word' id='word_1_354' title='bbox 566 3122 639 3184; x_wconf 87' lang='lat' dir='ltr'><strong>illud</strong></span> <span class='ocrx_word' id='word_1_355' title='bbox 658 3123 706 3183; x_wconf 90' lang='lat' dir='ltr'><strong>bic</strong></span> <span class='ocrx_word' id='word_1_356' title='bbox 727 3139 743 3184; x_wconf 90' lang='lat' dir='ltr'><strong>a</strong></span> <span class='ocrx_word' id='word_1_357' title='bbox 762 3125 809 3182; x_wconf 90' lang='lat' dir='ltr'><strong>Bi·</strong></span> <span class='ocrx_word' id='word_1_358' title='bbox 907 3128 1142 3199; x_wconf 79' lang='lat' dir='ltr'><strong>RAtNALBUs,</strong></span> <span class='ocrx_word' id='word_1_359' title='bbox 1174 3128 1342 3205; x_wconf 85' lang='lat' dir='ltr'><strong>Episcopus</strong></span> <span class='ocrx_word' id='word_1_360' title='bbox 1372 3122 1582 3202; x_wconf 65' lang='lat' dir='ltr'><strong>lingonensis,</strong></span> 
     </span>
     <span class='ocr_line' id='line_1_33' title="bbox 88 3214 1584 3294; baseline -0.008 -13"><span class='ocrx_word' id='word_1_361' title='bbox 88 3221 281 3284; x_wconf 85' lang='lat' dir='ltr'><strong>bliotbecario</strong></span> <span class='ocrx_word' id='word_1_362' title='bbox 292 3220 456 3281; x_wconf 80' lang='lat' dir='ltr'><strong>indicorum</strong></span> <span class='ocrx_word' id='word_1_363' title='bbox 468 3216 636 3279; x_wconf 88' lang='lat' dir='ltr'><strong>chronicon</strong></span> <span class='ocrx_word' id='word_1_364' title='bbox 652 3214 812 3284; x_wconf 81' lang='lat' dir='ltr'><strong>Brodoardi</strong></span> <span class='ocrx_word' id='word_1_365' title='bbox 866 3223 943 3280; x_wconf 77' lang='lat' dir='ltr'><strong>eirca</strong></span> <span class='ocrx_word' id='word_1_366' title='bbox 964 3237 992 3280; x_wconf 76' lang='lat' dir='ltr'><strong>a.</strong></span> <span class='ocrx_word' id='word_1_367' title='bbox 1017 3220 1252 3294; x_wconf 74' lang='lat' dir='ltr'><strong>t080‚-scripsjt</strong></span> <span class='ocrx_word' id='word_1_368' title='bbox 1272 3217 1308 3277; x_wconf 79' lang='lat' dir='ltr'><strong>rie</strong></span> <span class='ocrx_word' id='word_1_369' title='bbox 1333 3215 1417 3287; x_wconf 86' lang='lat' dir='ltr'><strong>Vita,</strong></span> <span class='ocrx_word' id='word_1_370' title='bbox 1439 3230 1532 3292; x_wconf 82' lang='lat' dir='ltr'><strong>apone</strong></span> <span class='ocrx_word' id='word_1_371' title='bbox 1552 3221 1584 3273; x_wconf 88' lang='lat' dir='ltr'><strong>et</strong></span> 
     </span>
     <span class='ocr_line' id='line_1_34' title="bbox 87 3303 1585 3392; baseline -0.007 -18"><span class='ocrx_word' id='word_1_372' title='bbox 87 3318 297 3376; x_wconf 83' lang='lat' dir='ltr'><strong>continuatum</strong></span> <span class='ocrx_word' id='word_1_373' title='bbox 316 3303 412 3390; x_wconf 81' lang='lat' dir='ltr'><strong>usqne</strong></span> <span class='ocrx_word' id='word_1_374' title='bbox 427 3309 464 3372; x_wconf 88' lang='lat' dir='ltr'><strong>ad</strong></span> <span class='ocrx_word' id='word_1_375' title='bbox 484 3306 643 3378; x_wconf 74' lang='grc'><strong>4444977.</strong></span> <span class='ocrx_word' id='word_1_376' title='bbox 658 3308 737 3367; x_wconf 79' lang='lat' dir='ltr'><strong>Vixit</strong></span> <span class='ocrx_word' id='word_1_377' title='bbox 755 3323 809 3368; x_wconf 89' lang='lat' dir='ltr'><strong>au·</strong></span> <span class='ocrx_word' id='word_1_378' title='bbox 867 3311 1057 3392; x_wconf 82' lang='lat' dir='ltr'><strong>triumphos.</strong></span> <span class='ocrx_word' id='word_1_379' title='bbox 1075 3310 1236 3371; x_wconf 78' lang='lat' dir='ltr'><strong>Manduria</strong></span> <span class='ocrx_word' id='word_1_380' title='bbox 1247 3351 1254 3380; x_wconf 90' lang='lat'><strong>,</strong></span> <span class='ocrx_word' id='word_1_381' title='bbox 1267 3308 1464 3383; x_wconf 78' lang='lat' dir='ltr'><strong>lingonensis</strong></span> <span class='ocrx_word' id='word_1_382' title='bbox 1481 3305 1585 3364; x_wconf 87' lang='lat' dir='ltr'><strong>Eccle-</strong></span> 
     </span>
     <span class='ocr_line' id='line_1_35' title="bbox 89 3399 1580 3485; baseline -0.013 -10"><span class='ocrx_word' id='word_1_383' title='bbox 89 3415 150 3470; x_wconf 82' lang='lat' dir='ltr'><strong>iem</strong></span> <span class='ocrx_word' id='word_1_384' title='bbox 174 3405 350 3485; x_wconf 69' lang='grc'><strong>4444444648</strong></span> <span class='ocrx_word' id='word_1_385' title='bbox 372 3405 449 3466; x_wconf 73' lang='lat' dir='ltr'><strong>ultra</strong></span> <span class='ocrx_word' id='word_1_386' title='bbox 469 3420 518 3464; x_wconf 77' lang='lat' dir='ltr'><strong>tin·</strong></span> <span class='ocrx_word' id='word_1_387' title='bbox 548 3401 636 3463; x_wconf 68' lang='lat'>⁴⁰74·</span> <span class='ocrx_word' id='word_1_388' title='bbox 666 3399 720 3460; x_wconf 73' lang='lat' dir='ltr'><strong>sed</strong></span> <span class='ocrx_word' id='word_1_389' title='bbox 752 3415 812 3477; x_wconf 81' lang='grc'><strong>(4440</strong></span> <span class='ocrx_word' id='word_1_390' title='bbox 867 3408 929 3468; x_wconf 85' lang='grc'><strong>4444</strong></span> <span class='ocrx_word' id='word_1_391' title='bbox 947 3406 1181 3485; x_wconf 84' lang='lat' dir='ltr'><strong>Patroni,quae</strong></span> <span class='ocrx_word' id='word_1_392' title='bbox 1196 3401 1274 3462; x_wconf 87' lang='lat' dir='ltr'><strong>edita</strong></span> <span class='ocrx_word' id='word_1_393' title='bbox 1292 3401 1380 3460; x_wconf 86' lang='lat' dir='ltr'><strong>estin</strong></span> <span class='ocrx_word' id='word_1_394' title='bbox 1394 3399 1580 3457; x_wconf 85' lang='lat' dir='ltr'><strong>ioaBosco</strong></span> 
     </span>
     <span class='ocr_line' id='line_1_36' title="bbox 91 3487 1580 3577; baseline -0.015 -9"><span class='ocrx_word' id='word_1_395' title='bbox 91 3503 283 3577; x_wconf 69' lang='lat' dir='ltr'><strong>potissimum</strong></span> <span class='ocrx_word' id='word_1_396' title='bbox 304 3498 411 3558; x_wconf 70' lang='lat' dir='ltr'><strong>obierit</strong></span> <span class='ocrx_word' id='word_1_397' title='bbox 431 3504 549 3557; x_wconf 74' lang='lat' dir='ltr'><strong>cerium</strong></span> <span class='ocrx_word' id='word_1_398' title='bbox 572 3502 713 3572; x_wconf 61' lang='lat' dir='ltr'><strong>leminis,</strong></span> <span class='ocrx_word' id='word_1_399' title='bbox 731 3493 813 3571; x_wconf 77' lang='lat' dir='ltr'><strong>i81¹0·</strong></span> <span class='ocrx_word' id='word_1_400' title='bbox 867 3499 1048 3562; x_wconf 87' lang='lat' dir='ltr'><strong>Bibliotheca</strong></span> <span class='ocrx_word' id='word_1_401' title='bbox 1066 3496 1243 3557; x_wconf 85' lang='lat' dir='ltr'><strong>Floriacensi</strong></span> <span class='ocrx_word' id='word_1_402' title='bbox 1257 3501 1317 3554; x_wconf 89' lang='lat' dir='ltr'><strong>torn</strong></span> <span class='ocrx_word' id='word_1_403' title='bbox 1343 3493 1379 3552; x_wconf 91' lang='lat' dir='ltr'><strong>ll.</strong></span> <span class='ocrx_word' id='word_1_404' title='bbox 1389 3509 1418 3569; x_wconf 93' lang='lat' dir='ltr'><strong>p.</strong></span> <span class='ocrx_word' id='word_1_405' title='bbox 1429 3489 1499 3548; x_wconf 74' lang='lat'><strong>220.</strong></span> <span class='ocrx_word' id='word_1_406' title='bbox 1510 3487 1580 3549; x_wconf 78' lang='grc'><strong>949.</strong></span> 
     </span>
     <span class='ocr_line' id='line_1_37' title="bbox 89 3582 1583 3670; baseline -0.01 -16"><span class='ocrx_word' id='word_1_407' title='bbox 89 3600 184 3654; x_wconf 84' lang='lat' dir='ltr'><strong>ratur.</strong></span> <span class='ocrx_word' id='word_1_408' title='bbox 195 3590 321 3653; x_wconf 80' lang='lat' dir='ltr'><strong>Addunt</strong></span> <span class='ocrx_word' id='word_1_409' title='bbox 341 3592 509 3670; x_wconf 87' lang='lat' dir='ltr'><strong>Scriptores</strong></span> <span class='ocrx_word' id='word_1_410' title='bbox 531 3589 573 3649; x_wconf 92' lang='lat' dir='ltr'><strong>illi</strong></span> <span class='ocrx_word' id='word_1_411' title='bbox 596 3589 740 3650; x_wconf 82' lang='lat' dir='ltr'><strong>Historiae</strong></span> <span class='ocrx_word' id='word_1_412' title='bbox 765 3586 813 3647; x_wconf 87' lang='lat' dir='ltr'><strong>lit·</strong></span> <span class='ocrx_word' id='word_1_413' title='bbox 868 3589 1056 3656; x_wconf 70' lang='lat' dir='ltr'><strong>Mamercium</strong></span> <span class='ocrx_word' id='word_1_414' title='bbox 1077 3596 1165 3650; x_wconf 82' lang='lat' dir='ltr'><strong>vocat</strong></span> <span class='ocrx_word' id='word_1_415' title='bbox 1185 3586 1389 3663; x_wconf 80' lang='lat' dir='ltr'><strong>Necrniogiunr</strong></span> <span class='ocrx_word' id='word_1_416' title='bbox 1412 3584 1441 3642; x_wconf 91' lang='lat' dir='ltr'><strong>S.</strong></span> <span class='ocrx_word' id='word_1_417' title='bbox 1459 3582 1583 3657; x_wconf 80' lang='lat' dir='ltr'><strong>Benigui</strong></span> 
     </span>
     <span class='ocr_line' id='line_1_38' title="bbox 90 3670 1586 3761; baseline -0.011 -17"><span class='ocrx_word' id='word_1_418' title='bbox 90 3689 220 3748; x_wconf 89' lang='lat' dir='ltr'><strong>terariae</strong></span> <span class='ocrx_word' id='word_1_419' title='bbox 240 3684 372 3746; x_wconf 80' lang='lat' dir='ltr'><strong>Gallicae</strong></span> <span class='ocrx_word' id='word_1_420' title='bbox 394 3684 475 3744; x_wconf 89' lang='lat' dir='ltr'><strong>huuc</strong></span> <span class='ocrx_word' id='word_1_421' title='bbox 503 3685 602 3761; x_wconf 93' lang='lat' dir='ltr'><strong>ipsum</strong></span> <span class='ocrx_word' id='word_1_422' title='bbox 624 3679 812 3759; x_wconf 81' lang='lat' dir='ltr'><strong>Baynaldum</strong></span> <span class='ocrx_word' id='word_1_423' title='bbox 847 3673 1058 3743; x_wconf 78' lang='lat' dir='ltr'><strong>&#39;Divionensis</strong></span> <span class='ocrx_word' id='word_1_424' title='bbox 1070 3681 1098 3738; x_wconf 96' lang='lat' dir='ltr'><strong>in</strong></span> <span class='ocrx_word' id='word_1_425' title='bbox 1111 3677 1184 3739; x_wconf 92' lang='lat' dir='ltr'><strong>Bibl.</strong></span> <span class='ocrx_word' id='word_1_426' title='bbox 1203 3678 1232 3738; x_wconf 92' lang='lat' dir='ltr'><strong>S.</strong></span> <span class='ocrx_word' id='word_1_427' title='bbox 1245 3673 1386 3736; x_wconf 86' lang='lat' dir='ltr'><strong>Germani</strong></span> <span class='ocrx_word' id='word_1_428' title='bbox 1401 3670 1481 3750; x_wconf 87' lang='lat' dir='ltr'><strong>apud</strong></span> <span class='ocrx_word' id='word_1_429' title='bbox 1495 3671 1586 3728; x_wconf 84' lang='lat' dir='ltr'><strong>Bern.¹</strong></span> 
     </span>
     <span class='ocr_line' id='line_1_39' title="bbox 89 3768 1590 3858; baseline -0.012 -18"><span class='ocrx_word' id='word_1_430' title='bbox 89 3781 251 3858; x_wconf 84' lang='lat' dir='ltr'><strong>scripsisse</strong></span> <span class='ocrx_word' id='word_1_431' title='bbox 282 3778 438 3841; x_wconf 87' lang='lat' dir='ltr'><strong>historiam</strong></span> <span class='ocrx_word' id='word_1_432' title='bbox 462 3774 674 3837; x_wconf 86' lang='lat' dir='ltr'><strong>miraculorum</strong></span> <span class='ocrx_word' id='word_1_433' title='bbox 697 3774 727 3834; x_wconf 84' lang='lat' dir='ltr'><strong>S.</strong></span> <span class='ocrx_word' id='word_1_434' title='bbox 749 3774 815 3834; x_wconf 88' lang='lat' dir='ltr'><strong>Flo-</strong></span> <span class='ocrx_word' id='word_1_435' title='bbox 870 3773 908 3836; x_wconf 90' lang='grc'><strong>64</strong></span> <span class='ocrx_word' id='word_1_436' title='bbox 928 3773 1115 3834; x_wconf 89' lang='lat' dir='ltr'><strong>Montiaucon</strong></span> <span class='ocrx_word' id='word_1_437' title='bbox 1138 3771 1158 3832; x_wconf 94' lang='lat' dir='ltr'><strong>l.</strong></span> <span class='ocrx_word' id='word_1_438' title='bbox 1178 3788 1205 3854; x_wconf 79' lang='lat' dir='ltr'><strong>p.</strong></span> <span class='ocrx_word' id='word_1_439' title='bbox 1226 3788 1254 3849; x_wconf 93' lang='lat' dir='ltr'><strong>p.</strong></span> <span class='ocrx_word' id='word_1_440' title='bbox 1275 3768 1363 3829; x_wconf 89' lang='grc'><strong>4464.</strong></span> <span class='ocrx_word' id='word_1_441' title='bbox 1586 3803 1590 3812; x_wconf 81' lang='lat'>·</span> 
     </span>
     <span class='ocr_line' id='line_1_40' title="bbox 91 3857 1586 3949; baseline -0.011 -17"><span class='ocrx_word' id='word_1_442' title='bbox 91 3874 191 3948; x_wconf 86' lang='lat' dir='ltr'><strong>rentii,</strong></span> <span class='ocrx_word' id='word_1_443' title='bbox 201 3887 294 3949; x_wconf 85' lang='lat' dir='ltr'><strong>quant</strong></span> <span class='ocrx_word' id='word_1_444' title='bbox 316 3878 419 3930; x_wconf 87' lang='lat' dir='ltr'><strong>servat</strong></span> <span class='ocrx_word' id='word_1_445' title='bbox 440 3867 497 3930; x_wconf 89' lang='lat' dir='ltr'><strong>MS.</strong></span> <span class='ocrx_word' id='word_1_446' title='bbox 521 3867 622 3930; x_wconf 85' lang='lat' dir='ltr'><strong>codex</strong></span> <span class='ocrx_word' id='word_1_447' title='bbox 645 3867 814 3928; x_wconf 89' lang='lat' dir='ltr'><strong>Monasterii</strong></span> <span class='ocrx_word' id='word_1_448' title='bbox 909 3863 1125 3928; x_wconf 74' lang='lat' dir='ltr'><strong>uetustatis</strong></span> <span class='ocrx_word' id='word_1_449' title='bbox 1147 3861 1183 3924; x_wconf 89' lang='lat' dir='ltr'><strong>de</strong></span> <span class='ocrx_word' id='word_1_450' title='bbox 1199 3862 1376 3936; x_wconf 85' lang='lat' dir='ltr'><strong>Montnnr&#39;o,</strong></span> <span class='ocrx_word' id='word_1_451' title='bbox 1397 3858 1523 3919; x_wconf 83' lang='lat' dir='ltr'><strong>Netinos</strong></span> <span class='ocrx_word' id='word_1_452' title='bbox 1541 3857 1586 3917; x_wconf 83' lang='lat' dir='ltr'><strong>st-</strong></span> 
     </span>
     <span class='ocr_line' id='line_1_41' title="bbox 90 3950 1585 4036; baseline -0.009 -12"><span class='ocrx_word' id='word_1_453' title='bbox 90 3965 120 4026; x_wconf 88' lang='lat' dir='ltr'><strong>S.</strong></span> <span class='ocrx_word' id='word_1_454' title='bbox 141 3965 286 4026; x_wconf 82' lang='lat' dir='ltr'><strong>Florentii</strong></span> <span class='ocrx_word' id='word_1_455' title='bbox 310 3963 538 4036; x_wconf 88' lang='lat' dir='ltr'><strong>Salmariensis,</strong></span> <span class='ocrx_word' id='word_1_456' title='bbox 556 3963 636 4023; x_wconf 91' lang='lat' dir='ltr'><strong>sicut</strong></span> <span class='ocrx_word' id='word_1_457' title='bbox 652 3967 684 4020; x_wconf 90' lang='grc'><strong>44</strong></span> <span class='ocrx_word' id='word_1_458' title='bbox 702 3975 815 4020; x_wconf 91' lang='lat' dir='ltr'><strong>novum</strong></span> <span class='ocrx_word' id='word_1_459' title='bbox 870 3960 978 4034; x_wconf 88' lang='lat' dir='ltr'><strong>culus,</strong></span> <span class='ocrx_word' id='word_1_460' title='bbox 1002 3957 1092 4034; x_wconf 77' lang='lat' dir='ltr'><strong>quus</strong></span> <span class='ocrx_word' id='word_1_461' title='bbox 1114 3963 1267 4017; x_wconf 83' lang='lat' dir='ltr'><strong>materen</strong></span> <span class='ocrx_word' id='word_1_462' title='bbox 1291 3951 1453 4014; x_wconf 87' lang='lat' dir='ltr'><strong>Landoiiua</strong></span> <span class='ocrx_word' id='word_1_463' title='bbox 1474 3950 1585 4010; x_wconf 90' lang='lat' dir='ltr'><strong>iamilia</strong></span> 
     </span>
     <span class='ocr_line' id='line_1_42' title="bbox 80 4041 1586 4132; baseline -0.01 -14"><span class='ocrx_word' id='word_1_464' title='bbox 80 4049 225 4122; x_wconf 65' lang='lat' dir='ltr'><strong>⁴cilicium</strong></span> <span class='ocrx_word' id='word_1_465' title='bbox 247 4057 385 4120; x_wconf 88' lang='lat' dir='ltr'><strong>eiusdem</strong></span> <span class='ocrx_word' id='word_1_466' title='bbox 407 4057 438 4116; x_wconf 87' lang='lat' dir='ltr'><strong>S.</strong></span> <span class='ocrx_word' id='word_1_467' title='bbox 451 4056 615 4128; x_wconf 78' lang='lat' dir='ltr'><strong>Blorentri,</strong></span> <span class='ocrx_word' id='word_1_468' title='bbox 632 4069 667 4114; x_wconf 91' lang='lat' dir='ltr'><strong>ac</strong></span> <span class='ocrx_word' id='word_1_469' title='bbox 684 4053 815 4131; x_wconf 89' lang='lat' dir='ltr'><strong>denique</strong></span> <span class='ocrx_word' id='word_1_470' title='bbox 872 4053 1026 4132; x_wconf 87' lang='lat' dir='ltr'><strong>provenit,-</strong></span> <span class='ocrx_word' id='word_1_471' title='bbox 1040 4051 1136 4111; x_wconf 85' lang='lat' dir='ltr'><strong>nobile</strong></span> <span class='ocrx_word' id='word_1_472' title='bbox 1153 4065 1266 4127; x_wconf 81' lang='lat' dir='ltr'><strong>genere</strong></span> <span class='ocrx_word' id='word_1_473' title='bbox 1285 4052 1393 4127; x_wconf 85' lang='lat' dir='ltr'><strong>natus,</strong></span> <span class='ocrx_word' id='word_1_474' title='bbox 1410 4041 1483 4108; x_wconf 84' lang='grc'><strong>044.</strong></span> <span class='ocrx_word' id='word_1_475' title='bbox 1499 4044 1586 4104; x_wconf 88' lang='lat' dir='ltr'><strong>Prae-</strong></span> 
     </span>
     <span class='ocr_line' id='line_1_43' title="bbox 90 4137 1588 4231; baseline -0.011 -19"><span class='ocrx_word' id='word_1_476' title='bbox 90 4153 226 4231; x_wconf 76' lang='lat' dir='ltr'><strong>hymnos</strong></span> <span class='ocrx_word' id='word_1_477' title='bbox 247 4154 334 4214; x_wconf 88' lang='lat' dir='ltr'><strong>binos</strong></span> <span class='ocrx_word' id='word_1_478' title='bbox 354 4152 392 4212; x_wconf 90' lang='lat' dir='ltr'><strong>de</strong></span> <span class='ocrx_word' id='word_1_479' title='bbox 414 4149 552 4212; x_wconf 87' lang='lat' dir='ltr'><strong>laudibus</strong></span> <span class='ocrx_word' id='word_1_480' title='bbox 583 4147 719 4210; x_wconf 87' lang='lat' dir='ltr'><strong>eiusdem</strong></span> <span class='ocrx_word' id='word_1_481' title='bbox 742 4144 816 4206; x_wconf 90' lang='lat' dir='ltr'><strong>San·</strong></span> <span class='ocrx_word' id='word_1_482' title='bbox 871 4145 1037 4206; x_wconf 88' lang='lat' dir='ltr'><strong>dicatorum</strong></span> <span class='ocrx_word' id='word_1_483' title='bbox 1069 4146 1177 4206; x_wconf 85' lang='lat' dir='ltr'><strong>Ductor</strong></span> <span class='ocrx_word' id='word_1_484' title='bbox 1209 4140 1478 4203; x_wconf 86' lang='lat' dir='ltr'><strong>Salmantioensis.</strong></span> <span class='ocrx_word' id='word_1_485' title='bbox 1505 4137 1588 4198; x_wconf 89' lang='lat' dir='ltr'><strong>Prior</strong></span> 
     </span>
     <span class='ocr_line' id='line_1_44' title="bbox 90 4228 1587 4324; baseline -0.011 -19"><span class='ocrx_word' id='word_1_486' title='bbox 90 4247 294 4323; x_wconf 90' lang='lat' dir='ltr'><strong>cti‚quorum</strong></span> <span class='ocrx_word' id='word_1_487' title='bbox 313 4247 394 4324; x_wconf 90' lang='lat' dir='ltr'><strong>prior</strong></span> <span class='ocrx_word' id='word_1_488' title='bbox 410 4245 512 4321; x_wconf 92' lang='lat' dir='ltr'><strong>incipit</strong></span> <span class='ocrx_word' id='word_1_489' title='bbox 534 4239 633 4303; x_wconf 85' lang='lat' dir='ltr'><strong>corrui</strong></span> <span class='ocrx_word' id='word_1_490' title='bbox 651 4238 761 4300; x_wconf 81' lang='lat' dir='ltr'><strong>choros</strong></span> <span class='ocrx_word' id='word_1_491' title='bbox 780 4236 816 4315; x_wconf 82' lang='lat' dir='ltr'><strong>fi·</strong></span> <span class='ocrx_word' id='word_1_492' title='bbox 872 4237 1065 4300; x_wconf 87' lang='lat' dir='ltr'><strong>Provinciaiis</strong></span> <span class='ocrx_word' id='word_1_493' title='bbox 1085 4237 1220 4312; x_wconf 88' lang='lat' dir='ltr'><strong>Siciliae,</strong></span> <span class='ocrx_word' id='word_1_494' title='bbox 1241 4239 1310 4313; x_wconf 91' lang='lat' dir='ltr'><strong>post</strong></span> <span class='ocrx_word' id='word_1_495' title='bbox 1330 4233 1493 4310; x_wconf 87' lang='lat' dir='ltr'><strong>inquisitor</strong></span> <span class='ocrx_word' id='word_1_496' title='bbox 1517 4228 1587 4290; x_wconf 87' lang='lat' dir='ltr'><strong>fidei</strong></span> 
     </span>
     <span class='ocr_line' id='line_1_45' title="bbox 90 4324 1587 4417; baseline -0.017 -14"><span class='ocrx_word' id='word_1_497' title='bbox 90 4338 221 4417; x_wconf 78' lang='grc'><strong>64444444,</strong></span> <span class='ocrx_word' id='word_1_498' title='bbox 234 4341 330 4402; x_wconf 89' lang='lat' dir='ltr'><strong>alter:</strong></span> <span class='ocrx_word' id='word_1_499' title='bbox 349 4342 457 4402; x_wconf 86' lang='lat' dir='ltr'><strong>Sancte</strong></span> <span class='ocrx_word' id='word_1_500' title='bbox 474 4333 633 4414; x_wconf 67' lang='lat' dir='ltr'><strong>confusor.</strong></span> <span class='ocrx_word' id='word_1_501' title='bbox 649 4331 816 4410; x_wconf 89' lang='lat' dir='ltr'><strong>Utrumque</strong></span> <span class='ocrx_word' id='word_1_502' title='bbox 872 4333 1036 4394; x_wconf 87' lang='lat' dir='ltr'><strong>Generalis.</strong></span> <span class='ocrx_word' id='word_1_503' title='bbox 1048 4331 1083 4392; x_wconf 92' lang='grc'><strong>4.</strong></span> <span class='ocrx_word' id='word_1_504' title='bbox 1093 4327 1279 4391; x_wconf 88' lang='lat' dir='ltr'><strong>Ferdinaudo</strong></span> <span class='ocrx_word' id='word_1_505' title='bbox 1290 4326 1497 4404; x_wconf 83' lang='lat' dir='ltr'><strong>llllrogoniee</strong></span> <span class='ocrx_word' id='word_1_506' title='bbox 1507 4324 1587 4398; x_wconf 78' lang='lat' dir='ltr'><strong>Bege</strong></span> 
     </span>
     <span class='ocr_line' id='line_1_46' title="bbox 90 4412 1588 4503; baseline -0.018 -7"><span class='ocrx_word' id='word_1_507' title='bbox 90 4442 221 4496; x_wconf 84' lang='lat' dir='ltr'><strong>servant</strong></span> <span class='ocrx_word' id='word_1_508' title='bbox 241 4432 394 4498; x_wconf 83' lang='lat' dir='ltr'><strong>Brevioria</strong></span> <span class='ocrx_word' id='word_1_509' title='bbox 415 4431 495 4492; x_wconf 87' lang='lat' dir='ltr'><strong>MSS.</strong></span> <span class='ocrx_word' id='word_1_510' title='bbox 516 4415 652 4490; x_wconf 79' lang='grc'><strong>4444464444</strong></span> <span class='ocrx_word' id='word_1_511' title='bbox 676 4427 816 4490; x_wconf 89' lang='lat' dir='ltr'><strong>coenobii</strong></span> <span class='ocrx_word' id='word_1_512' title='bbox 872 4423 1026 4503; x_wconf 83' lang='lat' dir='ltr'><strong>Neapolim</strong></span> <span class='ocrx_word' id='word_1_513' title='bbox 1045 4423 1171 4484; x_wconf 84' lang='lat' dir='ltr'><strong>vocatus</strong></span> <span class='ocrx_word' id='word_1_514' title='bbox 1191 4428 1257 4495; x_wconf 88' lang='grc'><strong>444,</strong></span> <span class='ocrx_word' id='word_1_515' title='bbox 1279 4420 1328 4481; x_wconf 92' lang='lat' dir='ltr'><strong>ubi</strong></span> <span class='ocrx_word' id='word_1_516' title='bbox 1350 4435 1409 4479; x_wconf 84' lang='lat' dir='ltr'><strong>unu</strong></span> <span class='ocrx_word' id='word_1_517' title='bbox 1431 4429 1500 4476; x_wconf 87' lang='lat' dir='ltr'><strong>curn</strong></span> <span class='ocrx_word' id='word_1_518' title='bbox 1521 4412 1588 4472; x_wconf 91' lang='lat' dir='ltr'><strong>aliis</strong></span> 
     </span>
     <span class='ocr_line' id='line_1_47' title="bbox 90 4502 1588 4595; baseline -0.021 -4"><span class='ocrx_word' id='word_1_519' title='bbox 90 4539 122 4590; x_wconf 87' lang='lat' dir='ltr'><strong>et</strong></span> <span class='ocrx_word' id='word_1_520' title='bbox 144 4529 303 4590; x_wconf 87' lang='lat' dir='ltr'><strong>Florentii.</strong></span> <span class='ocrx_word' id='word_1_521' title='bbox 325 4527 341 4564; x_wconf 63' lang='lat' dir='ltr'><strong>i</strong></span> <span class='ocrx_word' id='word_1_522' title='bbox 872 4517 1014 4580; x_wconf 83' lang='lat' dir='ltr'><strong>Tribunal</strong></span> <span class='ocrx_word' id='word_1_523' title='bbox 1028 4516 1234 4595; x_wconf 81' lang='lat' dir='ltr'><strong>inquisitionis</strong></span> <span class='ocrx_word' id='word_1_524' title='bbox 1251 4512 1390 4574; x_wconf 90' lang='lat' dir='ltr'><strong>instituit.</strong></span> <span class='ocrx_word' id='word_1_525' title='bbox 1402 4502 1588 4568; x_wconf 77' lang='grc'><strong>464444444-</strong></span> 
     </span>
     <span class='ocr_line' id='line_1_48' title="bbox 130 4593 1587 4700; baseline -0.024 -14"><span class='ocrx_word' id='word_1_526' title='bbox 130 4593 819 4692; x_wconf 71' lang='grc'><strong>444444444444444444,4444444444-</strong></span> <span class='ocrx_word' id='word_1_527' title='bbox 872 4610 926 4671; x_wconf 83' lang='lat' dir='ltr'><strong>uo</strong></span> <span class='ocrx_word' id='word_1_528' title='bbox 947 4611 994 4670; x_wconf 87' lang='lat' dir='ltr'><strong>vr.</strong></span> <span class='ocrx_word' id='word_1_529' title='bbox 1016 4626 1044 4671; x_wconf 79' lang='lat' dir='ltr'><strong>a.</strong></span> <span class='ocrx_word' id='word_1_530' title='bbox 1065 4608 1153 4671; x_wconf 84' lang='grc'><strong>4444.</strong></span> <span class='ocrx_word' id='word_1_531' title='bbox 1174 4608 1340 4688; x_wconf 61' lang='lat' dir='ltr'><strong>episopus</strong></span> <span class='ocrx_word' id='word_1_532' title='bbox 1362 4593 1587 4700; x_wconf 64' lang='lat' dir='ltr'><strong>aspirationis-</strong></span> 
     </span>
     <span class='ocr_line' id='line_1_49' title="bbox 93 4693 1588 4780; baseline -0.02 -7"><span class='ocrx_word' id='word_1_533' title='bbox 93 4715 212 4780; x_wconf 71' lang='lat' dir='ltr'><strong>terrue.</strong></span> <span class='ocrx_word' id='word_1_534' title='bbox 874 4721 951 4779; x_wconf 92' lang='lat' dir='ltr'><strong>nus,</strong></span> <span class='ocrx_word' id='word_1_535' title='bbox 983 4719 1010 4764; x_wconf 90' lang='grc'><strong>4.</strong></span> <span class='ocrx_word' id='word_1_536' title='bbox 1046 4702 1134 4765; x_wconf 82' lang='grc'><strong>4497.</strong></span> <span class='ocrx_word' id='word_1_537' title='bbox 1165 4697 1320 4761; x_wconf 89' lang='lat' dir='ltr'><strong>Generalis</strong></span> <span class='ocrx_word' id='word_1_538' title='bbox 1357 4693 1588 4755; x_wconf 81' lang='lat' dir='ltr'><strong>commissarius</strong></span> 
     </span>
    </p>
   </div>
   <div class='ocr_carea' id='block_1_7' title="bbox 113 4778 1588 4875">
    <p class='ocr_par' dir='ltr' id='par_1_7' title="bbox 113 4778 1588 4875">
     <span class='ocr_line' id='line_1_50' title="bbox 113 4778 1588 4875; baseline -0.027 -2"><span class='ocrx_word' id='word_1_539' title='bbox 113 4809 357 4872; x_wconf 76' lang='lat' dir='ltr'><strong>&#39;untnnttttts</strong></span> <span class='ocrx_word' id='word_1_540' title='bbox 372 4805 408 4868; x_wconf 89' lang='lat' dir='ltr'><strong>de</strong></span> <span class='ocrx_word' id='word_1_541' title='bbox 428 4781 702 4875; x_wconf 79' lang='lat' dir='ltr'><strong>Brunoaieonihnr,</strong></span> <span class='ocrx_word' id='word_1_542' title='bbox 721 4783 819 4875; x_wconf 66' lang='grc'><strong>444444-</strong></span> <span class='ocrx_word' id='word_1_543' title='bbox 874 4797 1002 4858; x_wconf 87' lang='lat' dir='ltr'><strong>Sanctae</strong></span> <span class='ocrx_word' id='word_1_544' title='bbox 1030 4797 1188 4858; x_wconf 90' lang='lat' dir='ltr'><strong>cruciatae</strong></span> <span class='ocrx_word' id='word_1_545' title='bbox 1218 4793 1247 4850; x_wconf 91' lang='lat' dir='ltr'><strong>in</strong></span> <span class='ocrx_word' id='word_1_546' title='bbox 1273 4787 1371 4850; x_wconf 87' lang='lat' dir='ltr'><strong>Sicilia</strong></span> <span class='ocrx_word' id='word_1_547' title='bbox 1391 4790 1421 4842; x_wconf 88' lang='lat' dir='ltr'><strong>et</strong></span> <span class='ocrx_word' id='word_1_548' title='bbox 1442 4778 1588 4840; x_wconf 87' lang='lat' dir='ltr'><strong>Collector</strong></span> 
     </span>
    </p>
   </div>
   <div class='ocr_carea' id='block_1_8' title="bbox 92 4869 1588 4982">
    <p class='ocr_par' dir='ltr' id='par_1_8' title="bbox 92 4869 1588 4982">
     <span class='ocr_line' id='line_1_51' title="bbox 92 4869 1588 4982; baseline -0.03 -11"><span class='ocrx_word' id='word_1_549' title='bbox 92 4925 172 4982; x_wconf 87' lang='lat' dir='ltr'><strong>nas,</strong></span> <span class='ocrx_word' id='word_1_550' title='bbox 198 4923 234 4966; x_wconf 84' lang='lat' dir='ltr'><strong>ex</strong></span> <span class='ocrx_word' id='word_1_551' title='bbox 256 4901 426 4964; x_wconf 88' lang='lat' dir='ltr'><strong>comitibus</strong></span> <span class='ocrx_word' id='word_1_552' title='bbox 449 4900 517 4962; x_wconf 86' lang='lat' dir='ltr'><strong>Luci</strong></span> <span class='ocrx_word' id='word_1_553' title='bbox 539 4906 570 4960; x_wconf 88' lang='lat' dir='ltr'><strong>et</strong></span> <span class='ocrx_word' id='word_1_554' title='bbox 593 4895 715 4960; x_wconf 90' lang='lat' dir='ltr'><strong>Menaiis</strong></span> <span class='ocrx_word' id='word_1_555' title='bbox 735 4893 813 4954; x_wconf 90' lang='lat' dir='ltr'><strong>circa</strong></span> <span class='ocrx_word' id='word_1_556' title='bbox 874 4891 1064 4954; x_wconf 87' lang='lat' dir='ltr'><strong>Becimarum</strong></span> <span class='ocrx_word' id='word_1_557' title='bbox 1092 4883 1392 4950; x_wconf 78' lang='lat' dir='ltr'><strong>ceclesiasticorum,</strong></span> <span class='ocrx_word' id='word_1_558' title='bbox 1412 4891 1429 4935; x_wconf 91' lang='lat' dir='ltr'><strong>a</strong></span> <span class='ocrx_word' id='word_1_559' title='bbox 1448 4870 1527 4932; x_wconf 84' lang='lat' dir='ltr'><strong>lulio</strong></span> <span class='ocrx_word' id='word_1_560' title='bbox 1552 4869 1588 4928; x_wconf 91' lang='grc'><strong>44.</strong></span> 
     </span>
    </p>
   </div>
   <div class='ocr_carea' id='block_1_9' title="bbox 0 0 1850 5408">
    <p class='ocr_par' dir='ltr' id='par_1_9' title="bbox 0 0 1850 5408">
     <span class='ocr_line' id='line_1_52' title="bbox 0 0 1850 5408; baseline 0 0"><span class='ocrx_word' id='word_1_561' title='bbox 0 0 1850 5408; x_wconf 95' lang='lat' dir='ltr'><strong> </strong></span> 
     </span>
    </p>
   </div>
  </div>
 </body>
</html>
