3368 5362
179 180 239 240 44444
600 217 603 224 ·

231 284 311 345 Ordo
335 287 363 341 et
383 277 546 340 Kalendae.
570 276 690 337 MSS.
714 273 842 335 Ceneaii.

222 380 256 436 V.
278 375 350 435 ldus
371 372 439 433 lulii
462 369 628 429 Translatio
660 369 712 429 SS.
740 367 892 438 Quintiani

181 478 213 531 et
230 468 351 529 Sidonii.

116 632 119 637 ¹
221 564 314 621 Vetus
333 555 483 631 inscriptio
505 570 591 614 arcae
613 552 729 613 funebri
753 552 844 609 incisa
865 551 894 607 in

181 655 313 716 Ecclesia
333 652 362 709 S.
381 650 533 708 Saturnini
546 646 697 721 Dandaci:
716 647 778 704 lllC
795 640 893 703 SUNT

180 746 257 806 DUO
279 738 491 804 lb‘OCENTES
513 737 545 775 *¹*
568 739 617 798 ET
640 737 669 795 S.
688 733 872 801 SIDONIUS.

221 836 265 896 bd
294 835 402 895 iibrurn
430 833 451 890 l.
473 833 560 907 epist.
582 831 610 890 2.
634 848 661 907 p.
683 831 710 887 8.
734 834 796 886 not.
822 826 897 887 Cae-

181 928 277 989 saries
294 924 413 1004 rasiipa)
433 924 469 980 ibi
488 922 622 983 additur:
641 919 744 981 isidori
762 919 895 991 Glossae,

181 1016 340 1097 resroiitat,
362 1033 381 1072 a
401 1013 500 1093 [rante
521 1011 646 1092 repellit.

223 1109 291 1168 ibid.
317 1106 434 1168 Ceruiic
454 1124 513 1163 non
533 1104 618 1164 sedet
636 1102 747 1176 nervia)
767 1101 834 1161 add.
853 1102 897 1160 sie

183 1206 298 1264 Statius
315 1203 343 1264 9.
358 1199 498 1260 Thebaid.
520 1200 557 1258 de
574 1215 671 1274 equo:
696 1192 779 1256 Colla
800 1191 899 1253 sedent

182 1295 276 1354 nodis.
299 1293 348 1353 ubi
371 1294 535 1362 Luctatius,
556 1289 644 1367 plena
664 1293 736 1350 aiant
753 1285 848 1346 nodis.

224 1387 261 1444 ib.
285 1386 335 1443 lin·
358 1384 471 1459 penult.
495 1383 651 1443 Aimoniai
672 1377 721 1439 lib.
741 1382 768 1440 3·
787 1395 852 1455 cap.
868 1376 896 1435 7.

182 1477 249 1537 444.
272 1495 308 1536 en
330 1477 451 1552 Gregor.
473 1477 581 1535 Turno.
606 1476 627 1533 l.
648 1475 675 1532 4.
695 1489 721 1530 c.
745 1472 791 1530 43.

224 1586 251 1647 p.
274 1569 301 1626 9.
323 1568 373 1626 lin.
393 1569 441 1626 ll.
459 1584 511 1644 pro
535 1565 668 1646 pianiai
696 1564 760 1641 logo
782 1579 900 1641 μυακων

183 1659 250 1720 444.
273 1659 406 1719 Isidorus
427 1657 464 1717 do
486 1659 692 1735 spiritualibus
713 1656 899 1726 differentiis,

183 1751 308 1809 aurium
329 1749 455 1809 inditum
477 1756 520 1810 cst
541 1767 652 1823 nomen,
667 1766 688 1807 a
706 1745 828 1808 uocibus
845 1763 900 1804 au·

170 1842 307 1910 alendis,
327 1859 381 1920 per
413 1843 647 1901 immutationem
668 1838 747 1898 enirn
778 1836 900 1908 literae,

185 1949 278 1992 aures
303 1933 384 1992 velut
394 1932 488 1992 audes
505 1939 575 1991 aurit
586 1930 764 2000 nominatae,
776 1945 832 2006 per
848 1927 904 1986 baa

190 2024 266 2082 enim
279 2040 364 2083 norea
375 2030 468 2100 atque
479 2040 582 2082 aoniam
593 2023 682 2099 quoii
690 2037 746 2098 per
757 2017 904 2079 cochleam

190 2113 376 2186 descendere,
410 2114 463 2191 qui
492 2120 609 2172 creatur
632 2112 663 2170 ia
689 2109 835 2169 circulum
856 2127 905 2166 or-

191 2203 313 2282 bempue
334 2211 495 2263 moneatur,
525 2204 677 2263 cochleam
696 2201 717 2277 j.
740 2202 903 2261 aulractus.

193 2304 227 2356 ut
256 2295 324 2354 ibid.
346 2298 396 2355 ait.
420 2296 438 2354 l.
461 2299 507 2357 44.
530 2311 554 2354 c.
579 2298 605 2356 4.
631 2311 669 2354 ex
700 2295 733 2352 D.
767 2291 904 2353 Ambros.

189 2389 313 2447 llexara.
337 2389 359 2447 l.
380 2388 407 2446 6.
430 2403 455 2445 c.
475 2388 502 2445 9.

228 2480 296 2538 ibid.
319 2486 387 2557 post
409 2480 499 2539 verba
532 2476 705 2551 Prudentii,
739 2475 827 2537 Gellii
845 2476 910 2554 leg-⁴

189 2571 316 2631 Galbae.

233 2663 269 2720 ib.
292 2664 392 2721 1449.
415 2679 431 2721 4
454 2662 531 2719 sina:
554 2660 646 2720 verba
664 2658 837 2738 parenthesi
859 2659 902 2716 in·

188 2754 273 2813 clusa
294 2754 429 2829 (emendo
450 2753 649 2826 cautionibus)
669 2753 781 2810 omissa
799 2758 881 2811 suut.

231 2862 257 2921 p.
280 2848 327 2917 4ο.
350 2844 399 2902 lin.
423 2847 451 2903 4.
473 2845 512 2903 Et
531 2854 565 2903 ut
588 2851 640 2904 eta.
665 2860 760 2921 usqua
781 2841 818 2901 ad
837 2842 854 2900 l.
875 2842 902 2900 6.

787 167 1062 230 stubbius

948 274 1016 336 add.
1038 273 1206 348 Egasippus
1229 270 1279 330 lib.
1305 273 1332 329 4.
1355 287 1423 347 cap.
1445 275 1490 334 iu.
1511 270 1639 333 absolvant

948 382 1055 438 omnes,
1085 363 1158 442 quia
1186 361 1268 438 nibil,
1290 362 1374 441 quod
1393 371 1472 427 esset
1498 363 1578 445 affini
1595 381 1640 424 ne

950 459 1015 531 leri,
1034 454 1267 537 proferebatur.

990 554 1009 612 l.
1032 553 1059 612 7.
1083 569 1110 628 p.
1134 551 1181 608 49.
1203 556 1264 609 not.
1290 550 1432 610 Testatur
1445 548 1508 623 baal
1521 549 1641 610 adddu-

950 643 1086 703 siodorus
1108 642 1145 702 de
1167 643 1308 716 amicitia,
1331 641 1506 719 llurapenda
1525 647 1567 702 ea
1581 640 1640 705 4444

949 735 1092 805 amicitia,
1113 735 1143 794 si
1160 733 1276 795 erimar
1295 733 1370 795 adeo
1403 751 1522 794 enorme
1547 738 1600 803 iet,
1616 736 1641 790 al

950 828 1014 887 sine
1031 826 1130 905 famae
1151 826 1302 907 dispendio
1330 824 1461 887 tolerari¹
1480 843 1536 887 aaa
1550 823 1639 905 piat:

950 918 1044 981 veluti
1062 920 1092 979 ei
1109 925 1213 979 cantra
1238 919 1327 997 fidem
1361 917 1487 993 Christi,
1512 919 1640 979 sicorim

948 1009 1100 1091 publicam
1135 1011 1314 1084 utilitatem,
1348 1008 1400 1070 uel
1428 1009 1524 1071 simile
1551 1006 1642 1086 4444444

948 1105 1191 1184 praesumptione
1208 1100 1378 1165 damnabili
1397 1102 1563 1163 attentavit.

992 1215 1019 1273 p.
1042 1199 1089 1257 53.
1112 1205 1174 1255 nat.
1203 1197 1360 1273 Frequens
1386 1196 1519 1268 semna)
1539 1194 1642 1269 lampii

952 1290 1020 1351 dius
1044 1292 1072 1349 in
1095 1289 1274 1359 Alexandro,
1297 1305 1365 1349 cum
1387 1293 1513 1349 senatui
1529 1287 1641 1365 444444

952 1383 985 1440 44
1002 1381 1139 1455 Curiam,
1163 1380 1336 1455 incertia
1360 1378 1467 1441 aedem
1493 1376 1642 1442 Caiiairdiai
1665 1385 1673 1403 ⁰

953 1481 1007 1535 etc.
1029 1475 1201 1551 Symmacb.
1224 1476 1313 1551 epist.
1335 1471 1365 1533 7.
1389 1474 1408 1533 l.
1429 1476 1457 1532 4.

994 1585 1022 1644 p.
1044 1569 1092 1627 56.
1113 1574 1172 1626 not.
1194 1566 1231 1626 44
1252 1563 1397 1637 iiiauloml
1409 1566 1528 1649 omissa
1547 1564 1639 1625 anulio

954 1659 1025 1718 edit.
1047 1666 1160 1720 recent.
1181 1658 1272 1717 verba
1296 1657 1316 1715 l.
1337 1657 1367 1715 3.
1384 1662 1456 1735 past
1474 1673 1561 1735 44444
1577 1652 1641 1719 ciri

956 1751 1051 1810 atiani
1061 1795 1068 1823 ,
1096 1767 1193 1826 nsque
1213 1748 1250 1809 ad
1273 1749 1369 1807 finem
1392 1756 1502 1823 44444,
1522 1757 1551 1809 et
1566 1753 1642 1808 4444

958 1843 1031 1902 hacc
1051 1845 1167 1922 posita:
1189 1841 1264 1901 Acta
1285 1841 1346 1900 llS.
1365 1841 1398 1901 S.
1418 1844 1501 1903 blarii
1522 1840 1641 1914 manant,

957 1936 1103 1996 venientes
1118 1953 1149 1994 in
1166 1939 1301 1994 castrum
1319 1939 1409 1994 trans
1440 1932 1568 2013 Tyberim
1582 1933 1640 1993 4444

958 2045 1122 2098 carcerem,
1156 2025 1334 2086 invenerunt
1355 2024 1502 2087 bominem
1520 2020 1641 2089 amacii

961 2119 1027 2193 lem,
1044 2119 1160 2178 nomine
1181 2116 1343 2192 Quirinum
1359 2123 1414 2179 etc.
1438 2117 1520 2182 idem
1539 2115 1642 2179 tinulo

963 2212 1108 2285 Quirinal.
1129 2210 1185 2270 ode
1205 2212 1234 2268 7.
1255 2217 1286 2268 et
1308 2211 1338 2268 8.
1456 2229 1459 2233 ·

1000 2323 1027 2382 p.
1054 2302 1100 2364 57.
1119 2310 1180 2362 444.
1201 2303 1236 2361 Ut
1251 2301 1407 2380 suapeneol
1424 2302 1494 2362 add.
1507 2300 1643 2362 videlice

958 2396 1064 2456 dorum
1082 2402 1113 2454 et
1135 2394 1328 2454 tholoneum
1353 2397 1399 2452 eit
1423 2395 1473 2457 59.
1489 2390 1643 2454 44444444.

999 2487 1018 2546 4.
1039 2487 1066 2545 8.
1089 2503 1153 2563 pag.
1177 2485 1224 2543 69.
1247 2492 1308 2566 not.
1330 2483 1440 2546 Armis
1457 2479 1644 2555 mnurbdadd.

957 2577 1031 2639 Acta
1054 2578 1132 2637 MSS.
1157 2577 1235 2636 Tunc
1255 2575 1475 2637 Maaimianus
1494 2578 1562 2655 Imp
1573 2569 1642 2653 jeai

959 2685 1058 2729 omnes
1088 2687 1141 2747 qui
1166 2669 1196 2727 in
1224 2666 1343 2745 palatio
1373 2674 1466 2729 erunt
1494 2667 1643 2733 cliuum

958 2760 1093 2838 disciapi,
1110 2767 1145 2820 nt
1159 2759 1376 2821 renunciarem
1391 2759 1526 2836 militiae,
1541 2758 1588 2838 qni
1598 2772 1643 2816 iae

959 2850 1079 2930 cinpula
1099 2850 1245 2912 solverent
1252 2899 1258 2915 .
1281 2853 1399 2913 notavit
1420 2852 1502 2914 illine
1518 2860 1641 2917 4444444·

197 2935 369 3014 Exquiliis
391 2935 907 2998 etc.llaccverbaunacun1numo
963 2950 1019 3003 iem
1050 2943 1166 3003 {si'ii'um
1198 2942 1346 3021 pianelam
1385 2941 1493 3005 beatae
1522 2941 1646 3007 mimine

193 3031 382 3088 omittuntur.

959 3037 1071 3104 virum,
1092 3042 1121 3095 et
1146 3033 1253 3115 surena
1278 3035 1400 3096 vocavit
1422 3054 1490 3097 eum
1517 3036 1556 3096 ad
1576 3035 1646 3107 444

235 3138 264 3198 p.
287 3121 335 3180 it.
356 3123 433 3179 circa
455 3120 505 3179 sin.
528 3119 601 3199 lepis
622 3117 907 3195 Rirarioriim,logo
965 3125 1150 3204 expoliatum
1185 3126 1389 3200 vestimentis,
1411 3127 1521 3208 quibus
1548 3132 1648 3189 erata

190 3211 292 3290 liojar.

230 3305 249 3363 4.
273 3305 300 3364 3.
323 3322 350 3381 p.
373 3304 421 3364 22.
443 3308 504 3362 not.
524 3300 750 3380 interropolum]
768 3299 844 3363 adde
863 3299 907 3358 in-

194 3401 378 3473 terrapatum
399 3393 460 3473 lepe
481 3393 717 3476 repetundarum
738 3398 791 3453 etc.

233 3489 252 3548 l.
272 3491 301 3548 5.
323 3506 351 3566 p.
373 3489 420 3546 49.
444 3494 504 3546 444.
528 3488 677 3576 Opinione)
703 3486 760 3547 add
800 3484 908 3563 Opina-

194 3580 341 3656 tissimus,
364 3577 586 3641 celeberrimus.
620 3580 752 3641 isidorus
774 3581 802 3637 in
824 3577 909 3639 Glos-

194 3673 360 3841 s'spmssbtll
378 3765 423 3825 46.
443 3762 601 3839 Siluorum]
620 3723 746 3823 arnaud.¹
759 3761 906 3823 Uluoaurn.

233 3874 261 3934 p.
280 3858 327 3916 33.
343 3864 403 3915 not.
418 3856 592 3938 biduumque
606 3860 737 3934 portum)
752 3854 820 3917 add.
833 3858 907 3915 acta.

962 3219 1058 3292 stitus,
1078 3219 1175 3279 iiiiiuit
1187 3235 1254 3277 euin
1273 3216 1423 3281 colobium
1437 3219 1561 3292 4444444,
1574 3223 1646 3280 eitra

962 3310 1038 3371 didit
1053 3328 1120 3370 eum
1135 3308 1263 3369 lanariis
1275 3309 1318 3368 ad
1331 3311 1482 3372 iniuriam
1494 3308 1647 3392 lippiam.

959 3404 1049 3482 prior
1070 3402 1147 3461 enim
1164 3406 1233 3460 erat
1244 3401 1359 3479 palatii
1371 3403 1479 3482 ipsius.

1004 3496 1022 3553 l.
1046 3495 1073 3553 9.
1096 3511 1124 3571 p.
1147 3495 1194 3552 68.
1218 3500 1278 3552 444.
1301 3494 1366 3553 Eia
1386 3495 1495 3576 inquit)
1515 3490 1648 3558 addlluri·

963 3587 1029 3647 cius
1051 3589 1137 3663 epist.
1162 3587 1210 3646 25.
1234 3585 1252 3645 l.
1276 3587 1305 3646 2.

1004 3679 1022 3737 l.
1046 3679 1093 3738 lb.
1112 3696 1138 3755 p.
1157 3677 1207 3737 74.
1223 3675 1433 3755 canetulo)
1451 3679 1527 3745 uss,
1540 3678 1647 3743 lamba

963 3778 994 3830 ct
1014 3769 1169 3847 Andagav.
1194 3769 1414 3847 Campaniano.

1004 3863 1023 3920 l.
1046 3865 1093 3923 44.
1108 3880 1136 3939 p.
1153 3861 1203 3920 77.
1214 3868 1274 3920 nol.
1287 3861 1380 3938 lpni'ti
1389 3861 1497 3938 (444444)
1513 3863 1574 3925 444.
1588 3860 1648 3937 Siti

194 3948 233 4022 S.
246 3947 424 4024 Apollinaris
457 3950 643 4009 Ravennatis
674 3949 731 4009 liS.
761 3944 910 4025 accipient
964 3953 1061 4013 mach.
1082 3954 1160 4032 epist
1191 3955 1239 4014 25.
1262 3953 1283 4012 l.
1305 3955 1331 4012 l.
1351 3971 1388 4015 ne
1407 3953 1525 4019 libellus
1541 3946 1645 4019 444444·

195 4053 262 4095 euin
283 4038 416 4097 centurio
448 4040 626 4100 duait-eum
652 4038 694 4098 ad
725 4036 857 4099 Classem
880 4035 910 4097 r'a
965 4063 1068 4105 morsu
1089 4045 1162 4105 duri
1181 4044 1275 4105 dentis
1294 4052 1423 4107 uratur.

196 4125 316 4185 domum
333 4145 430 4188 suom.

1005 4156 1033 4216 p.
1054 4138 1101 4197 78.
1127 4144 1189 4196 444.
1211 4137 1271 4212 (lui
1298 4140 1409 4215 penus)
1443 4139 1512 4200 add.
1544 4138 1648 4203 miliia

238 4235 266 4295 p.
289 4221 336 4278 35.
360 4217 498 4295 Calaber)
520 4222 557 4282 de
577 4222 712 4285 Calabria
729 4223 809 4281 einim
827 4221 910 4281 venti
969 4231 1060 4289 natali
1080 4233 1108 4289 5,
1127 4230 1241 4304 Felicis,
1248 4231 1318 4307 jam
1334 4229 1425 4307 prior
1440 4230 1494 4292 liae
1505 4232 1607 4310 prim
1618 4239 1647 4283 ar·

199 4312 376 4389 pestilentes
394 4315 517 4391 spirant.
534 4317 669 4375 Orosius
682 4313 804 4393 insuper
822 4313 911 4373 etiam
967 4320 1012 4381 bis
1028 4319 1104 4380 tiber
1122 4319 1310 4382 ediditactur
1323 4322 1488 4403 Martyris,
1506 4321 1645 4389 ualidam

197 4405 341 4482 accpirata
361 4404 397 4466 de
421 4404 562 4469 Calabria
593 4404 721 4467 saltibus
742 4422 822 4467 aura
842 4421 909 4465 cor·

196 4513 347 4574 rumpens,
374 4500 541 4578 repentinos
562 4504 723 4560 acutarum
753 4497 912 4577 infirmita·

198 4593 259 4651 tum
280 4589 406 4667 afferret
426 4597 631 4652 transcursus.

238 4680 266 4765 ¹¹.
279 4682 306 4739 b.
329 4700 357 4758 p.
381 4685 412 4744 44
420 4729 426 4741 .
446 4686 499 4747 lin.
515 4686 544 4744 7.
561 4701 577 4744 a
594 4684 670 4745 stac:
690 4683 752 4745 sia.
767 4685 824 4762 leg.
838 4684 909 4745 isid.

964 4409 1012 4471 uel
1031 4410 1085 4488 qui
1101 4426 1197 4488 penita
1218 4415 1272 4469 etc.
1679 4472 1681 4483 ,

1006 4521 1032 4580 p.
1056 4503 1106 4562 79.
1128 4512 1191 4566 nat.
1212 4502 1334 4563 44444444
1362 4504 1538 4587 interrepere]
1565 4500 1647 4567 4444
1679 4504 1681 4513 ’

966 4594 1081 4655 occisus
1102 4600 1147 4655 est
1165 4593 1265 4673 pridie
1279 4594 1353 4656 idus
1373 4597 1493 4675 144444,
1514 4605 1542 4660 et
1558 4590 1646 4657 4444444

967 4688 1144 4748 Gensericua
1171 4689 1307 4762 Romam,
1325 4694 1353 4749 el
1368 4692 1529 4768 praedavit
1540 4683 1643 4753 444444

239 4790 267 4847 p.
291 4773 336 4831 44.
366 4784 426 4833 not.
457 4777 563 4835 Nonae
595 4791 651 4834 non
678 4791 739 4835 ease
761 4775 909 4853 confinem}
966 4779 1201 4857 qiiatuordecim,
1217 4769 1641 4864 eileiioturtmperaiiratii·
