3568 5414
643 205 976 271 undisonus
1330 230 1332 235 ·
1495 213 1564 274 -157

135 324 327 394 GENlBGNUS
366 320 565 392 4404404444,
600 318 787 397 propinquus
883 314 1032 381 OMNIUM
1048 316 1276 380 sanctonum
1292 317 1478 391 hlonasterii,
1495 317 1567 380 040.

104 425 188 490 44400444
207 417 378 490 Leonioeni,
400 415 519 492 dequo
541 423 631 492 supra
653 415 726 470 torn.
749 411 786 470 lV
843 403 1150 470 Prasmonstra'tensis
1183 413 1212 470 in
1234 405 1364 472 dioecesi
1386 411 1568 490 Argentora-

102 537 152 600 pag.
180 515 239 576 540.
268 511 444 595 vicentinus
475 507 622 586 patriast
652 505 787 564 Venetiis
843 503 946 575 tensi,
968 499 1143 562 0004444444
1175 503 1398 590 veteraXXdl.
1432 505 1568 584 vulgavit

103 609 198 672 auditor
215 603 384 667 Emanuelis
404 594 629 678 chrysam-ae,
656 597 787 658 Graecae
842 596 876 655 V.
898 595 932 654 C.
945 596 988 653 lo.
1003 593 1172 656 8440444044
1193 596 1568 659 04040444404440440444

102 707 150 782 4044
177 707 205 760 44
220 697 354 759 datione
385 695 504 772 linguae
531 693 665 772 peritus,
688 692 787 751 4040.
843 688 1010 776 litterariis,
1022 689 1197 750 collectione
1220 693 1314 769 prima
1336 707 1364 772 p.
1388 694 1455 753 444.
1478 695 1547 755 454.

98 795 226 860 lritbemii
243 792 353 870 judicio
374 803 439 866 cap.
456 785 524 848 7443.
544 784 743 863 Philosophus
756 788 796 844 et,
882 777 1050 841 0444404444
1063 781 1271 844 0440440444.
1281 783 1377 863 Supra
1389 771 1567 846 4444444444.

97 890 186 952 444404
202 886 420 950 celeberrimus.
442 879 525 940 Diem
548 877 675 939 obiith.
699 877 786 939 4544.
882 871 1077 935 ONESlMUS
1109 879 1237 953 scriptor
1258 877 1343 938 Vitae
1365 879 1449 938 Probi
1472 881 1569 958 inipe-

97 981 269 1042 sioredimus
290 977 419 1039 Antonio
440 971 572 1033 Oriando
603 973 717 1050 Origin.
740 977 788 1048 ty·
843 969 951 1028 ratoris
972 965 1010 1028 ab
1029 968 1064 1028 A.
1081 968 1150 1029 476.
1172 968 1209 1029 ad
1228 969 1297 1030 484.
1316 973 1418 1032 Latine
1440 975 1570 1052 scripse-

96 1075 246 1155 pographiae
273 1083 346 1151 pag.
368 1069 435 1130 356.
459 1064 639 1144 Quintiliani
670 1065 789 1125 institu-
842 1062 939 1121 44440
962 1058 1075 1121 Graece
1098 1077 1156 1121 non
1180 1070 1227 1122 est
1248 1064 1337 1142 plane
1357 1065 1567 1144 exploratum,

89 1167 171 1226 'tiones
190 1165 309 1242 exejus
325 1155 535 1223 emendatione
553 1155 675 1220 excudit
691 1157 789 1218 ‘nitide
845 1169 1031 1232 quamquam
1054 1156 1177 1216 Latinis¹
1190 1157 1346 1218 44444044οἰ4
1367 1159 1385 1218 a
1406 1155 1511 1220 Vossio
1539 1177 1567 1240 p.

92 1260 337 1322 Nicolauslenson
360 1255 512 1328 Gallicus,
536 1253 670 1311 Venetiis
702 1249 789 1311 4474.
846 1247 912 1306 484.
934 1242 1121 1308 accensetur.
1155 1237 1251 1330 Saepe
1284 1250 1461 1314 laudatura
1483 1243 1571 1332 Vopi-

94 1353 132 1413 404.
150 1353 183 1412 04
202 1369 258 1432 044
281 1351 412 1412 editione
434 1348 512 1409 vide·
525 1343 685 1407 Christiani
700 1408 703 1416 Ι
720 1346 791 1405 Got-
845 1355 897 1400 sco
915 1339 944 1399 in
958 1335 1088 1403 'Proculo
1106 1359 1174 1422 cap.
1193 1345 1240 1404 43.
1259 1346 1289 1404 44
1305 1347 1422 1405 Bonoso
1439 1363 1503 1426 cap.
1523 1350 1572 1407 44.

91 1447 148 1507 tlieb
166 1445 325 1507 Schwartii
359 1442 487 1503 indicem
517 1441 660 1501 librorum
683 1439 790 1500 Secuto
846 1433 876 1492 in
898 1433 983 1507 Garo,
1007 1429 1298 1515 ubidiiigentissime
1312 1440 1404 1500 vitam
1417 1441 1501 1514 Probi
1522 1443 1564 1500 ait

90 1541 140 1600 444.
160 1541 372 1618 impressorum
404 1541 470 1615 pag.
493 1535 532 1594 65
563 1547 628 1611 seq.
655 1529 791 1592 Valerius
845 1529 1247 1607 scripsissecap.i.et7.in
1269 1533 1568 1595 Garinoc.l.ett9.

86 1631 228 1693 44044444
247 1649 319 1693 oum
340 1629 499 1695 Omniboni
522 1627 719 1705 expositione,
737 1641 792 1705 ,00
885 1621 1142 1684 chananaeum
1163 1626 1215 1702 qui
1238 1635 1427 1710 anteaunos
1453 1632 1571 1690 trecen-

88 1725 263 1786 steditiones
279 1727 425 1785 Venetam
444 1720 581 1782 iisset
594 1718 792 1780 Mediolanen·
845 1720 894 1774 404
914 1717 1088 1795 scripserit,
1110 1717 1199 1779 edere
1221 1719 1316 1778 voluit
1338 1720 1464 1780 illustris
1488 1721 1572 1780 Leib-

86 1833 139 1878 sen
169 1818 257 1880 4487.
281 1817 332 1878 404.
353 1813 463 1895 prodiit
482 1815 573 1874 etiam
596 1811 685 1884 alibi,
713 1814 792 1873 sicut
846 1811 941 1869 nitius
961 1810 989 1868 in
1004 1810 1165 1873 -Volumine
1184 1825 1284 1872 rerum
1305 1813 1486 1890 italicarum,
1499 1817 1558 1874 sori

87 1911 172 1974 itidem
189 1931 268 1992 quae
281 1913 404 1992 scripsit
421 1912 450 1970 in
471 1909 644 1972 Ciceronem
661 1906 696 1967 de
715 1907 791 1968 044
845 1907 964 1982 plorum
987 1905 1094 1965 bonam
1120 1913 1236 1983 partem
1258 1906 1437 1974 ineditorum
1456 1915 1509 1974 aut
1523 1927 1575 1972 au-

83 2009 151 2080 tore,
172 2025 230 2068 una
253 2023 325 2069 cum
347 2005 488 2066 Oratione
510 2001 548 2062 de
569 2000 710 2070 laudibus
731 2000 792 2060 elo·
845 1997 985 2058 otiorum.
1007 1996 1080 2057 Vide
1101 1997 1169 2074 eius
1190 1999 1340 2078 Epistulas
1361 2000 1398 2061 ad
1432 2001 1569 2063 diversos

84 2103 208 2176 quentiae
230 2097 343 2180 prodiit
363 2099 517 2158 vicentiae
541 2094 629 2156 4470.
646 2090 695 2154 404.
712 2093 791 2153 Soni-
847 2093 864 2152 d
885 2091 1005 2152 Glariss.
1025 2091 1198 2152 christiano
1214 2093 1369 2154 Eorthoito
1386 2103 1493 2174 nepote
1503 2095 1570 2156 'edi-
1609 2113 1616 2128 “

83 2193 129 2269 0444
148 2193 230 2254 etin
254 2192 345 2254 Tullii
376 2187 508 2250 Laelium
534 2195 566 2248 et
594 2185 632 2247 de
658 2184 790 2268 Officiis,
847 2192 914 2258 tas,
938 2192 1011 2244 tom.
1035 2188 1046 2246 4
1074 2203 1101 2264 0.
1126 2186 1192 2247 393.

86 2299 129 2345 040
147 2303 205 2346 400
229 2288 260 2346 in
283 2281 483 2356 Sallustium,
506 2285 534 2341 in
560 2279 677 2358 Lucani.
702 2280 791 2339 Phar·
842 2292 844 2300 ’
885 2277 1076 2352 0444444044,
1098 2280 1241 2341 Sutrinus
1256 2282 1425 2361 Episcopus
1442 2286 1570 2363 scriptor

81 2377 189 2454 saliam,
225 2375 455 2448 renectere.
490 2375 606 2436 Brixiae
639 2373 728 2435 4486.
754 2370 817 2431 de·
850 2371 993 2434 Chronici
1012 2371 1186 2452 Pontificum
1206 2376 1286 2435 llom.
1311 2379 1339 2434 in
1363 2376 1436 2436 Lud.
1469 2377 1569 2444 iacobi

81 2469 177 2547 quibus
198 2471 264 2534 dixi
285 2474 315 2531 in
334 2469 407 2530 Bibh
430 2470 553 2530 Latina:
575 2473 606 2527 44
628 2468 657 2525 40
678 2464 791 2525 Graeca
848 2467 921 2528 Eibi.
944 2454 1095 2534 Pontiirola
1127 2485 1155 2546 p.
1190 2467 1257 2527 408.
1279 2475 1310 2528 44
1332 2470 1411 2548 apud
1430 2471 1569 2531 Vossium

74 2559 105 2624 de
121 2565 154 2624 iis
174 2581 260 2644 quae
282 2581 321 2624 ex
343 2563 457 2624 Graeco
482 2564 584 2622 Latine
617 2558 791 2633 transtulit,
848 2577 915 2639 pag.
936 2560 1005 2626 745.
1026 2560 1043 2619 e
1065 2558 1194 2620 Lelando
1217 2571 1411 2623 memoratur.
1428 2563 1487 2624 Sed
1506 2565 1571 2624 044-

75 2663 102 2715 44
119 2667 239 2736 praeter
280 2659 436 2737 AEsopicas
468 2654 583 2716 fabulas
610 2652 790 2726 nonnullae,
834 2654 895 2716 ,lus
927 2652 1005 2733 apud
1039 2655 1198 2733 Ughellum
1231 2654 1362 2716 Onithus
1384 2664 1405 2715 4.
1429 2660 1440 2718 4
1468 2657 1570 2718 ltaliae

70 2749 192 2816 libellum
212 2751 431 2830 Xenophontis
442 2747 480 2832 04
500 2749 681 2820 venatione,
696 2751 789 2823 atque
848 2763 952 2810 sacrae
964 2749 1043 2808 inter
1052 2748 1195 2809 Sutrinos
1205 2745 1494 2830 80440000404473
1506 2767 1569 2831 seq.

75 2845 99 2903 S.
116 2846 282 2908 Athanasii
304 2844 506 2906 duoscontra
527 2839 642 2901 Gentes
660 2846 692 2898 et
712 2838 793 2899 hae·
887 2841 904 2880 '⁴
926 2841 1003 2914 Quis
1025 2841 1159 2921 proiecto
1180 2841 1254 2903 adeo
1276 2843 1375 2903 hebeti
1393 2851 1440 2905 est
1456 2848 1573 2924 ingenio

20 2993 21 3002 ,
66 2939 189 3017 reticos,
212 2957 283 3019 qua
305 2941 446 2998 versione
469 2934 653 3013 singularem
671 2931 792 2993 laudem
849 2929 964 2997 utnon
988 2935 1137 3014 intelligat
1160 2936 1216 2997 sub
1242 2936 1298 2998 hac
1329 2940 1573 3000 nominis'larva

20 3075 22 3128 l
67 3035 162 3094 tulisse
185 3041 281 3096 notat
302 3033 455 3094 Gesnerns
475 3047 503 3107 p.
526 3027 594 3089 047.
627 3028 792 3088 444400444-
847 3029 1025 3091 delitescere
1048 3029 1226 3090 lionitonem
1250 3028 1305 3092 'seu
1324 3033 1505 3093 bonizonem
1519 3034 1587 3112 Sus

64 3127 256 3208 tarsicius
281 3126 456 3187 Orationes:
479 3131 545 3184 tum
562 3123 737 3182 scansiones
754 3121 793 3180 si·
848 3126 961 3186 trinum
985 3125 1187 3202 Episcopum,
1208 3127 1298 3186 ouius
1318 3126 1483 3188 chronicon
1500 3127 1575 3187 Pon-

20 3269 22 3324 ,
66 3235 97 3278 44
113 3221 240 3282 libellus
259 3219 301 3281 04
314 3226 379 3279 arte
398 3219 522 3278 metrica
539 3215 745 3276 440444494.
765 3215 792 3274 4.
849 3217 964 3279 tifioum
979 3217 1181 3278 Romanorum
1204 3217 1253 3277 vel
1276 3225 1440 3296 praecessit
1457 3222 1504 3281 vel
1529 3223 1575 3280 in-

20 3327 21 3382 ,
96 3311 112 3350 ‘
132 3315 267 3374 Praeter
292 3313 365 3372 haro
385 3311 485 3370 omnia
506 3311 563 3369 viri
586 3308 677 3370 huius
704 3325 794 3386 opera
849 3318 966 3372 sertum
980 3311 1196 3371 e'stGanonum
1213 3312 1382 3373 collectioni
1401 3315 1438 3374 ab
1455 3327 1490 3374 eo
1507 3315 1579 3375 con-

20 3393 22 3474 4
65 3405 235 3470 4444444040
252 3405 393 3466 44040444
415 3411 520 3465 extant
540 3406 630 3464 etiam
646 3400 792 3482 quaedam
851 3405 955 3465 tectae.
978 3405 1053 3466 Vide
1076 3421 1166 3483 supra
1190 3403 1337 3467 BONiZO.

62 3499 121 3561 eius
153 3500 317 3580 epistolae
345 3499 374 3558 44
396 3498 570 3558 collectione
601 3496 794 3576 epistolarum
889 3495 1110 3568 ONNO,rnlra
1130 3495 1244 3559 OUVO.
1344 3555 1346 3562 ,

20 3611 22 3700 j
63 3591 159 3654 44400.
195 3590 332 3655 Barbari
363 3592 401 3652 ab
432 3592 500 3653 Em.
533 3589 621 3652 Gard.
652 3590 729 3668 ung.
758 3591 796 3649 44.
864 3590 1080 3654 chorales
1115 3592 1281 3652 Sterculus
1317 3591 1354 3658 de
1389 3591 1574 3654 visdominis

60 3683 179 3756 Quirino
220 3686 385 3749 adornata.
418 3685 465 3746 Ex
486 3685 610 3764 epistola
638 3684 696 3744 ⁴26
723 3683 795 3744 ibid.
850 3687 1061 3762 Florentinus,
1085 3689 1341 3765 Augustinianus,
1372 3703 1408 3747 ea·
1440 3683 1561 3747 Volater

61 3775 182 3856 4404004
208 3781 255 3841 ab
280 3779 450 3840 Omnibono
470 3795 507 3839 ex
529 3777 746 3839 Tarvisiodata
760 3776 796 3838 Α.
838 3799 925 3843 4400
946 3782 983 3842 ab
1001 3781 1035 3841 Α.
1053 3780 1141 3842 4384.
1159 3782 1306 3859 Episcopo
1327 3773 1496 3860 Episcopus
1511 3782 1575 3841 440-

63 3873 127 3936 4444
155 3875 324 3936 discimus
346 3875 444 3946 virum
468 3872 548 3934 huno
568 3879 633 3932 tum
652 3876 796 3949 juvenem
853 3877 994 3936 rentinus
1025 3873 1062 3935 ab
1094 3863 1130 3934 Α.
1159 3875 1246 3936 4390.
1268 3875 1304 3934 40
1328 3873 1411 3936 4400.
1437 3876 1575 3956 Denique

20 3977 22 4072 Ι
61 3969 234 4029 stadiorum
262 3983 391 4028 suorum
415 3967 749 4045 tyrociniumposuisse
767 3967 796 4024 in
852 3972 1020 4050 Episcopus
1050 3966 1227 4046 designatus
1257 3969 1480 4030 comacliensis·
1500 3970 1574 4029 obiit

20 4081 22 4132 4
56 4057 212 4142 descpicis
242 4061 382 4123 Fabetlis
407 4061 542 4121 edendis.
569 4061 647 4121 Cum
668 4077 741 4120 vero
761 4059 796 4122 Α.
852 4063 887 4125 Α.
911 4064 999 4126 4403.
1021 4062 1062 4123 ue
1084 4077 1118 4122 eo
1140 4061 1285 4141 Ughellus
1318 4069 1389 4122 tom.
1413 4064 1431 4122 3
1453 4081 1481 4142 p.
1504 4063 1574 4124 460.

20 4151 22 4214 Ι
62 4155 127 4217 4444
155 4159 188 4217 40
216 4157 340 4218 aetatis
361 4157 474 4233 egerit,
498 4161 531 4217 ut
551 4159 654 4234 posset
676 4154 798 4234 Aesopi·
853 4175 916 4237 seq.
940 4165 1012 4218 tom.
1035 4159 1047 4218 4
1074 4173 1140 4235 pag.
1163 4156 1250 4217 4457.
1273 4162 1304 4215 44
1325 4163 1346 4215 t.
1368 4159 1387 4218 2
1409 4173 1475 4236 pag.
1503 4156 1571 4218 484.

57 4263 101 4308 cas
135 4251 285 4312 tabellas
318 4265 355 4308 ex
389 4249 503 4308 Graeco
524 4249 615 4324 dare,
637 4249 689 4308 vir
709 4239 798 4308 credo
853 4268 917 4329 seq.
937 4250 1008 4312 edit.
1030 4265 1146 4324 novae,
1168 4249 1266 4311 lulius
1288 4250 1376 4328 Niger
1397 4253 1426 4310 iu
1449 4251 1575 4312 historia

58 4342 142 4403 444440
166 4343 354 4422 producere
375 4342 508 4419 potuisse
520 4357 615 4419 usque
627 4340 796 4402 adhnnum
853 4349 1032 4424 scriptorum
1065 4344 1260 4404 Florentinor.
1283 4359 1348 4423 pag.
1370 4345 1437 4406 435.
1461 4347 1499 4406 Et
1520 4364 1573 4406 au-

58 4433 141 4498 4444.
164 4447 256 4499 tunc
283 4439 365 4496 enim
392 4436 491 4495 *vitam
523 4436 592 4513 plus
624 4423 713 4495 nimis
734 4433 797 4494 lon·
851 4447 916 4500 otor
937 4437 1075 4499 Chronici
1107 4437 1366 4516 Oldenhurgensis
1399 4438 1477 4518 apud
1506 4439 1574 4498 4444-

58 4529 240 4612 00400440
270 4536 379 4608 posset
399 4527 483 4588 credi
514 4535 712 4613 prorogasset.
739 4529 794 4588 04-
852 4533 984 4594 homium
1007 4541 1079 4611 tom.
1099 4533 1117 4592 4
1135 4535 1275 4611 scriptor.
1294 4533 1395 4592 Germ.
1418 4549 1483 4612 pag.
1506 4529 1574 4591 467.

57 4619 92 4683 044
113 4629 258 4705 insuper
284 4623 474 4682 Omnibonus
492 4621 708 4708 Grammatices
726 4637 795 4680 erre·
850 4630 901 4706 qui
921 4633 1005 4687 notat
1020 4623 1116 4686 multo
1134 4643 1201 4686 eum
1215 4625 1305 4704 dipnn
1323 4622 1484 4705 confecisse
1501 4635 1575 4701 opu-

20 4751 22 4814 0
58 4715 206 4794 finio,
249 4731 337 4796 quae
364 4715 495 4796 iunctim
528 4733 597 4780 cum
630 4712 726 4775 libello
758 4715 794 4776 de
850 4719 955 4794 40044,
990 4720 1064 4780 4044
1097 4717 1305 4800 Apostolorum
1340 4717 1569 4796 interpretatum

20 4843 22 4944 Ι
56 4821 113 4876 orte
133 4815 288 4877 metr-ica
309 4809 402 4870 babeo
425 4811 569 4889 impressa
586 4809 738 4871 4404044440
756 4811 791 4870 Α.
850 4833 930 4890 esse,
958 4832 1049 4896 snper
1075 4813 1245 4892 0044044444
1265 4810 1373 4892 4404444
1392 4815 1570 4871 commenta-

20 4949 22 4988 ,
61 4907 129 4969 44044
151 4929 194 4971 ex
221 4905 412 4970 recensione
441 4905 591 4966 Francisci
613 4905 718 4965 4444444
739 4906 795 4966 Eo·
851 4910 933 4984 4404,
956 4915 985 4970 44
1001 4909 1173 4969 innumeros
1189 4903 1321 4967 odidr'roe
1340 4911 1400 4966 tun
1421 4903 1463 4966 00
1478 4921 1574 4986 popu·

58 5001 144 5079 diaui,
166 5007 258 5068 alias
287 4997 524 5064 Ernodorum*
1495 4985 1498 4996 '
1598 5021 1601 5026 ·
