3622 5406
746 186 966 251 PETRUS
1550 191 1610 256 243

100 289 230 356 denote.
250 293 298 354 iix
322 291 459 370 hisquos
471 299 616 372 quotuor,
628 309 687 353 non
699 292 832 374 quinque
928 297 1073 360 PETiiUS
1093 295 1129 357 de
1148 294 1340 359 columbario
1361 314 1473 377 supra,
1492 314 1521 377 p.
1536 299 1610 362 233.

98 387 262 448 Mauricius
283 385 469 463 scripserat,
491 383 672 446 iibrcsduos
685 387 831 464 primores
885 389 995 452 Petrus
1018 390 1209 458 bermundus
1231 393 1347 452 iunior.

96 476 248 539 4444444444
265 473 432 556 nefandam
456 481 569 540 sectum
596 479 831 540 Saracenorum
926 484 1072 545 PETiiUS
1090 484 1262 558 comestor,
1282 501 1372 564 supra
1392 492 1414 544 4.
1430 487 1457 550 4.
1473 503 1501 564 4.
1521 483 1590 546 373.

98 589 138 633 ex
157 573 309 632 4444444444.
324 568 433 632 Codice
448 569 695 648 Aequicipctensi
708 616 715 631 .
728 578 832 634 444444-
924 577 1071 639 PETRUS
1091 575 1127 636 de
1149 575 1276 638 Coudeto
1303 579 1473 638 Canonicus
1495 579 1524 636 in
1548 593 1611 638 mc-

99 665 142 724 ris
164 677 242 724 aero
262 667 387 722 exareto
408 661 504 722 edidit
524 661 831 724 Edmundusbiarte·
885 672 1016 731 nasterio
1049 673 1081 730 B.
1113 672 1220 734 4444444
1241 669 1278 730 44
1303 669 1414 747 cagia,
1436 669 1608 730 dioeceseos

99 773 139 816 nc
163 765 238 814 44444.
259 755 279 814 2
303 761 530 818 monumentor.
554 755 643 816 4421.
665 756 830 834 praemisse
884 761 1045 822 Meldensis
1078 761 1164 822 4444
1196 761 1283 823 tiso.
1307 760 1384 821 idem
1408 762 1534 822 44444444
1557 762 1610 838 qui

100 848 235 927 Epistola
258 848 367 908 PETRI
386 845 832 926 Pitfflvt'etttit‚eiargumen²
885 853 1123 916 Archidiaconus
1152 853 1260 914 deinde
1295 855 1543 927 Suessionensis,
1578 859 1610 913 44

99 943 141 1002 444
161 941 364 1020 capitulorum
383 939 450 1002 libri
476 957 534 1000 nou
558 938 649 1002 modo
681 943 768 1019 primi
799 947 831 1002 ot
885 951 974 1028 Regis
994 949 1174 1009 Francorum
1196 948 1377 1025 Capelianus
1392 947 1458 1006 sive
1473 947 1608 1008 Clericus

97 1033 243 1110 44444444,
264 1031 330 1094 sed.
346 1034 427 1092 tertii
438 1048 559 1112 quoque
573 1039 604 1093 44
620 1035 832 1112 44444444,41404
885 1042 942 1102 44.
964 1039 1043 1100 4294
1066 1041 1154 1102 1298.
1176 1039 1251 1118 Ejus
1284 1037 1449 1119 Epistulam
1469 1038 1507 1098 44
1528 1039 1609 1099 Prio-

99 1142 191 1188 444444
210 1125 311 1187 adhuc
331 1125 361 1186 iu
384 1123 484 1186 lucem
507 1127 643 1203 protulit.
667 1126 829 1188 Profitetur
885 1149 948 1194 rem
970 1131 1008 1192 de
1029 1132 1201 1212 Argentoiio
1228 1131 1321 1193 edidit
1351 1131 1516 1194 Dacheriue
1535 1137 1557 1190 4.
1579 1131 1608 1192 2.

100 1220 302 1280 Pictaviensis
323 1233 356 1278 ss
374 1219 403 1277 in
429 1217 641 1280 transterendc
673 1219 829 1280 41444444
884 1224 1027 1304 spicilegii
1050 1242 1078 1303 p.
1101 1227 1170 1286 444.
1192 1224 1272 1302 (edit.
1295 1239 1393 1286 novae
1411 1231 1432 1284 4.
1448 1226 1476 1284 3.
1487 1241 1516 1303 4.
1528 1223 1608 1298 664.)

99 1315 215 1374 40044444
238 1312 332 1374 fuisse
353 1311 464 1372 PETRI
474 1307 617 1374 40444944
635 1317 666 1370 ei
683 1311 825 1372 440444444-
883 1343 886 1350 ’
923 1319 1070 1380 PETiiUS
1089 1315 1182 1380 Crool
1196 1317 1299 1378 4141444
1317 1318 1551 1390 lemovicensis,
1569 1333 1608 1378 44

100 1407 138 1466 ut
160 1403 371 1466 Archidieconi
393 1411 499 1482 postea
522 1405 767 1484 Pampilinensis.
882 1411 972 1490 cujus
994 1409 1146 1474 Chronica
1165 1411 1197 1472 s.
1229 1409 1362 1472 4144444444·
1390 1408 1618 1470 Lemouiceusis'

139 1500 303 1562 8444444444
314 1497 371 1557 111.
394 1496 431 1558 de
452 1495 543 1564 laude
561 1496 715 1576 sepulchri
729 1497 829 1558 Domi·
882 1505 997 1566 4444.
1022 1505 1107 1566 1266.
1130 1504 1275 1565 nonnulla
1297 1502 1435 1582 producit
1462 1503 1605 1563 Beluzius

99 1595 151 1667 ni,
171 1591 211 1653 de
234 1593 268 1654 S.
289 1589 429 1652 hiarceilo
450 1592 528 1668 Papa
549 1597 581 1650 et
613 1593 767 1668 Martyrc,
796 1599 828 1652 et
883 1605 956 1658 tom.
977 1597 1025 1657 vi.
1047 1597 1130 1656 44444.
1150 1613 1217 1675 pag.
1240 1595 1309 1654 369.
1332 1595 1401 1656 374.

99 1684 827 1762 444444441444444414444444444,4444444114444444-
920 1689 1069 1750 PETRUS
1089 1686 1126 1748 cle
1148 1685 1304 1764 Corbolio,
1326 1689 1447 1748 Parisiis
1477 1686 1604 1747 Theolo-

99 1778 140 1838 dc
159 1777 348 1855 4444144444
369 1778 503 1855 acceptis
523 1778 683 1854 referimus
702 1787 773 1839 tom.
801 1779 825 1838 V
879 1784 958 1862 giam
980 1781 1101 1856 docuit,
1123 1779 1172 1841 ubi
1196 1780 1274 1840 inter
1294 1779 1447 1840 auditores
1464 1779 1606 1840 444444144-

99 1871 235 1932 thesauri
257 1865 471 1930 anecdotorum
493 1886 561 1948 pag.
583 1871 670 1931 4443.
687 1872 728 1932 Et
755 1868 825 1949 Epi·
879 1875 944 1936 huit
964 1875 992 1950 4)
1013 1871 1403 1951 444444444444444444444,
1421 1873 1473 1950 qui
1501 1878 1606 1950 postca

98 1960 193 2024 stolas
210 1961 343 2042 quinque
363 1969 435 2025 tom.
459 1964 470 2022 4
497 1961 659 2023 anecdotor
675 1979 742 2042 pag.
755 1963 822 2022 496.
879 1968 1074 2027 Innocentius
1104 1964 1156 2030 111.
1188 1967 1285 2043 Papa:
1312 1965 1359 2025 Eu
1389 1966 1549 2026 Parisicnsi
1571 1965 1604 2022 B.

98 2072 163 2134 seq.
184 2054 256 2116 416.
278 2057 359 2116 44444
379 2055 457 2116 41444
474 2052 553 2116 duos
570 2055 737 2122 41444114444
755 2064 776 2116 t.
805 2059 824 2117 3
878 2061 986 2121 4144444
1005 2059 1155 2119 Canonico
1173 2063 1204 2116 et
1221 2056 1377 2134 designato
1392 2056 1603 2118 cameracensi

100 2149 242 2210 4441444.
263 2164 329 2226 444.
353 2149 421 2208 484.
442 2147 523 2226 (edit.
547 2147 643 2210 4444444
660 2149 823 2228 4441149.)
879 2154 1045 2230 144444444,
1069 2149 1137 2210 4444
1158 2151 1238 2209 44444
1260 2149 1318 2208 44.
1342 2147 1603 2226 4209444144444·

103 2242 235 2304 Carmen
251 2238 287 2300 de
304 2245 418 2301 uirtute
439 2240 518 2320 quod
541 2243 663 2321 incipit:
685 2239 826 2302 Destituit
880 2261 991 2324 scopus
1013 2243 1219 2314 Senonensis‚
1241 2240 1321 2300 diem
1344 2241 1417 2301 obiit
1438 2241 1495 2301 An.
1517 2240 1608 2302 4222.

102 2339 203 2394 terras
219 2329 309 2392 decus
328 2330 432 2408 Orbis,
462 2331 564 2410 pluria
584 2349 690 2394 rerum
714 2334 823 2395 Virtus
882 2338 982 2396 Totum
995 2333 1167 2416 Apostolum
1179 2335 1245 2393 sive
1257 2333 1510 2412 omnes-Apostoli
1523 2332 1608 2396 Pauli

100 2429 251 2488 1444444444.
274 2428 304 2485 44
336 2426 473 2488 biblioth.
502 2427 625 2487 Paulina
658 2429 822 2507 Lipsiensi,
879 2429 1032 2508 Epistolas
1064 2423 1209 2505 exposuit
1239 2423 1391 2486 subtiliter
1412 2431 1442 2486 et
1470 2425 1608 2504 copiose,

99 2527 177 2580 teste
214 2518 317 2580 touch.
354 2519 470 2580 Feliero
502 2536 568 2599 pag.
590 2519 659 2580 299.
692 2521 823 2580 Carmen
878 2520 1021 2602 oppositis
1041 2519 1095 2581 SS.
1131 2521 1257 2578 Petrum
1279 2517 1431 2577 sententiis
1453 2517 1525 2578 locis
1545 2517 1608 2578 sin·

99 2609 266 2674 deritibus
289 2610 401 2672 44444444
422 2610 502 2688 quod
523 2611 581 2672 sub
603 2614 723 2673 nomine
743 2615 825 2674 4144-
876 2610 957 2694 444414
988 2608 1251 2682 conuenientibus,
1276 2615 1309 2670 ut
1339 2612 1430 2670 testis
1463 2609 1610 2670 henricus

99 2703 822 2785 riciisubjunriprimeeeditionihihliographiue
877 2705 1088 2767 Gandavensis
1109 2721 1177 2782 444.
1199 2703 1248 2764 33.
1285 2703 1383 2763 Etiam
1413 2703 1609 2780 manuscripti

96 2799 287 2876 antiquariae
306 2797 410 2858 44444444.
439 2796 528 2858 1743.
556 2796 585 2858 4.
617 2804 721 2876 postea
747 2800 822 2858 satis
877 2800 1015 2860 teruntur
1031 2800 1059 2856 in
1076 2797 1169 2856 variis
1183 2795 1296 2856 Galliae
1318 2793 1509 2858 bibliothecis
1520 2794 1610 2855 Com·

95 2894 229 2969 comperi
251 2897 405 2952 auctorem
423 2889 534 2950 habere
552 2891 820 2958 astutissimus
878 2891 1016 2951 4444444444
1034 2889 1103 2966 ejus
1118 2889 1149 2948 in
1166 2885 1360 2961 Psalterium
1374 2897 1402 2948 et
1415 2886 1609 2964 Quaestionem

97 2983 415 3056 Cennmmenensem,
438 2989 472 3044 ut
493 2982 523 3042 in
541 2983 633 3061 44444.
649 2982 685 3043 44
705 2989 821 3044 tomum
876 2981 1035 3046 8444444444
1067 2997 1105 3043 444
1137 2981 1251 3060 quihus
1283 2981 1383 3058 aliqua
1416 2981 1530 3059 4444444
1563 2979 1607 3040 44.

97 3082 223 3136 sextum
245 3075 321 3136 444141.
339 3073 453 3134 Graeco
474 3089 542 3154 sum
561 3075 726 3152 protessus
741 3075 820 3135 Petri
876 3075 1031 3155 LauncJus
1053 3075 1091 3136 de
1114 3073 1227 3134 scholis
1248 3071 1473 3133 celebrioribus·
1487 3090 1517 3151 4.
1537 3072 1609 3134 229.

96 3165 310 3229 Cluuiacensis
327 3163 450 3227 4444444444
477 3166 512 3230 de
536 3166 685 3246 sacrificio
711 3169 821 3229 4144444
874 3175 905 3228 44
926 3169 963 3227 44
984 3169 1128 3228 unctione
1152 3165 1343 3226 infirmorum
1368 3181 1437 3243 pag.
1458 3163 1506 3224 26.

95 3268 166 3336 post
189 3259 619 3338 Hildeberlumetiiupertum
631 3262 818 3322 Tuitienscm
914 3261 1053 3338 Magister
1074 3257 1222 3318 Pennus
1255 3255 1291 3317 de
1326 3253 1497 3318 Corbuitb.
1528 3255 1608 3334 apud

93 3351 197 3437 editus
218 3359 268 3412 est
289 3353 319 3412 in
336 3351 467 3414 editione
484 3352 818 3414 Romanatlibrorumde
873 3353 1044 3414 hibericum
1067 3365 1134 3427 pag.
1155 3347 1224 3408 4445.
1246 3349 1376 3424 (4444444
1397 3348 1434 3406 44
1457 3345 1604 3409 0444444444

92 3445 269 3508 Catholicae
290 3445 444 3506 Ecclesiae
464 3445 570 3506 44144444
584 3461 619 3506 44
634 3445 817 3517 ministeriis,
874 3465 900 3526 4,
926 3444 1007 3517 449.)
1029 3441 1079 3503 uir
1101 3457 1156 3502 suo
1178 3444 1309 3519 tempore
1337 3440 1606 3512 nominatissimus,

93 3539 188 3600 44494.
208 3537 257 3598 444.
279 3539 362 3597 etin
385 3543 465 3596 tomo
481 3535 598 3598 decimo
615 3537 753 3600 1444144444.
767 3539 819 3597 Pn-
875 3538 957 3599 idem
979 3551 1050 3597 cum
1072 3534 1249 3612 superiore,
1265 3532 1323 3609 -444
1346 3531 1479 3591 Thomas
1506 3529 1608 3591 4144444-
1712 3603 1713 3606 ¹

92 3637 180 3692 trum
198 3631 290 3690 Paris.
311 3629 400 3690 1644.
874 3637 999 3710 pratens
1020 3627 1134 3688 dicitur
1146 3628 1184 3687 41.
1205 3623 1318 3684 Petrus
1335 3621 1371 3684 de
1388 3620 1523 3684 Corbocl.
1536 3625 1607 3684 Vin·

132 3721 285 3786 PETliUS
301 3716 485 3797 0144444444,
501 3737 592 3800 supra
611 3725 718 3784 Petrus
737 3720 819 3783 Calo.
875 3725 974 3784 centio
996 3720 1204 3782 bellovacensi
1227 3717 1276 3778 cir
1307 3713 1537 3778 inaestimabilis
1559 3713 1607 3775 lit-

132 3815 287 3878 PETiiUS
298 3813 473 3893 Apollonius
486 3812 634 3876 Gollntius
645 3815 743 3896 Supra
757 3821 779 3877 t.
793 3817 821 3876 4.
877 3820 1044 3877 moturae.

3 3935 4 3942 ¹
89 3925 163 3989 444.
183 3909 252 3970 344.
915 3907 1064 3970 PliTiiUS
1093 3902 1241 3968 Coscinus
1275 3907 1343 3964 sive
1373 3900 1409 3963 de
1446 3901 1604 3977 Corsinis,

131 4001 289 4063 PETRUS
317 3997 354 4059 de
375 3997 456 4061 Colle
488 4002 692 4074 Teutonicus,
718 4001 821 4064 044444.
875 4005 1073 4064 Decretcrum
1094 4001 1204 4059 Doctor
1225 4003 1257 4058 44
1274 4013 1311 4058 ex
1328 3997 1523 4057 Volaterrano
1540 3995 1607 4055 Flo·

3 4125 4 4152 i
88 4097 202 4158 144444.
223 4095 276 4172 qui
298 4092 433 4154 Concilio
459 4095 622 4156 basileensi
654 4093 711 4154 44.
734 4096 822 4155 4440.
877 4097 1015 4156 44444444
1035 4093 1120 4154 urhis
1144 4092 1260 4154 Patriae
1283 4088 1400 4150 414444.
1423 4089 1606 4168 13611444-

3 4181 4 4202 ¹
88 4187 254 4262 interluit,
272 4192 305 4247 et
320 4201 390 4248 curn
409 4187 437 4246 in
456 4203 491 4247 eo
513 4187 607 4254 multe
629 4187 823 4265 disputasset,
877 4203 987 4267 scopus
1007 4192 1038 4246 44
1060 4183 1228 4247 Cardinalis
1250 4183 1426 4244 Portuensis
1447 4199 1483 4243 ac
1500 4181 1532 4242 S.
1546 4183 1607 4242 iiu-

3 4553 5 4584 4

3 4587 5 4634 4

88 4281 230 4358 denique
251 4295 308 4358 444
328 4281 507 4340 auctoritato
524 4279 647 4341 Concilii
662 4279 822 4342 concludit.
879 4281 979 4356 144444,
999 4280 1053 4356 qui
1079 4293 1149 4339 cum
1179 4276 1338 4337 Clemente
1365 4276 1427 4336 Vll.
1448 4277 1605 4352 anti-Papa

88 4373 173 4434 Vide
196 4369 396 4432 trithemium
417 4369 456 4432 44
477 4369 627 4434 sideribus
647 4371 824 4434 Germaniae
879 4375 948 4435 iecit
967 4378 1073 4434 contra
1107 4369 1259 4431 Urbanum
1291 4369 1340 4430 vi.
1369 4367 1513 4446 diemque
1532 4367 1605 4427 obiit

87 4483 161 4548 esp.
187 4465 256 4526 177.
277 4463 368 4526 etde
393 4464 590 4542 scriptoribus
622 4466 736 4526 Eccles.
758 4483 823 4545 444.
879 4475 936 4528 44.
961 4465 1050 4526 libb.
1072 4463 1146 4524 Vide
1168 4463 1325 4524 Baluzium
1348 4461 1387 4522 ad
1409 4464 1504 4538 Papus
1525 4458 1606 4519 444-

89 4563 167 4623 794.
193 4558 496 4630 uhietOuaestiones
512 4557 579 4636 ejus
597 4559 626 4618 in
645 4559 735 4620 libros
749 4561 825 4621 Sen·
881 4562 1042 4620 nioneuses
1063 4564 1133 4617 tom.
1159 4559 1186 4618 4.
1209 4571 1275 4634 pag.
1300 4553 1388 4616 4949.
1410 4567 1476 4629 seq.
1491 4554 1522 4608 44
1538 4550 1606 4608 Dia·

88 4654 274 4726 tenuatum,
290 4651 496 4712 etSermones
514 4653 587 4713 varii
610 4661 825 4715 memorantur.
879 4654 957 4712 rium
979 4649 1166 4711 eruditorum
1189 4649 1293 4708 1444444
1315 4653 1389 4705 tom.
1413 4643 1464 4703 lx.
1486 4658 1516 4719 4.
1537 4641 1602 4700 147.

87 4750 154 4810 ricc
181 4745 266 4824 41444
289 4741 478 4822 Waddingus
500 4762 567 4824 pag.
592 4745 661 4808 179.
880 4747 1002 4806 Praeter
1032 4740 1183 4821 Epistolas
1204 4759 1242 4802 ex
1275 4736 1387 4814 quihus
1421 4734 1545 4794 brevem
1567 4732 1604 4792 44

134 4865 167 4925 ι)
189 4863 298 4912 liccem
315 4860 346 4910 44
367 4864 442 4912 henr.
460 4861 647 4916 thmuiensem
663 4873 719 4925 444.
731 4863 833 4916 44044-
878 4861 954 4913 41444
972 4867 1035 4911 tom.
1052 4859 1137 4922 tpsg.
1149 4857 1189 4907 44.
