3368 5362
99 203 157 268 on
657 197 897 263 orurrcr
932 195 1043 261 unu.

366 360 441 420 spx
462 358 554 420 mom
1115 296 1340 360 Aristocrotr'u.

143 466 461 533 Adminislruudurum
502 466 814 548 Pemmpublr'curum.
907 492 1075 570 optimates
1095 489 1189 551 cives
1213 487 1344 561 popm,
1377 495 1408 549 „t
1434 490 1540 551 Lappa,

102 566 173 626 Trer
193 562 234 624 ud
252 562 415 629 iristitiam,
437 570 465 622 et
488 566 549 622 tres
566 560 608 621 ud
624 563 814 647 lrrjustitium.
868 602 1010 660 monum,
1030 593 1061 645 ,p
1082 586 1288 643 pomam„
1308 586 1423 643 papum
1439 585 1541 646 &nm

136 684 304 747 lllonarcliia
324 683 441 762 justum
463 684 618 759 Regnum,
645 684 691 742 cui
723 700 814 759 oppo-
866 680 998 751 Quorum
1020 681 1164 756 optimam
1189 677 1324 752 politiam
1347 686 1442 736 nostra
1463 695 1490 737 ac
1510 698 1541 739 ae

97 779 153 838 sita
175 787 222 836 est
243 778 401 854 Tyrannis
418 775 611 835 Aristocratia
626 777 812 851 optimatum
868 782 928 833 tate
951 775 1053 832 lleneti
1076 789 1128 848 per
1150 771 1292 844 ltaliam3
1311 769 1369 831 Sed
1384 772 1444 830 aliis
1458 774 1544 850 postia

97 875 290 942 Potentntus,
311 871 358 929 cui
385 870 532 928 contraria
564 876 611 927 est
644 869 811 946 Oligarclria
867 865 936 926 bitis
956 866 1095 925 omnibus
1115 865 1272 935 externis,
1296 881 1355 923 una
1384 865 1454 922 inter
1477 866 1545 942 lllyri-

97 981 257 1045 paucorum
277 962 441 1024 violentum
460 959 633 1039 Imperium.
654 962 811 1023 llemoora·
867 977 919 1021 cos
955 959 1198 1039 llbagusaeorum
1232 955 1351 1017 Civitas
1382 957 1546 1019 laudatissime

97 1062 136 1119 tia
159 1057 257 1137 populi
279 1057 354 1116 bene
375 1055 812 1136 administrantispotentatus,
867 1060 979 1115 servat.

96 1155 145 1215 cui
181 1151 315 1230 opposita
353 1156 400 1209 est
436 1147 623 1209 Oclrlocrutia
658 1149 814 1228 imperitae

96 1245 201 1308 turbae
222 1243 379 1304 temeraria
401 1247 547 1319 potestas·
1131 1208 1317 1291 Olt'yssrcdr'a.

363 1424 549 1489 dlouorcdr'o.
909 1429 1072 1489 Paucorum
1091 1427 1210 1487 Civium
1231 1427 1262 1486 in
1280 1425 1362 1488 Urbe
1379 1427 1503 1505 regimen,
1515 1424 1548 1483 vel

867 1519 1052 1593 dominium,
1074 1526 1106 1580 ut
1138 1521 1333 1593 Decemviri,
1366 1522 1416 1598 qui
1445 1522 1470 1577 in
1496 1517 1550 1578 Urbe

138 1617 280 1693 Princeps
301 1629 381 1675 unus
403 1614 432 1673 in
455 1615 524 1674 orbe
545 1614 663 1690 bonus,
686 1622 718 1676 ut
741 1616 816 1678 Cuc-
868 1613 989 1691 perinde
1010 1631 1045 1674 ac
1066 1612 1275 1690 Tyrannidem
1299 1616 1493 1691 magistratum
1519 1628 1552 1687 ge

97 1728 165 1783 sar,
188 1709 235 1768 vel
256 1709 431 1784 Augustus,
455 1709 505 1787 qui
530 1724 567 1767 es
590 1707 655 1784 lege
676 1716 707 1767 et
728 1710 759 1769 S.
780 1710 814 1771 C.
868 1726 933 1767 rere
953 1706 1198 1779 contendebant,
1220 1713 1255 1765 ut
1278 1709 1444 1776 Bononiae,
1462 1715 1489 1765 rt
1513 1703 1551 1763 Ge

97 1803 329 1872 Plebisvescito,
349 1807 381 1859 et
401 1801 521 1862 Tribuni
551 1807 717 1878 potestate,
751 1818 813 1862 ma·
866 1819 943 1863 nune
965 1810 1067 1861 nostro
1087 1817 1164 1860 aevo
1187 1816 1280 1876 saepe
1303 1800 1436 1861 nonnulli
1453 1799 1550 1860 audaces

97 1897 271 1979 gistratibus
285 1895 370 1953 bonis
388 1895 575 1972 provincias,
591 1910 741 1971 regnaque
760 1911 812 1972 per
866 1898 1020 1973 insurgere
1042 1901 1191 1955 conantur
1213 1910 1281 1954 suis
1302 1911 1374 1956 oum
1392 1893 1550 1955 sectatoribus

99 1992 198 2052 orbem
221 1987 374 2048 moderare
395 1986 560 2059 curabant,
583 1994 614 2047 ut
637 1986 722 2046 bodie
753 1990 814 2048 Fri·
867 1991 968 2052 Cives.

98 2087 217 2147 dericus
237 2082 412 2159 designatus
433 2082 597 2158 lmperator
628 2082 656 2139 in
690 2081 812 2142 Germa·
1127 2078 1337 2143 Democritio

99 2181 156 2238 nia.
178 2178 237 2237 llec
259 2192 316 2233 non
339 2177 368 2233 in
390 2174 501 2245 Gallia,
522 2181 553 2232 et
574 2175 743 2233 Britannica
765 2174 814 2234 ln-

99 2270 163 2331 sula
201 2268 346 2336 Carolus,
381 2273 412 2325 ct
453 2267 599 2326 llenricus
634 2266 812 2326 nobilissimi
906 2267 1027 2344 Populi,
1049 2267 1554 2347 ldunicipumquomirtuminciri

97 2365 212 2442 Reges:
236 2377 290 2421 sua
311 2361 423 2438 quique
446 2361 545 2436 llegna
567 2361 678 2436 optime
711 2367 813 2419 nostro
867 2368 928 2421 tate
947 2360 1157 2436 Principatum,
1176 2369 1211 2421 ut
1229 2363 1435 2424 Athenienses
1450 2376 1554 2424 servasse

97 2473 172 2517 auro
193 2457 280 2531 [legia
300 2461 445 2532 potestate
463 2453 640 2530 gubernant.
658 2452 714 2511 Sed
732 2470 814 2531 prae·
868 2457 1079 2532 comperimus.
1097 2454 1293 2533 Quamquam
1310 2473 1514 2534 saepenumero
1526 2470 1555 2530 pe

98 2552 208 2611 clarius
230 2546 314 2607 bodie
337 2547 510 2625 dlplionsus
532 2547 662 2623 inclytus
685 2547 732 2606 ille
753 2549 814 2608 du·
866 2548 950 2609 rinde
970 2565 1005 2608 ac
1033 2548 1284 2609 Aristocraticum
1316 2559 1479 2628 opportune
1505 2547 1555 2624 opti·

98 2646 199 2704 suniae
220 2645 281 2701 ller
303 2643 539 2700 Turaeonensem
567 2641 736 2715 Hispaniam
759 2643 814 2700 lla·
868 2661 949 2703 mum
963 2641 1207 2719 Areopagitarum
1220 2644 1392 2705 Consilium
1402 2644 1552 2704 habuissent

98 2738 233 2812 learum,
267 2736 501 2811 Sicanorumque
539 2734 678 2807 lusulus,
717 2733 813 2793 duso·
867 2736 957 2796 llodie
979 2752 1050 2794 vero
1070 2752 1107 2796 er
1127 2737 1209 2795 ltalis
1228 2737 1381 2798 Florentia
1401 2741 1427 2797 in
1447 2736 1552 2803 Thumi,

97 2828 812 2908 uiamquesuapraeclarissimallegnainsigniter
868 2831 895 2889 in
919 2831 1025 2889 Piceno
1053 2837 1153 2889 autem
1189 2829 1320 2905 llncon,
1355 2841 1387 2892 et
1422 2832 1554 2890 liiciuatun

98 2930 256 3004 propagata
277 2922 443 2999 gubernat3
466 2921 599 2997 Eugenio
624 2921 692 2999 Opt.
724 2921 815 2981 llari·
867 2923 987 2985 Coloniu
1008 2939 1130 2983 servare
1151 2924 1318 2995 videntur,
1340 2934 1373 2986 et
1395 2927 1448 2986 bae
1467 2920 1554 3002 quiden

97 3034 206 3094 moque
226 3023 380 3076 annuente
408 3014 565 3084 Pontifice,
596 3017 646 3092 qui
678 3018 814 3078 sanctius
867 3018 944 3078 alma
968 3017 1025 3077 sub
1045 3018 1197 3078 Pontillcia
1219 3019 1274 3078 Dei
1298 3020 1415 3082 Picaria
1443 3022 1555 3100 potesutr

95 3113 212 3173 Divinis
233 3107 309 3187 juris
331 3109 433 3169 ordino
457 3108 643 3170 Christicolis
664 3115 726 3168 toto
742 3110 814 3171 orbo
868 3118 1038 3191 protectae,
1059 3118 1089 3171 et
1112 3111 1286 3173 moderatae
1308 3120 1396 3175 sunt.

96 3205 224 3284 imperat
241 3204 401 3265 universis.

1128 3295 1337 3362 chlocrutio.

379 3387 532 3468 Tyrorrurs.

908 3486 1005 3548 Plebis
1026 3484 1182 3560 Urbanas,
1204 3486 1367 3548 Turbaeve
1382 3483 1553 3549 multorunir

136 3580 282 3658 Principis
304 3578 395 3640 unius
416 3578 445 3636 in
469 3577 570 3652 llrbe,
592 3578 731 3654 llegnore
762 3574 814 3636 do·
867 3579 996 3642 Ciuitate
1018 3581 1208 3653 Cominium,
1231 3587 1266 3639 ut
1287 3582 1316 3639 in
1352 3583 1428 3643 Urbe
1456 3574 1554 3659 quande

99 3675 242 3734 minatio:
264 3680 298 3733 ut
319 3674 447 3733 Athenis
480 3673 684 3750 Pysistratus,
707 3678 738 3731 et
758 3673 814 3749 Sy·
867 3690 926 3752 que
948 3693 964 3733 a
989 3673 1127 3733 Patribus
1148 3681 1307 3752 segregata
1332 3676 1438 3753 Plebs,
1456 3674 1552 3734 concite

98 3768 213 3828 racusis
231 3768 414 3843 Dionysius,
435 3767 485 3843 qui
504 3766 637 3838 fortiter,
654 3765 719 3824 sine
735 3764 814 3841 lege,
870 3782 906 3826 vc
928 3766 1070 3827 Tribunis
1090 3783 1128 3824 cx
1158 3767 1274 3843 impetu
1307 3768 1500 3830 multitudinis
1522 3776 1552 3819 ee

97 3859 232 3920 absoluta
254 3866 401 3938 potestate
433 3860 550 3938 populis
586 3859 814 3935 imperitabant,
868 3879 934 3920 rum
956 3861 1090 3921 absoluta
1113 3860 1276 3935 voluntaS,
1299 3857 1549 3942 uipermdentu

97 3960 127 4013 et
148 3953 184 4013 ad
219 3953 335 4014 libitum
366 3970 419 4013 eos
451 3970 505 4013 suu
538 3970 675 4030 quaeque
709 3952 813 4030 jussa,
867 3954 1046 4026 haberetur,
1068 3953 1218 4015 instabat:
1241 3973 1373 4035 eamque
1393 3958 1471 4035 sequi
1489 3948 1549 4019 magi·

97 4044 276 4106 mandatavc
298 4049 382 4125 sequi
402 4065 454 4125 pro
472 4049 584 4124 impetu
601 4045 756 4123 cogebant.
776 4047 813 4106 Ut
868 4055 984 4110 stratus
1005 4064 1112 4108 ornnes
1132 4065 1240 4126 cogere
1260 4052 1477 4119 praetendebat
1492 4044 1548 4105 llil

97 4138 183 4197 hodie
204 4142 393 4216 potissimum
417 4142 494 4200 inter
512 4141 654 4200 Barbaros
676 4139 813 4199 homines
867 4149 968 4201 nostro
996 4150 1129 4219 tempore
1159 4144 1361 4206 Bononiensis
1383 4137 1545 4222 populant!

95 4233 212 4293 ldurath
234 4237 293 4311 lleg
316 4236 344 4291 in
367 4233 526 4311 Bythinia,
548 4241 578 4292 et
601 4233 747 4309 Thracia3
782 4234 810 4291 in
841 4284 843 4288 ,
866 4235 1057 4303 Asculanus,
1078 4242 1109 4294 et
1130 4234 1357 4313 quodammodo
1387 4237 1483 4299 conciti
1508 4226 1541 4286 Gr

95 4325 239 4404 Allgypto
275 4343 364 4398 vero,
403 4334 435 4386 et
465 4327 551 4404 Syria
586 4326 730 4387 Sultanus
764 4327 813 4388 illo
867 4345 1000 4389 nuenses
1018 4330 1116 4408 magni
1133 4331 1300 4406 perniciose
1319 4330 1540 4411 quaerimusis

95 4420 301 4497 Memphiticae
322 4421 481 4498 Babylonis
513 4421 653 4498 Princeps
686 4421 814 4481 insolen·
868 4423 1087 4500 multuarieque
1104 4424 1299 4501 conspirasse
1317 4426 1460 4487 videntur.

96 4511 212 4572 tissime
235 4520 369 4575 servant.

487 4661 585 4721 lrotus
602 4659 708 4736 recole,
723 4659 803 4740 quod
819 4662 926 4724 nobilis
943 4661 985 4723 ira
1001 4660 1111 4725 Leonis

526 4756 559 4815 lu
577 4753 633 4815 sibl
648 4762 812 4833 prostratos
828 4773 862 4819 se
879 4764 968 4838 negat
984 4774 1053 4819 esso
1071 4759 1174 4819 leram.
