3622 5406
651 155 1008 264 pascuasrus
1478 179 1575 269 ‘ran

117 314 294 390 paupertatem
317 321 405 384 egere
431 305 639 381 documentis,
661 314 750 386 neget
770 323 803 366 se
859 310 947 372 4464.
963 311 994 369 8.
1011 309 1119 389 prodiit
1134 327 1192 372 unu
1204 327 1273 371 cum
1288 312 1575 393 ALGEROaliisquo

115 396 367 463 l'OllTUNhTIANl
388 405 421 458 et
451 398 642 468 vtuuoutui
671 402 700 460 in
731 401 803 462 blat-
858 402 894 463 de
915 402 1020 464 audem
1042 411 1229 482 argumenta.
1249 403 1368 465 luduin
1385 407 1577 469 Bibliothecis

117 495 216 568 thaeum
236 492 377 571 opuscula
397 494 527 570 reperire
552 495 704 570 patuisse·
726 494 804 553 con·
837 498 977 556 'Petrum
990 496 1138 570 omnibus,
1151 497 1200 558 ubi
1215 513 1272 557 non
1285 499 1483 561 omittendum
1495 503 1576 580 quod

112 587 146 648 ler
162 585 234 646 llich.
257 586 388 646 Simonis
406 586 480 645 ilist.
499 585 638 648 Criticam
657 586 731 646 Nori
749 589 803 648 Te·
857 591 888 648 in
911 588 1058 650 indicibus
1081 589 1117 648 ad
1137 589 1334 650 Parisicnsem
1353 591 1411 652 hn.
1428 595 1513 654 4589.
1531 597 1576 655 444-

114 680 231 739 stameuti
264 678 312 737 lib.
345 676 372 736 3.
394 691 458 754 cap.
480 675 530 738 27.
560 693 627 758 pag.
649 677 718 738 4484.-
739 695 802 758 seq.
858 689 973 760 gnanus
993 698 1031 742 ex
1052 681 1163 744 Codice
1184 683 1345 743 Frontonis
1365 687 1577 747 Ducaciexbi-

110 773 247 850 dupinium
269 778 292 830 t.
308 769 371 830 Vll.
389 769 462 846 Bibl.
480 770 596 832 Euclea.
610 789 640 850 p.
655 771 702 832 79.
718 789 784 850 seq.
857 774 921 834 buit
936 772 993 833 duo
1010 770 1183 853 fragmento
1197 776 1215 834 a
1229 773 1331 836 Gnatia
1349 781 1516 856 praeterita.
1529 783 1577 841 ln·

140 862 331 944 daphniticam
348 861 501 938 Psalmum
520 865 621 926 XLiV.
645 867 803 931 Eructavit
857 865 1089 943 derecensitum
1101 885 1117 926 a
1130 883 1164 926 se
1178 867 1577 948 vulgavitseparatimloan-

109 973 148 1018 cor
166 974 259 1018 meum
278 956 409 1018 Verbum
430 957 564 1032 bonum,
591 955 662 1018 libri
687 959 742 1018 111.
764 959 800 1020 ad
855 975 911 1018 nes
931 960 949 1018 4
972 959 1103 1035 liuchte,
1127 959 1261 1044 llelmst:
1284 963 1573 1028 terenciacum

108 1063 191 1110 meras
222 1051 359 1128 Virgines
391 1051 553 1112 Suessioue
577 1053 605 1112 in
639 1052 669 1114 S.
695 1055 803 1128 blariae
859 1051 1009 1112 Paschasii
1029 1053 1091 1128 jam
1110 1051 1577 1138 senisliprstolaadFrndepar-

108 1142 266 1202 locustaria
285 1141 439 1219 degentes.
857 1143 928 1205 rium
949 1148 1014 1206 sive
1036 1147 1277 1226 Fredugardum,
1289 1150 1501 1230 Frithudagum
1518 1157 1574 1216 444-

140 1235 169 1292 44
192 1232 411 1296 lommtationes
440 1232 589 1297 ieiunae
617 1237 800 1317 Prophetae,
859 1239 987 1300 nachum
1009 1239 1045 1302 dc
1064 1239 1196 1320 Corpore
1218 1247 1248 1300 et
1265 1243 1410 1322 sanquine
1437 1248 1575 1322 Domini,

105 1344 166 1405 quas
186 1330 201 1388 4
222 1329 344 1388 nemine
368 1329 542 1390 Latinarum
569 1331 745 1409 explanatas
761 1334 803 1394 ait
857 1331 1017 1410 subjuncta
1038 1332 1223 1411 expositione
1245 1336 1274 1393 44
1298 1337 1388 1397 414444.Ι
1421 1339 1577 1401 coenanti-

105 1437 130 1480 sc
146 1421 260 1498 legisse,
276 1418 353 1481 libro
371 1423 400 1482 V.
430 1421 613 1488 Paschasius
632 1422 801 1498 liutbertus
856 1423 911 1486 hue
930 1430 1030 1486 ouum
1051 1425 1109 1504 iis,
1130 1443 1168 1485 ex
1188 1426 1337 1488 Paschasir
1355 1427 1576 1494 Commentario

101 1513 297 1575 4444444444
311 1514 442 1576 omnium
454 1515 633 1595 peripsema,
646 1517 801 1580 seniOdil-
834 1522 886 1579 iu
908 1519 1049 1580 Matthaei
1071 1535 1136 1597 cap.
1154 1521 1266 1580 xxvi.
1289 1522 1338 1581 26.
1365 1531 1396 1583 et
1422 1527 1578 1587 Barwardi

105 1624 197 1666 nanno
213 1607 381 1687 plurimam
393 1615 420 1670 et
435 1610 646 1688 senpiternam
663 1609 797 1682 salutem
855 1612 954 1673 lihesii
975 1613 1110 1690 Epistola
1131 1620 1236 1673 cantra
1256 1615 1401 1677 editorem
1431 1622 1577 1680 Bertrami

100 1699 258 1762 lmdierant
271 1703 362 1774 Basil.
381 1704 459 1764 tatu
476 1703 504 1763 8.
519 1709 551 1764 et
565 1703 669 1764 Calon.
684 1706 761 1766 tatu
771 1706 801 1768 8.
855 1705 1369 1769 Bremensem.PastSirmondianas
1380 1711 1579 1791 deniqneedi-

100 1792 142 1852 sed
157 1801 295 1854 auctores
309 1793 625 1858 edidere‘Sirmuudus
638 1804 669 1856 et
683 1799 712 1858 in
727 1798 801 1859 Bibl.
857 1799 953 1858 tiones
976 1800 1003 1857 in
1018 1799 1233 1866 recentioribus
1245 1801 1437 1864 bibliothecis
1449 1807 1569 1867 Petrum

98 1886 203 1947 Patrum
219 1888 393 1948 Coloniensi
408 1887 545 1952 Andreas
559 1889 712 1952 Schottus.
800 1927 802 1934 ι
860 1889 1001 1965 repetitas
1022 1888 1202 1950 Edmundus
1216 1891 1348 1952 blarteue
1366 1893 1446 1954 huuc
1465 1896 1574 1958 librum

129 1977 165 2037 lle
186 1977 322 2060 Corpore
348 1983 377 2040 et
400 1980 552 2060 Sanguine
577 1980 703 2043 CHrieti
727 1979 803 2042 liber
858 1980 1000 2048 secundis
1024 1985 1155 2043 auctoris
1166 1983 1297 2043 lietberti
1309 1985 1371 2062 jam
1387 1985 1510 2048 Abbatis
1523 2006 1577 2051 cu·
1703 1971 1707 1978 ¹

95 2079 218 2150 tempore
240 2074 325 2136 exilii
347 2075 453 2148 Walae
475 2074 600 2138 abbatis
616 2073 804 2152 Corbejensie
858 2074 900 2132 ris
915 2073 1079 2151 expolitum
1091 2075 1319 2135 exhibuittamo
1334 2079 1385 2138 444.
1398 2095 1578 2141 monumen-

95 2166 266 2228 'allonacho
289 2165 389 2230 adbuc
409 2170 488 2229 circa
505 2170 561 2229 An.
583 2168 657 2232 834..
673 2174 804 2248 scriptus
859 2173 957 2230 tarum
977 2171 1114 2228 veterum
1135 2182 1203 2246 pag.
1230 2167 1370 2230 ata-iia.
1403 2177 1576 2249 praemissis

91 2263 120 2316 ed
139 2256 299 2320 Placidum
322 2278 424 2322 suum.
454 2262 621 2338 (warinum
645 2261 803 2339 Abbatem)
859 2258 998 2318 versibus
1019 2265 1049 2318 et
1071 2260 1204 2337 Epistola
1226 2261 1262 2320 ad
1286 2263 1425 2324 Gerulum
1442 2267 1575 2328 'Calvum

92 2365 167 2426 quein
188 2357 330 2414 uotorum
347 2352 443 2436 pilium
463 2354 602 2432 appellat.
624 2354 735 2416 Pradiit
747 2358 806 2432 pri·
860 2352 986 2429 Regem,
1002 2352 1207 2433 [versibusque
1232 2354 1298 2413 aliie
1327 2358 1377 2437 qui
1411 2361 1574 2436 incipiunt:

90 2459 161 2504 mum
179 2443 348 2524 Euganeae
367 2448 454 2508 4598.
474 2448 501 2506 l.
518 2453 644 2510 curante
657 2447 730 2508 hoba
747 2449 806 2509 Ga·
857 2443 945 2522 uasis
965 2443 1053 2504 adire
1071 2461 1194 2520 sacrae,
1207 2454 1238 2505 at
1249 2463 1376 2523 quorum
1387 2452 1577 2514 acrostichis:

31 2523 33 2598 l
96 2538 163 2612 stin,
184 2541 238 2618 qui
262 2543 293 2599 in
316 2533 498 2618 praelatione
519 2540 556 2601 ad
585 2541 619 2602 D.
650 2543 693 2612 as.
714 2543 806 2604 Bren—
858 2533 1027 2598 Radbertus
1049 2537 1160 2598 Levita
1183 2539 1274 2598 Paris.
1297 2539 1384 2602 4733.
1412 2542 1462 2602 iol.
1490 2544 1573 2615 Quae

31 2645 33 2670 ³
87 2631 173 2704 dum,
195 2650 296 2712 quem
315 2644 538 2712 praeceptorem
561 2649 650 2698 suurn
665 2635 804 2714 appellat,
858 2630 896 2691 de
916 2637 1015 2691 aetate
1038 2637 1069 2690 et
1089 2631 1127 2691 de
1148 2633 1297 2693 sententia
1319 2632 1573 2715 hujusscnptnris

88 2730 210 2787 tumtur
229 2727 316 2789 hunc
338 2729 367 2791 iu
388 2726 497 2793 librum
516 2744 549 2788 se
568 2726 708 2788 incidisse
724 2727 804 2807 apud
858 2724 944 2802 longe
962 2724 1081 2802 lateque
1100 2723 1292 2802 disputantur
1312 2727 1330 2786 a
1347 2725 1495 2790 cardinali
1507 2729 1577 2792 Per-

83 2817 121 2876 44.
136 2820 300 2882 Sacamum
319 2819 549 2900 typographum.
564 2821 721 2898 Perperam
734 2837 804 2880 vero
858 2819 940 2880 rouiu
963 2819 991 2876 in
1015 2817 1100 2888 libris
1117 2816 1156 2878 de
1177 2817 1208 2878 S.
1229 2818 1436 2896 Eucharistia,
1458 2825 1476 2884 a
1498 2824 1570 2885 tud.

82 2907 155 2988 legas
175 2914 289 2972 statim
314 2913 343 2994 44
365 2913 487 2973 limine:
505 2909 805 2974 Pascusmeuuaerm
859 2910 982 2972 Cellotro
1004 2910 1034 2968 44
1055 2910 1179 2971 historia
1199 2911 1451 2988 Gothescheicbi,
1477 2917 1495 2976 'a
1522 2918 1577 2981 Ca·

78 2999 196 3064 Placido
229 3023 313 3079 suu,
342 3023 396 3087 pro
424 3003 618 3067 Paschasius
643 3003 806 3072 4444444444
858 3002 920 3062 ruia
940 3000 1055 3070 Gointio
1076 3011 1148 3063 tom.
1172 3003 1247 3064 Vlll.
1267 3005 1419 3068 annalium
1448 3010 1576 3071 Francor

79 3093 193 3158 Placriin
215 3115 289 3161 meo.
310 3099 430 3164 Titulus
449 3100 641 3174 ambitiosus,
663 3102 681 3162 a
701 3099 803 3162 Gastio
857 3087 895 3156 ad
915 3095 972 3156 hu.
994 3097 1063 3157 848.
1085 3097 1153 3158 896.
1175 3104 1212 3156 et.
1226 3097 1264 3158 ad
1281 3098 1338 3158 hu.
1351 3101 1496 3182 satpag.
1512 3104 1578 3166 494.

77 3192 251 3270 praeligitur
279 3192 342 3252 hic:
365 3191 419 3252 Eo:
439 3191 651 3254 vetiestissimis
667 3191 807 3254 orthuda
858 3205 921 3267 seq.
943 3189 1109 3250 llabillonla
1129 3192 1222 3268 praei.
1243 3191 1281 3250 ad
1304 3193 1368 3253 Sec.
1392 3195 1438 3255 tv.
1454 3197 1579 3257 Benedi·
1648 3248 1651 3254 .

76 3297 184 3346 aarum
207 3289 351 3352 Petrum.
372 3284 514 3364 Cypriani
529 3331 537 3364 ,
555 3286 725 3364 Ambrosii,
745 3286 807 3347 hu·
858 3285 930 3342 ctin.
953 3288 1066 3362 partem
1090 3285 1118 3344 2.
1140 3285 1158 3344 a
1180 3285 1334 3347 Blandello
1356 3290 1385 3346 in
1407 3288 1530 3349 librode
1548 3291 1577 3351 S.

75 3381 204 3454 pretini,
229 3378 437 3456 Hieronymi,
459 3378 558 3438 isichii
592 3386 623 3438 et
653 3378 806 3440 Paschasii
859 3375 1048 3436 Eucharistia
1070 3375 1150 3435 edito
1170 3375 1282 3437 Gallice
1305 3397 1332 3456 p.
1353 3377 1424 3442 tae.
1445 3397 1509 3459 seq.
1534 3390 1580 3442 at-

76 3465 261 3550 49444444
286 3469 500 3532 Eucharistiae
520 3471 633 3550 negotii
661 3469 809 3553 intellectu
860 3487 920 3548 que
940 3467 1102 3530 Edmundo
1117 3469 1282 3530 hubertino
1305 3487 1332 3548 p.
1361 3471 1429 3532 999.
1442 3489 1506 3550 seq.
1517 3471 1580 3534 alii-

78 3569 180 3628 datu
203 3565 356 3639 libellus,
377 3583 419 3626 em
440 3565 555 3626 ltiuinis
581 3565 748 3646 Scripturis
768 3563 807 3625 ab
863 3579 959 3640 sque,
977 3577 1011 3621 ea
1033 3559 1193 3635 discutere¹
1206 3562 1242 3621 ab
1265 3561 1320 3622 hoc
1342 3563 1407 3623 loca
1427 3570 1459 3624 et
1478 3565 1516 3625 ab
1537 3567 1581 3625 44-

80 3653 178 3720 h'sdem
202 3658 402 3724 deoeterrime
416 3657 569 3738 conflatus,
589 3663 694 3719 cantra
710 3667 808 3722 omnes
862 3659 967 3716 stituto
989 3669 1055 3714 meo
1076 3654 1207 3714 alienum
1230 3655 1329 3715 luerit.

74 3765 197 3814 manos
221 3752 484 3822 sacramentario
507 3751 633 3833 spiritu.
648 3753 807 3832 4444494444-
906 3751 969 3811 Vita
989 3749 1019 3810 S.
1038 3746 1220 3822 diethardi,
1242 3748 1368 3809 Abbatis
1388 3748 1578 3829 Corbejensis

74 3857 134 3922 aas,
153 3849 214 3927 qui
238 3846 393 3925 444444ρεί
405 3848 532 3907 Patrum
543 3843 730 3926 opinionibus
737 3864 807 3926 per-
861 3843 948 3904 obvia
968 3843 1060 3902 etiam
1081 3840 1159 3919 apud
1181 3842 1325 3918 Surium,
1346 3843 1373 3904 2.
1394 3844 1515 3905 ianuar.
1544 3853 1575 3904 et

74 3938 261 4002 luncheim
275 3939 462 4012 innitantur,
472 3938 564 4019 plane
575 3937 739 4002 achilleum
765 3945 807 4000 te·
861 3939 889 3996 in
908 3938 996 3996 hetia
1017 3935 1152 3996 Senator.
1174 3941 1244 3994 tom.
1269 3937 1281 3995 4
1304 3938 1372 3997 inu.
1395 3955 1459 4017 pag.
1482 3939 1530 3997 96.
1548 3947 1580 3998 et

71 4026 146 4108 ism,
169 4051 283 4115 nuper
310 4051 352 4092 ecc
382 4038 496 4095 vetusta
523 4031 699 4112 e'aeempiari
724 4031 807 4094 444444
861 4033 890 4090 in
911 4030 1071 4090 ldabillouii
1094 4029 1161 4087 Sec.
1181 4027 1229 4087 lV.
1252 4027 1360 4090 bened.
1383 4037 1467 4109 parte
1488 4036 1516 4093 4.

74 4125 178 4190 antus
203 4129 240 4188 in
262 4125 472 4208 fanaticorum
484 4126 808 4188 omniuminterniciem
901 4121 1007 4184 Passio
1034 4121 1212 4181 Sanctorum
1246 4121 1346 4201 Rufini
1371 4129 1401 4183 et
1429 4122 1581 4186 Valeriani

72 4215 283 4304 deprompms.
297 4219 524 4281 Prodiitdeinde
535 4211 806 4282 cum'LhNFlth-
860 4219 926 4276 sive
947 4213 1059 4276 Valerii
1069 4217 1233 4290 ldartyrum
1245 4215 1509 4278 suessionensium
1523 4222 1579 4282 sub

72 4310 102 4372 ti
120 4314 253 4393 dialogo
279 4312 369 4372 Anno
397 4313 484 4373 4449.
512 4331 563 4391 par
589 4311 668 4385 Gril.
696 4315 805 4376 ilatum
860 4309 1058 4383 diocletiano,
1081 4323 1172 4385 quam
1194 4313 1336 4370 comtiore
1358 4312 1437 4389 stylo
1454 4313 1580 4374 Pascha-

75 4406 153 4468 4547.
177 4417 213 4468 et
239 4405 307 4468 sub
328 4403 468 4488 ilhlthl
486 4406 596 4468 Mauri
612 4409 806 4483 numine,eui
863 4407 928 4465 sius
949 4402 1108 4482 perpolivit
1129 4410 1160 4462 et
1181 4403 1278 4482 longis
1298 4405 1578 4484 amplificationibus

72 4499 95 4558 44
113 4500 348 4577 idanuscriptis
364 4499 520 4562 codicibus
541 4500 722 4580 quibusdam
755 4505 807 4564 tri·
863 4497 1009 4572 deduxit,
1031 4496 1111 4556 uude
1131 4498 1241 4557 omissa
1264 4499 1313 4558 illa
1326 4499 1522 4558 Paschasiana
1535 4500 1580 4558 lu-

73 4588 178 4672 buitur)
202 4595 249 4656 ad
276 4591 398 4653 Calcem
419 4594 608 4656 4144444444
623 4596 669 4677 (de
681 4613 740 4674 quo
757 4613 808 4658 su·
860 4592 1053 4667 cubratinne,
1085 4591 1305 4668 antiquioribus
1335 4592 1420 4652 Actis
1452 4599 1483 4651 et
1513 4592 1579 4651 bre-

72 4701 116 4760 pm
132 4697 212 4750 tom.
236 4691 250 4749 4
280 4703 348 4766 pag.
366 4687 445 4760 aas.)
462 4687 566 4748 Coton.
579 4689 807 4753 4554844444-
861 4687 995 4747 rioribus
1015 4687 1099 4748 locus
1119 4684 1209 4745 datus
1229 4691 1277 4744 est
1294 4687 1323 4745 in
1346 4686 1577 4746 hctisSauctor.

73 4783 98 4836 ie
112 4779 178 4844 Nic.
198 4785 396 4844 mamerano.
416 4778 474 4840 Sed
491 4782 661 4853 4444444444,
674 4801 808 4845 veroau·
861 4789 936 4841 tom.
956 4781 980 4840 2·
996 4781 1075 4840 lunii
1097 4777 1145 4840 tt.
1167 4795 1194 4856 p.
1217 4778 1285 4837 796.
1304 4795 1369 4856 seq.

71 4873 805 4952 444444444444444444444444444444444,444444.
901 4879 970 4936 Post
990 4871 1232 4934 sirmondianum
1255 4871 1417 4932 editionem
1444 4874 1576 4952 Operum
