3368 5362
145 316 148 321 ’
198 234 319 402 ἔξω
341 354 405 399 esse
428 335 618 413 Theoiopom:
643 335 696 393 hoc
720 351 791 395 voro
817 351 915 413 nequo

782 227 1106 290 lito‘lthttlttls

1010 335 1054 392 De
1074 332 1233 394 concordio
1254 338 1424 411 temporum
1446 337 1561 415 iteprsm
1592 355 1676 398 oom-

199 433 237 493 dc
258 437 374 492 tosnne
396 432 485 491 Scoto
514 431 663 506 Erigone,
687 444 785 505 nsque
807 428 845 490 dc
866 428 916 489 lo-
968 426 1128 503 praetium
1147 443 1238 506 saper
1258 425 1370 487 ludam
1392 433 1422 488 st
1440 430 1560 505 lsrael,
1576 450 1603 508 p.
1620 435 1674 493 444.

198 541 277 586 nano
298 526 383 583 Duns
404 537 491 600 posse
524 522 660 600 intelligi.
681 523 725 580 Jo.
748 538 766 581 4
787 521 915 582 Tholosa

199 618 342 677 mendum
366 616 475 676 lihrerii
508 622 613 692 putet,
636 617 686 693 qui
710 616 838 674 iortesse
861 616 915 675 Pe-

197 720 277 771 trum
297 708 495 768 lombardum
528 708 659 768 scribere
688 706 826 768 debehat.
855 706 913 769 Sed

196 818 323 863 necesse
344 817 403 860 non
426 807 492 877 est,
515 816 570 859 nos
592 816 627 859 eo
648 801 821 878 coningere.
839 800 915 860 Nom

199 897 329 973 primum
354 894 409 953 hoo
431 893 546 953 ciorum
561 900 627 967 est,
647 894 839 953 vincentium
862 894 916 952 Be·

196 989 369 1048 lanceasem
393 990 421 1045 in
445 987 573 1064 Speculo
600 986 745 1047 historiali
779 986 915 1047 xxviii.

197 1081 246 1140 44.
269 1079 325 1138 hoc
347 1081 493 1157 scriptum
518 1081 611 1140 nostri
634 1096 805 1158 agnoscere.
828 1081 916 1140 Dein·

194 1171 253 1247 de,
274 1174 344 1249 quis
365 1171 452 1232 hodie
474 1175 611 1234 omnium
635 1174 774 1245 illarum,
791 1175 844 1249 qui
866 1173 915 1230 Jo-

195 1261 284 1323 onnis
301 1264 384 1325 Scoti
398 1267 519 1324 nomino
537 1268 684 1337 veniunt,
703 1266 840 1324 notitiam
856 1269 917 1324 tre·

196 1354 268 1414 dere
289 1355 426 1432 poterit?
448 1360 587 1418 Fortasse
609 1358 718 1434 aliquis
745 1357 800 1417 hoc
823 1359 917 1417 nomi·

197 1464 235 1507 ns
259 1449 334 1522 init,
352 1451 403 1525 qui
426 1449 616 1528 'theologiam
631 1449 751 1523 docuit,
767 1449 841 1509 nihil
864 1464 916 1509 eo·

198 1547 260 1600 tem
283 1543 429 1618 scriptum
454 1543 582 1619 reliquit.

239 1633 397 1693 Tractatus
418 1633 454 1693 de
469 1639 612 1713 potestate
629 1633 744 1712 lipardi
758 1639 788 1693 et
801 1633 913 1695 sciaen-

194 1724 244 1801 444,
267 1745 294 1804 p.
317 1727 383 1786 338.
406 1730 489 1788 Pons
510 1728 589 1807 apud
613 1730 685 1788 Sim.
718 1728 912 1804 Colinasum,

233 1911 275 1971 De
295 1909 473 1972 meditandis
491 1910 605 1991 plepis,
623 1929 701 1990 qaae
722 1911 807 1971 circo
823 1912 912 1988 finem

193 2001 299 2062 mendi
317 2003 469 2076 evenient,
493 2021 521 2081 p.
540 2007 607 2065 337.

232 2095 273 2152 De
282 2094 471 2172 judiciaria,
491 2100 635 2174 potestate
654 2096 683 2155 in
696 2093 785 2174 finali
800 2103 828 2157 et
845 2096 911 2158 44444-

191 2184 304 2245 versaii
317 2186 452 2265 jndicio,
476 2207 502 2265 p.
525 2190 594 2248 343.

124 2319 128 2325 -
238 2278 282 2337 De
301 2279 412 2358 spiritu
433 2277 651 2360 blasphemiae,
674 2301 707 2362 p.
726 2284 795 2342 346.

236 2371 280 2431 De
297 2369 447 2449 9444444444
467 2370 646 2445 claritatis,
669 2392 697 2455 p.
720 2377 788 2436 349.

234 2464 276 2523 De
295 2471 431 2543 quatuor
447 2463 596 2544 praelibes
612 2465 759 2528 4444444444
774 2466 908 2527 chariin·

191 2554 248 2630 tr's,
270 2570 299 2635 p.
321 2558 390 2618 365.

230 2648 273 2708 De
291 2649 406 2725 pomino
424 2649 594 2722 Patalete,
616 2668 646 2732 p.
668 2654 737 2713 363.
793 2683 796 2688 ·

229 2738 334 2801 samo
356 2741 386 2800 s'n
407 2742 455 2803 die
477 2744 624 2820 i’oschoe,
646 2761 675 2825 p.
698 2748 765 2808 367.

232 2831 455 2896 Declarationes
469 2837 681 2899 nonnullarum
698 2839 905 2924 difficultatum

187 2922 218 2982 8.
242 2923 440 3003 Scriptores,
463 2946 490 3006 p.
515 2929 581 2989 370.

229 3019 377 3091 Quomodo
409 3019 542 3098 Spiritus
563 3024 593 3083 S.
618 3029 662 3084 est
682 3042 768 3084 amor
799 3026 903 3086 Patris

186 3112 216 3166 et
235 3105 324 3180 riti,
345 3126 372 3187 p.
396 3112 463 3173 374.

185 3290 209 3351 1·
227 3199 270 3260 De
286 3200 458 3280 differentia
475 3213 591 3284 peccati
607 3209 744 3271 mortalis
758 3216 788 3270 et
801 3210 903 3272 venio-

195 3306 291 3539 “133ss
302 3296 555 3467 sthireoecellenti
587 3391 732 3473 baptismo
765 3396 882 3459 Christi
889 3416 899 3470 ;

182 3494 212 3555 p.
295 3525 300 3538 .

223 3572 327 3631 Serota
348 3573 384 3634 de
405 3575 544 3635 missione
564 3578 696 3657 Spiritus
718 3581 823 3642 Sancti
835 3627 841 3655 ,
871 3602 899 3661 p.
933 3630 937 3635 .

182 3664 251 3723 349.

222 3757 265 3816 De
286 3761 509 3838 comparatione
532 3762 647 3824 Christi
666 3763 708 3823 od
724 3764 848 3843 florem,
871 3774 900 3828 et

182 3849 298 3908 Mariae
317 3852 359 3911 ad
377 3853 515 3933 44494444,
538 3875 565 3935 p.
590 3859 658 3917 386.

223 3942 370 4014 Quomodo
401 3944 542 4009 Christos
564 3951 687 4028 panitur
718 3953 750 4012 io
780 3953 897 4032 sipnonr

180 4030 382 4106 populorum,
406 4056 432 4114 p.
452 4041 519 4100 387.

223 4121 262 4178 De
283 4127 429 4203 sacrificia
452 4133 551 4194 David
572 4135 756 4219 Prophetae,
778 4145 805 4199 et
825 4139 899 4221 qaid

181 4209 270 4272 distet
289 4214 367 4274 inter
389 4219 486 4297 ipsum
508 4233 537 4286 et
555 4230 739 4308 sacrificium
756 4230 898 4293 Abrahae

178 4305 394 4383 Patriarchoe,
418 4330 444 4388 p.
466 4318 535 4377 389.

218 4400 262 4460 De
281 4401 453 4480 differentia
474 4413 621 4492 sacrificii
638 4415 781 4479 Abrahae
807 4436 828 4479 a
848 4436 897 4480 sc·

176 4493 291 4573 orificio
311 4497 344 4555 lt.
367 4498 486 4561 Mariae
513 4503 644 4583 l’irpinis
655 4552 663 4583 ,
687 4527 714 4588 p.
737 4514 804 4573 394.

473 4594 545 4655 Pars
566 4599 600 4657 ll.

1010 519 1161 600 Mysticoe
1177 519 1385 580 oarrotoir'ones
1398 522 1673 604 quamplurium

969 629 1113 673 uersuum
1136 610 1326 672 Psalmorom
1347 614 1472 683 Dauid.
1496 634 1526 693 p.
1548 618 1610 677 444.

1010 705 1184 767 [acontiae
1194 705 1671 786 omoeomnexptiaeriopsss.

1016 800 1052 857 ln
1072 799 1216 859 visionem
1236 797 1409 860 Esechietis
1441 797 1570 861 titinio
1594 800 1671 881 eupli

970 892 1048 952 catio
1067 937 1075 967 ,
1096 909 1124 968 p.
1146 893 1214 951 446.

1011 987 1053 1044 De
1073 983 1208 1060 aedificia
1230 982 1422 1060 Ezechielis,
1444 1002 1475 1063 p.
1497 988 1565 1048 449.

1013 1076 1184 1156 Explicatis
1204 1075 1323 1156 aliquot
1343 1093 1501 1156 passuum
1529 1078 1662 1161 difficilius

971 1169 1122 1249 riparioli,
1146 1188 1173 1247 p.
1196 1169 1264 1230 484.

1013 1260 1259 1341 lndpoaelypein
1267 1262 1411 1336 loannis,
1423 1260 1500 1323 libri
1511 1265 1570 1325 Vll.
1579 1281 1602 1342 p.
1611 1265 1659 1324 tw.

1010 1358 1138 1432 Scripsit
1159 1356 1249 1414 etiam
1281 1351 1525 1433 [implorationis
1551 1356 1658 1436 44444444

970 1448 1001 1505 io
1023 1444 1179 1506 Danielem
1200 1442 1326 1505 44644444
1345 1462 1465 1522 onam,
1487 1447 1586 1525 cujus,
1602 1445 1654 1505 indi

945 1556 1005 1601 ce
1026 1541 1137 1613 Cavea,
1160 1554 1301 1616 magnam
1317 1547 1440 1616 partera
1452 1538 1656 1619 compenlirll
1679 1600 1681 1633 ÷

968 1632 1146 1712 legoriarurn
1170 1634 1199 1690 in
1221 1631 1379 1691 Danielem
1405 1635 1540 1694 intexuit
1554 1631 1652 1694 6444444

968 1725 1027 1786 dus
1047 1725 1265 1785 Titelmannus.

1008 1817 1205 1897 Opusaulum¹
1221 1815 1290 1894 ejus
1309 1817 1348 1877 ds
1369 1816 1506 1880 4444444444
1531 1816 1646 1885 hohi.

967 1920 998 1970 et
1009 1909 1170 1990 Responsio
1186 1909 1402 1989 quaestoriam
1423 1911 1468 1973 ad
1492 1909 1647 1977 4444444444

966 2005 1047 2065 4488.
1070 2003 1220 2064 habentur
1243 2005 1272 2062 in
1295 2003 1486 2066 Bibliotheca
1511 2004 1645 2083 cygnsoi

1005 2097 1071 2157 iilia
1091 2094 1159 2171 ejus
1178 2096 1276 2174 Opere
1300 2096 1418 2158 inedito
1440 2105 1577 2159 memoret
1599 2094 1644 2154 lla

965 2192 1108 2259 centius,
1131 2189 1325 2250 Beluacensis
1344 2192 1376 2249 in
1396 2185 1643 2270 speculatorii

967 2283 1016 2344 lib.
1037 2284 1159 2344 xxvii.
1256 2328 1262 2335 -

1005 2374 1242 2450 lllcllhllDUS,
1274 2375 1380 2438 hhhoe
1401 2380 1433 2440 8.
1460 2371 1643 2441 Vicetinis

966 2473 1090 2548 nensis,
1114 2476 1251 2530 mortuus
1272 2485 1299 2530 4.
1325 2469 1416 2530 titt.
1437 2472 1536 2532 Vitem
1551 2476 1639 2546 444444

963 2561 1073 2623 Codice
1094 2563 1153 2623 448.
1176 2561 1270 2622 edidit
1286 2561 1483 2625 Mehillonius
1497 2580 1553 2625 seo
1564 2561 1642 2622 itte

964 2654 1118 2714 nedictino
1138 2661 1214 2733 port.
1237 2654 1272 2714 ll.
1291 2671 1322 2732 p.
1344 2657 1418 2717 544.
1438 2657 1561 2736 Scripsit
1578 2650 1640 2713 lies

962 2752 992 2806 et
1010 2745 1162 2806 4444444444
1182 2748 1214 2808 8.
1240 2745 1339 2806 Vitorri
1366 2748 1528 2829 Episcopi,
1550 2759 1638 2827 qutun

964 2841 1142 2918 perticulam
1164 2839 1259 2900 edidit
1280 2841 1474 2904 linhilionius
1490 2844 1513 2904 l.
1528 2838 1639 2920 cplii·

898 2956 902 2961 ⁴
961 2935 1014 3010 qui
1037 2941 1137 2993 temen
1162 2931 1248 3011 Opus
1271 2935 1429 3013 integrum
1451 2935 1557 2997 hebuit

998 3026 1015 3061 ⁴*
1035 3025 1161 3106 Scripsit
1182 3030 1293 3104 pariter
1310 3028 1408 3088 vitam
1430 3030 1463 3099 S.
1475 3026 1641 3105 hostagios

958 3119 1102 3179 iessoris:
1126 3136 1182 3180 nec
1203 3120 1297 3181 alteru
1312 3121 1391 3181 iorte
1401 3130 1452 3182 est
1467 3122 1506 3183 44
1522 3136 1568 3193 se,
1578 3128 1640 3196 4444

956 3211 1050 3272 edidit
1078 3212 1265 3274 Mobillonius
1295 3213 1325 3273 in
1359 3214 1457 3275 Actis.
1483 3213 1524 3276 Η.
1547 3219 1567 3274 4.
1589 3206 1640 3268 illl

956 3303 1025 3364 436.
1044 3306 1166 3384 scripsit
1179 3311 1282 3365 nutem
1294 3305 1380 3367 illam
1392 3306 1552 3369 houortlloo
1562 3314 1641 3365 seint

956 3413 994 3456 ns
1007 3440 1014 3472 ,
1026 3403 1059 3457 ut
1080 3396 1181 3476 phrasi
1197 3403 1266 3458 utor
1276 3399 1439 3478 scriptoris
1448 3402 1527 3461 vites
1541 3392 1640 3459 somn

957 3487 1104 3549 ilicherdi.
1126 3492 1218 3549 testo
1234 3491 1326 3551 etism
1345 3489 1479 3571 liugane
1498 3482 1640 3554 sortem

955 3582 984 3639 in
1008 3581 1154 3641 Chronico
1171 3581 1255 3641 dedit
1275 3585 1460 3662 stregulem
1472 3585 1639 3647 withdraw·

953 3674 1032 3732 sicut
1045 3679 1077 3731 et
1090 3679 1203 3734 statuto
1224 3675 1375 3752 quaedem
1389 3692 1446 3757 pro
1460 3671 1640 3742 8441444449

952 3768 1118 3844 tomegensi
1132 3809 1140 3839 ‚
1154 3783 1245 3843 quem
1267 3784 1430 3847 nunquam
1449 3772 1583 3852 [4444444444
1596 3780 1638 3826 tit

952 3857 999 3917 da.
1021 3860 1156 3936 Denique
1174 3867 1253 3921 teste
1272 3862 1381 3922 eodem
1397 3867 1523 3927 extubst
1536 3856 1639 3925 unul

952 3951 1040 4010 lectio
1060 3953 1240 4030 scriptarum
1256 3954 1293 4014 ab
1311 3971 1347 4014 ro
1366 3957 1638 4034 epistolarumque

952 4061 1018 4103 rum
1055 4047 1208 4122 specimen
1239 4054 1325 4107 extat
1354 4050 1437 4126 apud
1476 4047 1636 4113 4444444444

951 4135 1060 4196 ibidem
1084 4155 1112 4214 p.
1128 4138 1197 4198 493.
1218 4141 1324 4200 Detsm
1346 4149 1381 4201 et
1404 4142 1486 4205 illam
1506 4143 1543 4204 ed
1557 4140 1636 4217 lolii·

952 4248 1019 4289 nom
1036 4229 1183 4291 Abbatem
1200 4230 1635 4314 staverensem.1>eniqueein

951 4331 998 4385 444
1019 4326 1191 4384 Monnslerii
1212 4327 1258 4385 sni
1280 4327 1426 4406 collegit,
1448 4323 1632 4408 qnueaollsai

950 4417 1050 4480 adhuc
1070 4424 1211 4496 superest
1231 4420 1356 4497 Digloai.
1370 4421 1456 4486 Haec
1466 4425 1558 4485 omnis
1572 4427 1632 4479 testi

951 4530 988 4573 rs
1011 4510 1089 4573 ilist.
1114 4514 1251 4574 Litterae.
1272 4514 1385 4578 Galliae
1403 4517 1578 4580 4914444
1592 4518 1630 4570 ii·

989 4606 1207 4668 nicolanus
1234 4607 1339 4683 Villis,
1357 4612 1524 4673 historicus
1537 4604 1628 4684 salso

216 4681 376 4758 Expositis
394 4685 603 4771 diffimltatom
623 4694 839 4757 suborientium
866 4700 896 4759 in
950 4709 1040 4776 quern
1058 4700 1229 4761 Florentius
1248 4702 1467 4782 wigorniensis
1482 4709 1550 4767 44444
1562 4706 1587 4760 st
1598 4706 1627 4753 si·

176 4769 371 4852 descriptione
395 4781 595 4846 Tabernacali
611 4787 762 4865 foederis,
783 4808 811 4868 p.
830 4793 896 4850 493.
952 4794 1067 4869 quitur.
1089 4794 1163 4854 Vide
1184 4812 1277 4874 supro
1299 4805 1322 4856 t.
1344 4799 1365 4858 l.
1387 4798 1482 4876 pili.

216 4861 261 4920 De
277 4868 378 4945 templo
388 4873 554 4937 8414444444
570 4878 613 4936 od
629 4878 760 4953 literam,
778 4896 805 4959 p.
824 4880 889 4941 498.

951 4911 956 4921 -
987 4886 1201 4949 4444444444
1225 4889 1388 4966 aneson,
1410 4883 1619 4951 uncam·
