3368 5362
103 213 165 279 ,20
686 186 1035 255 assanensis

105 317 241 385 dicendis
257 312 294 377 ad
309 307 528 375 Clementioam
546 301 673 382 utpium
696 298 734 360 de
750 298 828 361 cele·
882 315 912 377 p.
932 296 981 359 43.
1002 297 1081 378 apud
1103 297 1275 364 othlonum
1304 299 1382 363 libro
1413 300 1447 363 ll.
1475 298 1507 362 de
1531 300 1574 365 liu

106 417 242 480 bratlone
259 410 416 472 blissarum
441 402 528 463 ollcrt
553 396 649 461 codex
679 393 746 457 374.
768 394 828 455 hlS.
882 393 914 454 S.
934 393 1095 471 bonifacii,
1118 412 1252 474 quarum
1282 399 1438 459 variantes
1467 396 1573 461 lecthoes

106 512 200 574 min·
789 568 797 579 .
883 486 1074 567 habesapud
1096 490 1255 552 Canisium
1275 492 1572 555 Lechhnttomlll

127 587 683 666 ⁸BartholomaeusdeZhllhllELllS
694 583 830 646 eiusdem
882 589 961 660 part.
982 585 1010 644 4.
1031 601 1060 662 p.
1082 584 1152 645 359.
1170 586 1252 647 inter
1269 587 1428 666 Epistolas
1443 588 1571 650 urbane„

107 718 177 765 cum
209 694 367 757 Francisco
394 686 556 761 Familiae,
586 679 830 744 Protonotharius
882 676 920 738 ab
942 678 1061 739 Usserio
1082 678 1192 739 editas.
1215 682 1417 761 Priuilegium
1436 682 1504 760 ejus,
1519 682 1568 761 qma
1599 702 1603 712 ·

108 792 310 877 apostolicus,
328 784 396 845 dein
419 779 605 860 spalatensis
626 775 832 852 hrchiepisco·
885 775 1065 834 monasteria
1084 773 1114 835 S.
1136 775 1277 853 Dionysii
1300 775 1397 851 dedit,
1428 779 1569 856 sammua

101 882 165 973 'pus
182 885 304 964 scripsit
322 874 455 943 Consilio
465 882 496 937 et
507 873 710 951 Allegationes
726 884 831 928 nume·
884 882 952 927 esse
973 864 1060 928 docet
1080 870 1124 928 lo.
1147 868 1305 947 launoius
1323 869 1356 930 in
1375 870 1529 933 desertione
1540 872 1570 931 ln-

108 1002 141 1047 ro
168 981 247 1043 LXl.
271 992 349 1057 quae
367 979 473 1035 extant
491 972 520 1030 in
539 966 648 1031 Codice
672 963 743 1025 udo.
770 962 830 1024 us.
885 962 1055 1040 quisitionis
1070 964 1098 1023 in
1114 963 1260 1026 Chartam
1278 965 1481 1028 immunitatis
1495 963 1570 1027 sem.

107 1078 211 1143 felini·
886 1058 967 1118 mani
989 1064 1061 1118 tom.
1082 1056 1131 1119 lll.
1154 1058 1234 1138 Opp.
1256 1066 1341 1138 part,
1373 1063 1401 1122 4,
1432 1079 1459 1139 ρ,
1478 1060 1568 1122 pepp,

150 1166 352 1234 zncllhuus
390 1159 594 1224 Christianus.
630 1153 726 1233 liujus
763 1170 831 1215 cum
885 1151 942 1212 alio
963 1148 1123 1213 Fuldensis
1146 1155 1329 1215 monasterii
1351 1155 1499 1234 Privilegio
1518 1154 1567 1215 idea

108 1264 262 1348 Apollonio
296 1254 474 1337 Philosopho
510 1250 768 1317 consultationum
797 1246 832 1309 li·
886 1244 989 1324 probat
1012 1247 1040 1304 in
1061 1244 1240 1308 hssertione
1262 1247 1474 1326 lnquisitionis
1499 1250 1570 1326 inpie
1603 1238 1606 1317 j

111 1362 181 1427 dros
198 1360 255 1421 111.
272 1355 365 1416 edidit
393 1354 489 1412 Lucas
513 1348 679 1409 bacharius
707 1353 779 1405 tom.
807 1342 830 1405 l.
886 1340 1027 1418 vilegium
1050 1341 1080 1401 S.
1102 1338 1236 1401 Medardi
1270 1342 1498 1403 suessionensis
1520 1349 1570 1401 tom
1604 1352 1606 1407 l

110 1455 210 1537 Spicil.
229 1454 252 1513 l.
269 1449 340 1509 edit.
361 1462 466 1520 novae,
481 1450 512 1503 et
528 1444 556 1501 in
576 1443 684 1501 llaoito
705 1437 831 1518 adjecto,
885 1433 989 1494 eodem
1013 1440 1090 1512 part.
1112 1435 1140 1493 2.
1163 1453 1190 1513 p.
1209 1434 1285 1498 285.

107 1552 188 1614 varia
206 1545 243 1606 de
259 1549 357 1605 aetate
379 1539 459 1600 illius
477 1534 659 1614 conjecerat,
677 1549 754 1611 quae
770 1548 829 1591 oon
924 1527 998 1589 Vide
1019 1527 1094 1591 lud.
1113 1528 1216 1590 iacobi
1238 1547 1256 1591 a
1280 1530 1312 1591 S.
1329 1532 1437 1594 Carolo
1452 1533 1571 1595 Bibllon·

107 1642 283 1721 repetimus.
316 1632 484 1697 lididerunt
508 1646 579 1690 vero
610 1636 713 1707 postea
741 1625 830 1686 Ednr.
885 1622 1005 1682 tihciam
1029 1642 1057 1701 p.
1077 1622 1146 1683 230.
1171 1624 1572 1705 Possevinidpparatnutll

106 1741 238 1800 hlsrtene
253 1739 284 1793 et
301 1729 429 1791 Ursinus
443 1722 604 1786 llurnndus
616 1731 686 1782 torn.
702 1721 735 1780 V.
750 1720 830 1780 dna·
884 1715 1321 1795 putamOldotnihmenaeum
1335 1718 1571 1800 homanump.ill

106 1830 262 1893 cdatorum
279 1824 335 1885 sub
354 1822 470 1881 initium
490 1815 721 1878 elltercatiouem
742 1812 831 1874 Theo·
923 1810 939 1847 '¹
959 1807 1041 1871 lnter
1056 1813 1210 1889 Epistolas
1227 1813 1267 1873 ab
1285 1832 1325 1874 eo
1342 1817 1470 1894 scriptas
1485 1832 1529 1876 una
1542 1821 1572 1874 erl

103 1921 182 2007 phili
205 1915 373 1984 Christiani
393 1919 423 1975 et
445 1910 573 1975 Simonis
604 1907 723 1986 durlaci,
740 1907 829 1987 cujus
884 1905 1047 1983 incipiens:
1066 1904 1240 1985 Pptocium,
1255 1924 1274 1967 e
1292 1925 1355 1986 qua
1375 1908 1571 1971 Canonemhre

106 2015 263 2080 Gennadio
280 2019 367 2083 teste,
385 2015 554 2070 auctorest
572 2005 732 2082 Euagrius,
750 1999 829 2062 unda
884 2001 985 2061 tianus
999 2002 1087 2076 eruit,
1102 2001 1178 2062 heac
1197 2016 1273 2062 vero
1291 2005 1444 2082 integram
1458 2003 1572 2064 Lahhreu

107 2111 259 2194 probabile
276 2103 439 2169 admodum
457 2118 525 2162 cese
542 2097 672 2159 credunt
689 2098 745 2156 viri
766 2095 830 2156 lau·

108 2207 179 2282 dati,
197 2203 360 2281 Evagrium
379 2198 435 2259 hoc
453 2211 572 2275 quoquc
587 2208 663 2271 opus
681 2191 830 2252 elaboras-

105 2318 159 2362 sc:
179 2300 262 2371 Quae
284 2291 513 2373 argumentatio,
537 2303 602 2347 mea
623 2285 744 2363 quidem
760 2300 829 2344 sen·

107 2395 214 2468 tentia,
228 2407 285 2451 noo
299 2385 443 2469 procedit,
459 2399 553 2463 quum
569 2382 661 2443 etlam
672 2379 748 2440 alter
764 2379 831 2457 qui·

103 2489 173 2550 dem
188 2485 354 2564 magnum
367 2482 475 2542 imitari
489 2478 628 2557 potuerit.
640 2475 762 2535 lnterim
775 2475 830 2532 Fa-

884 2095 1062 2172 erulgavit;
1079 2112 1134 2174 ego
1164 2112 1244 2173 quae
1272 2094 1406 2159 deerant
1425 2116 1461 2159 ex
1483 2096 1573 2159 uste

883 2188 949 2249 dice
965 2189 1163 2250 Bibliothecae
1177 2192 1357 2252 canonicor.
1377 2193 1492 2253 maioris
1506 2188 1574 2251 horle

884 2284 946 2344 siae
966 2284 1110 2344 Lucensis
1133 2285 1276 2364 suppleri
1290 2329 1299 2360 ,
1315 2293 1411 2365 alque
1427 2284 1543 2363 evulgari
1554 2283 1571 2339 in

884 2379 971 2456 priori
1002 2378 1154 2439 volumine
1181 2379 1393 2459 supplementi
1422 2378 1572 2442 concilium

885 2488 940 2534 suo
958 2472 1032 2535 loco.

924 2566 1147 2642 ZACllhlllAS,
1169 2567 1308 2630 incertae
1330 2570 1417 2632 sedis
1437 2573 1571 2651 Episcopi

882 2664 975 2744 culus
989 2665 1161 2725 Sermonem
1174 2661 1211 2724 de
1223 2664 1254 2726 S.
1272 2663 1406 2746 Georpio
1417 2665 1502 2728 edidit
1514 2667 1572 2725 bera

883 2761 939 2820 Pez
962 2758 1051 2821 Thes.
1073 2760 1186 2818 noviss.
1207 2758 1359 2821 hnccdot.
1383 2768 1405 2822 t.
1424 2762 1469 2822 lv.
1486 2754 1571 2839 parth

883 2871 950 2933 pag.
973 2857 1020 2917 46.

922 2948 1133 3012 hACllhlith
1152 2948 1346 3025 Benedictus,
1380 2951 1482 3023 ltalus,
1508 2946 1572 3028 pelis

883 3044 1069 3120 vicentinus,
1102 3044 1174 3106 Ord.
1206 3043 1382 3107 Certusiani
1416 3049 1445 3107 iu
1469 3041 1571 3105 cmmlh
1609 3112 1611 3137 Ι

882 3135 1572 3203 S.Andreaedelittoeellenemsctrcanltlt

102 2583 214 2645 bricius
228 2585 330 2640 noster
351 2594 441 2654 supra
460 2575 492 2637 V.
509 2569 702 2634 El'rlGlllUS
715 2568 827 2647 iunior,

109 2675 200 2753 hujus
217 2674 316 2753 operis
339 2671 475 2732 notitiam
497 2662 560 2749 jam
582 2663 727 2725 exhihuit.

145 2767 369 2839 ZhCllAllth,
382 2764 517 2825 Pontifex
534 2762 695 2831 hamanus,
709 2760 828 2819 natione

104 2864 248 2935 Graecus,
271 2871 408 2921 mortuus
442 2856 512 2918 752.
542 2872 632 2932 cujus
657 2855 753 2916 l'itam
776 2872 828 2933 per

104 2958 301 3020 Anastasium
334 2953 594 3014 bibliothecarium
625 2965 695 3010 cum
723 2957 825 3011 annot.

102 3059 134 3113 et
155 3051 375 3113 Commentario
399 3048 519 3128 praevio
540 3045 690 3107 dederunt
711 3045 827 3106 Bollan-

103 3145 199 3207 distae
221 3152 293 3206 lona.
316 3145 351 3205 ll.
374 3145 457 3204 hlurt.
477 3161 505 3221 p.
528 3141 594 3202 406.

144 3237 285 3318 Dialopas
307 3237 447 3316 Gregorii
461 3238 499 3297 lll.
512 3236 697 3296 inGraecum
715 3249 829 3295 sermo·

101 3352 171 3396 nem
194 3336 354 3406 convertit,
369 3332 408 3393 de
422 3348 552 3409 quorum
574 3329 754 3391 editionibus
775 3331 828 3391 Fa·

100 3429 214 3490 bricius
236 3434 338 3488 noster
359 3424 564 3489 consulendus
578 3442 669 3503 supra
684 3423 717 3484 V.
736 3424 828 3485 GliE-
880 3442 1004 3505 operum
1027 3425 1107 3485 illius
1128 3425 1289 3498 Bruoonls,
1323 3425 1465 3486 editionis
1493 3423 1573 3484 isaeo

101 3521 253 3585 Goulos.
274 3519 350 3583 lllud
373 3519 584 3581 observatione
616 3518 743 3596 dignum
765 3536 828 3579 me·
880 3522 992 3582 siaoae.
1014 3518 1166 3599 originem
1180 3517 1300 3580 ordinis
1317 3517 1495 3582 cartusiam
1510 3514 1573 3576 ham

101 3624 199 3679 morat
233 3619 294 3677 lac.
331 3612 609 3694 basnagius,quod
643 3613 826 3674 Graecorum
880 3615 937 3675 sub
958 3613 1049 3674 houm
1069 3629 1193 3690 operum
1228 3614 1385 3674 Brunonis
1416 3609 1571 3674 Cartusieai.

100 3713 287 3772 sententiam
310 3709 347 3769 de
368 3710 559 3788 processione
590 3708 720 3784 Spiritus
750 3706 825 3769 Sa
880 3714 961 3770 tomo
983 3706 1034 3768 lll.
1055 3705 1167 3768 Theod.
1189 3702 1299 3784 Petreji
1322 3708 1401 3768 Bibl.
1429 3706 1570 3771 canosini
1611 3758 1613 3765 .

101 3805 164 3865 solo
186 3806 272 3866 Patro
287 3805 416 3863 versioni
433 3819 505 3864 suae
524 3803 729 3862 immiscuerit.
749 3803 824 3863 Nam
879 3823 909 3885 p.
929 3804 999 3865 297.
1020 3803 1146 3864 Vossius
1167 3801 1205 3861 de
1223 3803 1301 3862 llist.
1322 3804 1387 3863 lat.
1405 3821 1434 3883 p.
1452 3802 1511 3864 649.
1526 3797 1572 3858 Cu.
1611 3800 1613 3859 ἐ

101 3915 178 3976 quae
201 3899 361 3976 Gregorius
383 3899 493 3973 llialog.
518 3898 553 3958 ll.
568 3896 617 3958 38.
633 3900 672 3958 ita
688 3899 822 3975 scripsit:
877 3899 938 3958 los.
961 3899 1072 3959 hlorotii
1095 3896 1259 3958 Theatrum
1283 3898 1428 3961 Chronol.
1445 3897 1507 3962 Ord.
1521 3896 1570 3956 Cet·

104 3992 179 4054 Cum
202 3992 280 4052 enim
299 3997 417 4065 coarctet,
439 3991 511 4072 quia
534 3987 712 4051 Paracletus
729 3990 825 4070 Spiri-
879 3995 987 4055 tusianl
1010 4011 1039 4070 p.
1061 3993 1129 4054 446.

102 4089 151 4148 tus
172 4104 192 4145 a
214 4088 305 4146 Patre
325 4102 442 4164 semper
458 4084 603 4164 procedat
618 4091 646 4145 et
660 4082 736 4144 Filio
746 4104 756 4159 ;
774 4086 825 4144 Za·
919 4086 1130 4149 ZhCllhlith
1161 4085 1198 4146 de
1230 4088 1380 4164 Bozonis,
1417 4081 1569 4153 &mmuh

101 4180 220 4242 charius
252 4182 292 4239 ita
328 4184 436 4240 vertit:
470 4181 580 4260 Aperte
613 4180 705 4258 igitur
731 4184 823 4258 patet,
878 4181 950 4244 Ord.
972 4184 1174 4243 Eremitarum
1192 4182 1223 4243 S.
1242 4182 1420 4262 Augustini,
1438 4181 1568 4245 retortae

101 4273 182 4357 quod
203 4271 380 4334 Paracletus
401 4292 421 4332 a
448 4275 540 4335 Patre
563 4273 707 4355 procedit,
734 4280 764 4335 et
795 4272 825 4335 iu
880 4277 958 4337 nobil
979 4278 1075 4356 patrii,
1097 4283 1201 4356 postea
1224 4279 1477 4341 Paenitentiarius
1495 4272 1568 4337 Basili·
1612 4294 1614 4343 l

101 4367 178 4431 Filio
197 4373 363 4450 permanet.
382 4366 531 4446 Epistolas
548 4369 661 4447 aliquot
676 4369 756 4431 illius
773 4368 824 4432 ha·
878 4388 932 4434 coa
963 4372 994 4432 S.
1026 4373 1117 4448 Petri,
1142 4370 1267 4434 demum
1303 4373 1432 4437 Sacrarii
1463 4364 1567 4435 Pontifici
1612 4406 1615 4451 ;

99 4463 154 4525 bes
176 4465 254 4525 inter
275 4461 427 4541 Epistulas
447 4462 622 4524 Pontificum
639 4480 655 4523 a
674 4464 824 4541 Grelsero,
879 4466 992 4528 Custos
1012 4468 1208 4528 renunciatus
1228 4483 1257 4528 a.
1281 4466 1374 4529 4498.
1396 4475 1462 4548 past
1479 4460 1566 4543 quado-
1612 4480 1615 4535 4

100 4565 132 4618 et
153 4559 357 4618 bonifacianas
380 4573 396 4616 a
417 4557 534 4617 Seraria
561 4556 676 4630 editas,
698 4557 726 4616 in
750 4556 825 4618 Con·
879 4560 1093 4621 eriniumobiit.
1111 4561 1239 4638 Scripsit
1256 4562 1435 4624 Tractatum
1451 4548 1566 4621 demtrl't
1613 4550 1615 4635 ζ

101 4650 177 4711 ciliis
199 4651 330 4723 Galliae,
352 4655 424 4713 lom.
452 4651 502 4712 lll.
531 4651 729 4712 conciliorum
753 4652 823 4713 llar-
877 4652 997 4721 ritibus.
1019 4656 1070 4734 qui
1094 4655 1121 4714 ln
1145 4655 1218 4716 Bibl.
1233 4657 1379 4718 Vaticana
1397 4658 1454 4718 tls.
1468 4644 1566 4715 custodi

100 4743 184 4805 duini
208 4763 273 4824 pag.
297 4745 375 4807 4877
406 4764 490 4825 seqq.
513 4747 541 4804 in
564 4744 672 4806 Codice
705 4748 821 4824 piarum
878 4756 935 4811 tur.
958 4748 1104 4810 Oldolnus
1126 4750 1154 4808 io
1176 4748 1338 4811 Athenaeo
1370 4751 1507 4831 ligustico
1529 4754 1564 4819 44·

104 4836 300 4900 donationum
323 4839 399 4900 hub.
422 4841 520 4902 hliraei
543 4857 570 4919 p.
593 4839 642 4901 12.
664 4841 731 4901 640.
752 4841 820 4904 644.
877 4843 1035 4924 ginadhsl.
1056 4843 1141 4904 huda
1175 4841 1361 4907 Gaodollum
1394 4843 1432 4904 de
1459 4832 1563 4903 ruauh

103 4929 132 4989 in
155 4931 229 4995 bibl.
247 4929 434 4997 Floriaceosi
456 4935 498 4995 lo.
520 4950 538 4996 a
559 4936 652 4996 bosco
678 4941 749 4997 tom.
771 4936 821 4999 lll.
879 4937 1108 5019 Augustinlanis
1128 4936 1330 5023 scriptoribus
1351 4956 1381 5021 p.
1400 4935 1463 5003 att

882 3233 1009 3311 Scripsit
1045 3233 1138 3296 Vitam
1159 3236 1190 3296 S.
1214 3235 1391 3306 Bruuonis‚
1424 3238 1472 3316 qui
1500 3239 1573 3295 auctu

881 3337 946 3391 erat
963 3330 1077 3391 ordinis
1101 3328 1182 3398 dicti,
1216 3336 1249 3389 et
1283 3333 1438 3408 reperitur
1467 3332 1492 3389 in
1518 3325 1573 3387 rehu
