3542 5424
623 216 976 280 navalianns
1502 225 1537 287 51

96 333 201 398 464446.
211 325 574 395 unacurncontinuatione
586 321 768 388 saltatui
825 335 859 390 ut
871 331 1004 389 ioannes
1018 323 1160 388 Picardus
1171 327 1208 388 ad
1226 327 1406 390 anselmum
1419 330 1548 392 Cantus-

96 420 359 506 rononiense.
377 419 465 483 taso.
478 419 516 480 ad
534 415 620 481 4673.
643 419 689 496 (64
710 435 770 496 qna
825 426 955 483 riensem
974 439 1039 500 pag.
1056 421 1113 482 stt
1131 423 1180 483 alii
1204 429 1237 483 ut
1253 423 1423 485 Matthaeus
1447 425 1548 486 44444-

95 535 161 602 supra
186 527 249 579 nni.
269 518 298 578 3.
330 531 397 594 pag.
426 513 503 587 463.)
532 512 612 573 edita
639 513 770 592 primurn
827 517 1073 577 monasteriensis
1091 533 1156 594 pag.
1170 516 1239 575 3l9.
1258 518 1415 578 Parisinrn.

93 614 207 678 llatthaeo
236 609 361 671 Paritero
393 605 530 685 archiep.
563 604 771 668 cantuariensi
866 607 1084 670 nitidans
1111 607 1281 669 Patavinas
1305 610 1546 687 Augustinianus

93 713 187 770 curante
203 703 288 765 Land.
305 699 393 764 4574.
409 699 459 761 lol.
471 707 503 761 et
516 699 645 762 ildeliter
656 712 773 772 recusa,
827 703 938 764 charas
955 701 1103 764 Clementi
1122 704 1168 763 vi.
1193 719 1285 782 quern
1313 705 1421 786 Papam
1454 706 1548 765 inisse

93 817 117 862 sc
130 800 305 876 neutiquam,
324 802 359 856 ut
376 797 475 856 visum
504 795 629 856 Bononio
651 800 683 853 et
704 794 775 852 Pos-
828 802 947 858 constat
965 795 1002 856 ab
1019 793 1076 855 dn.
1091 795 1179 857 tata.
1197 797 1233 857 ad
1251 797 1337 858 4366.
1354 797 1400 858 liv
1430 801 1550 878 scriptis

92 897 188 966 sevino,
206 891 240 951 ab
266 890 425 951 haereticis
457 888 653 968 interpolata,
674 886 774 964 Tigurl
829 889 896 970 ejus
911 887 983 950 nihil
995 891 1013 950 a
1026 888 1193 949 Possevino
1208 936 1215 966 ,
1231 890 1280 950 vel
1299 891 1431 971 Philippo
1450 894 1548 954 Elssio

92 987 156 1048 4646.
171 985 213 1046 iol.
229 983 336 1044 deinde
358 984 502 1062 singulari
524 981 624 1044 studio
644 980 775 1040 wilelmi
830 999 895 1062 pag.
916 981 983 1042 tis.
1001 984 1205 1044 encomiastici
1216 981 1426 1063 angustiarent
1439 995 1551 1062 memo·

93 1080 171 1152 Wats,
184 1079 314 1138 linctnris
330 1077 473 1154 Theologi
496 1075 588 1137 Lond.
606 1075 693 1137 4640.
721 1075 775 1134 Pa·
830 1079 890 1137 rari
907 1075 995 1136 video
1013 1093 1104 1155 qnam
1123 1077 1304 1155 Sermones,
1331 1096 1429 1158 neque
1453 1078 1551 1141 editas

91 1177 127 1235 ris
143 1173 209 1234 4644
222 1179 313 1250 atque
330 1173 438 1232 iterum
455 1169 546 1230 Lond.
566 1169 641 1229 4684
658 1168 707 1228 iol.
724 1167 776 1246 qui
831 1170 898 1231 illos
915 1169 967 1229 sed
987 1171 1123 1230 Veronae
1140 1171 1368 1250 ilanuseriptos.

89 1269 275 1346 dannsmiptos
293 1263 419 1325 Codices
437 1270 469 1326 et
493 1261 662 1325 chronicon
679 1260 778 1321 ninus
871 1261 1087 1325 itihTi’ilAEUS
1106 1261 1294 1337 Platcorins,
1308 1265 1553 1328 Medicus-Saler-

90 1363 138 1421 sive
153 1361 313 1438 Epitomen,
332 1357 478 1418 Guilelmi
506 1355 662 1416 hembardi
686 1371 777 1415 mann
833 1359 975 1431 ultanus,
992 1373 1084 1435 quern
1113 1363 1252 1418 secutum
1270 1374 1304 1418 se
1332 1375 1402 1420 esse
1422 1367 1553 1422 testatur

89 1461 213 1514 eraratmu
230 1450 470 1512 armentalia.
489 1457 520 1509 44
535 1450 563 1508 in
582 1450 778 1528 prioreparte
832 1451 968 1529 AEgidius
979 1447 1169 1528 corbeiensis
1181 1453 1233 1530 qni
1245 1453 1323 1514 circa
1335 1454 1371 1514 ll.
1385 1455 1554 1516 44984444-

88 1544 206 1623 usquead
220 1561 268 1606 an.
289 1545 375 1606 t235.
391 1542 518 1602 contulit
532 1542 700 1604 Chronicnn
716 1541 779 1602 RO-
832 1547 913 1623 psit,
932 1549 965 1605 ut
982 1543 1043 1604 dixi
1060 1561 1151 1623 snpra
1170 1551 1242 1605 tom.
1262 1549 1273 1608 4
1295 1564 1363 1626 pag.
1382 1547 1430 1608 20.
1451 1549 1551 1632 itaque
1664 1560 1669 1570 ·

90 1635 155 1699 66444
173 1635 359 1718 ii'endooeri,
376 1635 465 1713 cujus
478 1633 613 1713 vestigiis
625 1640 777 1696 auctorem
831 1636 1013 1699 Medicarum
1034 1637 1289 1700 Bibliothecarunt
1312 1644 1477 1720 scriptores
1494 1657 1553 1701 non

87 1731 207 1792 institisse
233 1737 374 1811 apparet,
405 1731 622 1808 subiunxitque
652 1727 779 1789 ineditas
834 1731 935 1792 minus
956 1729 993 1790 de
1008 1737 1107 1790 aetate
1129 1731 1267 1793 Platearii
1292 1733 1555 1814 lallnntur,quarn

86 1831 154 1885 anna
168 1825 306 1886 liatthaei
323 1823 404 1885 Vitas
417 1821 547 1883 damam
557 1823 694 1902 offanum
705 1823 780 1883 lier-
834 1824 871 1884 de
883 1825 1090 1903 praenomine,
1101 1840 1171 1884 curn
1184 1827 1347 1886 vocantia.
1357 1813 1555 1888 Plateorinvn.
1740 1907 1743 1914 Ι

85 1919 271 1997 chadigam,
291 1921 385 1998 patris
399 1924 432 1978 et
449 1917 520 1992 lilii,
539 1933 555 1976 e
573 1916 684 1995 quihus
699 1915 780 1976 ivlius
835 1915 881 1978 lta
903 1933 974 1977 vero
995 1915 1136 1977 laudatus
1158 1917 1295 1996 AEgidius
1313 1921 1451 1999 praeiad
1464 1923 1556 1983 libros
1648 1927 1650 1932 ’

86 2009 241 2072 manchium
261 2013 295 2073 S.
311 2011 417 2072 Albani
438 2010 586 2084 condidit,
603 2009 691 2088 cujus
712 2011 780 2070 reli·
835 2013 874 2073 iV
891 2010 929 2072 de
950 2011 1156 2072 virtutihuset
1169 2008 1554 2093 laudibuscampositorum

85 2103 153 2179 quiae
168 2117 274 2164 recens
290 2106 431 2164 inventae
446 2119 494 2164 an.
506 2103 574 2164 793.
587 2105 612 2180 a)
629 2109 661 2163 et
676 2099 782 2180 siponti
838 2105 1125 2167 medicamentorum
1159 2105 1260 2166 editus
1287 2107 1305 2166 6
1331 2110 1366 2168 Β.
1394 2109 1555 2189 Polycarpo

85 2193 157 2256 Man
169 2197 198 2258 S.
214 2195 327 2258 anana
343 2191 512 2272 Adlatum,
527 2211 582 2257 nec
598 2211 656 2256 non
672 2193 782 2256 tiaran
837 2202 973 2278 Leysero‘
986 2200 1014 2258 in
1034 2198 1156 2259 historia
1169 2213 1296 2277 poeseos
1309 2200 1398 2261 medii
1410 2203 1478 2262 aevi
1490 2219 1556 2280 pag.

85 2287 334 2372 additamentasnnv
352 2307 442 2369 quem
457 2291 627 2352 Matthaeus
641 2291 783 2370 supplen—
839 2293 906 2354 snt.
925 2290 1042 2352 tondeo
1058 2297 1089 2353 et
1104 2291 1231 2352 virtutes
1245 2292 1376 2354 annium
1386 2293 1556 2355 medicami-

86 2379 120 2440 dis
138 2384 181 2444 vel
210 2378 400 2446 illustrandis
421 2387 513 2445 variis
541 2385 682 2444 historiae
705 2397 783 2444 suae
838 2401 910 2445 nam
930 2382 1095 2446 secundnm
1111 2384 1297 2446 antidotorii
1311 2386 1420 2448 scriem
1438 2389 1557 2467 emposi

84 2473 520 2558 laciacornposuit.Singularem
533 2493 653 2556 quoque
664 2478 784 2539 landant
840 2474 928 2535 tionis
945 2479 1093 2534 tamenin
1110 2474 1226 2552 glossas
1238 2491 1329 2554 super
1341 2476 1552 2538 antidotarium

84 2579 217 2632 nemutur
242 2571 364 2634 additae
381 2589 398 2632 a
417 2567 533 2631 Watsio
548 2572 652 2632 Variae
671 2571 785 2631 Lectio
840 2567 1012 2645 (nicotii)
1038 2585 1059 2627 a
1084 2569 1228 2662 Magistro
1252 2567 1448 2632 MATTHAEO
1473 2571 1558 2632 Pth-

83 2671 139 2736 ne's,
159 2681 266 2727 vocum
291 2665 484 2726 barbararum
507 2666 710 2744 glossarium,
733 2663 785 2724 ad·
839 2659 979 2722 TEARIO
1006 2659 1100 2722 editos
1131 2661 1346 2722 constituentes.
1375 2663 1501 2742 Scripsit
1526 2672 1557 2724 ot

83 2759 212 2832 aeraria,
236 2758 423 2837 iudicesque.
452 2757 616 2820 Historiam
637 2755 676 2817 ab
703 2755 782 2818 Orda
839 2753 951 2814 libram
967 2752 1002 2814 de
1017 2750 1145 2834 simplici
1155 2753 1303 2815 medicina
1312 2753 1485 2834 frequenter
1494 2757 1558 2818 lau-

80 2848 174 2909 condito
195 2866 293 2934 mons
311 2851 353 2912 aci
367 2852 485 2912 Annam
507 2853 593 2913 4666.
620 2854 783 2914 Mannscri·
835 2845 938 2910 datum
962 2849 990 2906 in
1020 2849 1165 2908 vincentii
1189 2848 1413 2914 Bellovacensis
1431 2851 1557 2928 Speculo

80 2947 149 3016 pum
166 2947 194 3005 in
216 2947 296 3008 Bihl.
320 2944 482 3022 SidneJ'ana
502 2952 648 3006 memorat
668 2948 786 3008 Pitsaus
838 2940 969 3002 Naturali
983 2939 1064 3018 (vide
1075 2941 1149 3000 Bibl.
1162 2942 1213 3000 Gr.
1225 2947 1295 3001 tom.
1308 2941 1386 3004 xiv.
1400 2959 1464 3020 pag.
1479 2941 1556 3019 426.)

81 3049 131 3113 lisg-
151 3040 218 3100 638.
246 3057 287 3101 ex
317 3055 377 3119 qna
410 3040 572 3118 proiecisse
603 3040 784 3100 llatthaenm
839 3041 903 3094 turn
921 3032 1088 3113 practicam
1105 3033 1227 3094 brevem
1250 3032 1423 3095 martorum
1448 3051 1559 3095 curan·

81 3121 442 3207 westmonasteriensem,
472 3135 538 3193 sive.
569 3129 667 3211 potius
689 3140 784 3193 totum
839 3125 959 3187 daun.
981 3129 1025 3187 De
1056 3127 1238 3188 editionibus
1265 3127 1336 3190 vide
1362 3128 1557 3206 tindeniunr,
1668 3211 1669 3216 ἵ

81 3228 252 3298 expressisse
283 3233 369 3287 notat
395 3234 465 3305 post
486 3225 621 3287 Caveuru
653 3226 786 3304 aliosque
839 3219 1035 3289 ilerllinum,
1053 3221 1236 3297 hiangetum.

80 3309 140 3374 dail.
155 3319 279 3380 liichols
294 3322 326 3378 in
339 3320 414 3380 Bihl.
434 3319 644 3386 historicarum
663 3320 786 3398 angliae
879 3309 1095 3373 MATTHAEUS
1112 3311 1244 3373 Polonas
1269 3313 1421 3392 (diversus
1441 3317 1458 3374 a
1486 3318 1561 3376 liat·

78 3417 130 3483 pag.
148 3409 195 3470 aa.
218 3413 383 3474 Praeterea
406 3413 515 3472 linteus
535 3414 584 3474 lv,
605 3413 652 3473 27,
671 3429 786 3473 memo·
841 3405 929 3467 thaso
948 3404 986 3465 de
1002 3404 1146 3466 cracovia
1162 3408 1371 3481 pomeraniae,
1390 3423 1480 3487 supra
1492 3427 1559 3490 pag.

79 3500 362 3588 ntllescrvph'onenv
376 3502 791 3585 Mundisivetahulamgeo-
845 3499 912 3576 47.)
941 3498 1148 3561 cracoviensis
1179 3515 1215 3560 er
1249 3500 1390 3560 cracovia
1423 3501 1558 3562 Palaniae

80 3595 233 3672 taphnan
258 3599 390 3673 rudem,
418 3601 619 3676 praemissam
646 3583 791 3660 historiae
845 3593 999 3672 metropoli
1016 3640 1023 3670 ,
1040 3593 1200 3654 defunctus
1217 3591 1252 3651 Α.
1271 3593 1359 3654 itta.
1377 3593 1465 3669 cnjus
1481 3595 1560 3670 apud

80 3680 263 3753 isannem.
291 3693 382 3770 hegio
414 3691 505 3753 lond.
532 3691 606 3753 Vide
627 3692 781 3772 Oudinum
844 3687 1041 3747 Possevinunr
1056 3694 1147 3764 atque
1173 3686 1246 3746 alios
1267 3692 1473 3745 memorantur
1494 3686 1560 3747 Eas-

80 3779 135 3839 lin.
146 3783 173 3843 3.
189 3803 258 3865 pag.
278 3787 329 3848 28.
348 3803 412 3864 seq.
422 3785 588 3847 Historiam
598 3783 787 3867 Hydarnien·
840 3779 947 3860 positio
970 3779 1187 3852 Ecclesiastoc,
1210 3779 1331 3840 Cantici
1350 3778 1560 3854 Contionum,

80 3869 143 3934 tien
157 3893 236 3956 quae
255 3882 380 3959 incipit:
403 3881 531 3959 Mopvvns
553 3879 708 3940 Patricius
725 3881 789 3960 Hy·
845 3873 994 3936 Mattiaci
1021 3879 1051 3934 et
1071 3871 1223 3952 Epistoloc
1250 3874 1292 3933 ad
1319 3877 1484 3950 Rampiana,
1506 3894 1561 3936 nec

82 3957 527 4035 tonnamconterhistoriam
542 3973 790 4040 iiatthaeiParls.
846 3985 904 4028 non
927 3965 1003 4027 liber
1023 3965 1059 4027 ds
1080 3983 1182 4039 amare
1202 3965 1369 4029 charitatis.
1441 4055 1443 4060 ,

81 4055 169 4124 dan.
188 4067 281 4130 itas.
304 4066 399 4128 Vitam
416 4063 586 4128 Eodmnndi
609 4069 703 4129 llichii
732 4069 790 4129 ilr-
885 4061 952 4140 )209
970 4059 1206 4121 aestuantis
1227 4063 1317 4121 itania
1338 4063 1472 4122 Venetus
1489 4060 1562 4124 Ord.
1662 4090 1665 4102 ·

27 4147 29 4224 i
82 4149 244 4240 ibiepiscopi
281 4162 423 4222 cantuar,
443 4177 533 4240 quam
566 4160 668 4223 laudat
699 4164 811 4222 etiam,
844 4154 1113 4215 Benedict.Monlis
1126 4153 1237 4215 Oliv't‘ti
1249 4155 1412 4245 Monachus
1427 4158 1479 4234 qui
1491 4157 1563 4216 obiit

27 4231 29 4318 i
83 4241 384 4334 nosmetipsis.
401 4254 648 4318 sentennaco
669 4253 792 4316 Vicanio
846 4264 874 4309 a.
892 4247 1139 4324 withingum
1154 4249 1320 4326 aplicans
1337 4249 1489 4327 nitigherii
1509 4250 1564 4311 Co

27 4383 28 4410 2
83 4347 107 4396 a
119 4343 230 4424 nupera
247 4345 405 4410 BACONE
430 4348 595 4428 proiecisse
614 4363 685 4409 eum
703 4356 792 4408 testa·
848 4337 1043 4418 mactiones
1054 4337 1156 4402 italico
1173 4343 1202 4400 iu
1214 4349 1343 4402 metrum
1355 4343 1480 4403 latinum
1496 4359 1564 4404 vere

27 4431 29 4468 l
85 4433 133 4496 lus,
149 4439 295 4503 vanna.
315 4438 470 4517 saviaci,
485 4448 517 4502 et
533 4443 564 4504 8.
579 4439 715 4504 Volstani
722 4443 798 4521 lipi-
852 4439 896 4495 tit.
918 4434 1123 4496 Deaodicihns
1133 4435 1215 4497 MSS.
1229 4431 1305 4496 Vide
1320 4435 1361 4496 De
1380 4438 1501 4497 Batines
1515 4436 1564 4498 ar·-

85 4535 160 4609 stop.
170 4535 327 4597 Chronica
342 4536 461 4621 majora
475 4533 796 4614 concatenatione,
852 4527 1007 4609 ttioprufia
1023 4529 1173 4589 Dantesaa
1191 4531 1219 4590 4.
1235 4527 1306 4590 237.
1322 4529 1417 4592 Proto
1436 4531 1543 4603 4845.)

85 4623 156 4687 etde
174 4631 322 4710 passione
343 4631 374 4694 8.
401 4628 578 4713 amphibali.
611 4632 794 4694 Matthaeum
890 4619 1111 4686 tinnientis
1132 4621 1168 4683 de
1195 4621 1305 4684 linteis
1333 4623 1480 4697 Ursinus,
1509 4623 1564 4681 llo-

89 4713 213 4783 Porvdcvn
231 4725 317 4786 hunc
334 4727 511 4804 scriptorem
524 4733 633 4787 vocant
648 4725 794 4803 nonnulli,
850 4732 978 4795 manus,
999 4715 1120 4779 Ordinis
1140 4717 1286 4778 lilinornm
1309 4718 1474 4787 Patronus,
1492 4713 1564 4774 Car-

850 4811 960 4873 dinalis
980 4811 1018 4870 ab
1038 4808 1073 4870 h.
1098 4810 1185 4872 4264.
1207 4809 1362 4886 usquead
1385 4806 1470 4869 4366.
1502 4824 1562 4883 quo

118 4919 241 4980 sionna
259 4927 322 4976 sss
332 4926 443 4976 unctor.
460 4925 500 4974 aa.
520 4927 590 4976 suun
611 4929 683 4976 rom.
697 4883 752 4977 vv.¹
848 4905 921 4967 obiit
941 4907 1074 4980 Perusii,
1096 4903 1205 4981 ilioque
1225 4901 1385 4966 intervallo
1405 4898 1561 4961 duodecim
