3654 5408
654 188 1019 272 0100000118
1505 205 1564 266 377

1 337 3 344 ν
68 291 521 375 4414441444444411440464444
538 294 787 372 Praedicatorum,
843 299 891 360 nis
905 300 1065 362 ltartinum
1083 303 1292 380 praecesserit.
1308 306 1402 368 Docet
1419 307 1475 368 hoo
1491 311 1562 372 ller-

70 391 253 470 Thenlogiae
275 390 416 466 llagIster
436 389 635 463 oxoniensis,
655 406 682 452 a.
702 391 789 452 4090.
844 407 974 456 mannus
996 393 1188 458 WiteIdndua
1203 438 1210 472 ,
1228 397 1380 460 Professor
1394 401 1565 465 lleidelber-

70 481 199 563 Scripsit
220 483 367 547 Lecturus
391 497 484 560 saper
511 481 690 562 0494444444
719 485 791 546 Sen-
843 489 946 566 gensis
968 490 997 548 in
1020 490 1119 554 libello
1149 507 1210 570 quo
1242 493 1353 570 tradit,
1374 495 1493 575 Papam
1513 499 1565 558 Io-

69 573 450 650 casaromaniana
476 575 507 636 in
538 576 573 635 D.
602 578 788 640 Beneventu-
843 595 949 642 annem
974 582 1052 643 VIII.
1071 581 1168 664 samse
1197 583 1362 648 mulierem.
1384 589 1458 651 11464
1488 577 1572 654 0461.

69 688 159 742 mm,
183 669 382 746 eraestioner
403 666 635 749 quodlibeticas,
658 671 700 732 414
723 671 792 732 Ilni-
845 675 1041 761 bremensem
1063 675 1168 738 Classe
1187 679 1248 740 Vll.
1269 698 1296 758 p.
1312 681 1380 742 936.
1399 683 1469 744 939.

70 771 130 826 1444
146 766 298 839 Formae,
318 762 357 823 64
378 761 549 826 immediata
573 763 686 826 Visione
715 764 789 840 Dei,
884 767 1110 830 Sententiarum
1154 788 1358 846 4444444444
1397 777 1510 840 Veteris
1540 784 1570 840 et

69 866 101 920 et
122 858 193 921 alia.
214 855 365 924 lelandus
386 873 413 917 4.
435 857 504 921 384..
522 857 649 920 Bulaeus
666 857 790 920 Centur.
845 857 924 920 Noui
942 859 1122 924 Testamenti
1140 861 1234 926 446444
1254 866 1293 926 II.
1318 869 1373 946 ipsi
1407 871 1565 947 tribuunt,

69 952 119 1014 lv.
140 952 192 1012 63.
218 951 338 1010 l’itseus
369 965 397 1009 4.
429 947 498 1012 1483.
532 953 593 1012 144.
624 950 727 1036 0444144
753 950 791 1012 de
845 950 883 1012 ds
903 969 962 1030 qua
984 971 1016 1014 ro
1036 956 1189 1018 Fabricius
1214 966 1318 1022 noster
1334 977 1425 1041 supra
1450 971 1522 1026 tom.
1540 969 1562 1028 l.

69 1043 278 1122 ScriptorIbas
308 1041 379 1103 Ord.
402 1041 643 1106 praedicatorum
665 1051 746 1106 tomo
768 1047 788 1106 l.
845 1061 911 1124 pag.
929 1045 998 1108 881.
1017 1054 1090 1109 tom.
1108 1051 1155 1111 IV.
1174 1069 1201 1130 p.
1220 1051 1292 1114 t77.

68 1153 138 1215 pag.
159 1133 228 1196 147.
251 1133 405 1220 4114444444
423 1152 452 1214 p.
472 1135 518 1196 48.
537 1152 627 1216 supra
649 1138 696 1198 IV·
721 1137 789 1198 396.
884 1137 900 1172 ¹*
921 1125 1017 1210 Quam
1033 1143 1211 1204 Muratorius
1228 1146 1363 1225 vulgavit
1382 1149 1410 1208 in
1426 1156 1498 1210 tom.
1514 1152 1562 1211 lv.

108 1228 330 1291 0100400118
362 1225 591 1304 cluanensis,
627 1230 793 1292 monachus
845 1228 947 1308 Antiq.
967 1232 1053 1294 lledii
1075 1234 1151 1296 Aevi
1173 1253 1238 1315 pag.
1254 1239 1304 1299 80.
1324 1239 1486 1304 Historiam
1510 1243 1559 1304 Ri-

68 1321 142 1384 046.
164 1323 195 1384 8.
217 1320 394 1395 Benedicti,
416 1322 742 1399 petrial’ictavieasis,
764 1341 791 1385 a.
845 1321 947 1384 4144461
979 1327 1187 1388 614444444444
1218 1330 1351 1392 41444464
1383 1336 1500 1396 nonnisi
1527 1336 1565 1398 ad

71 1415 164 1478 ⁴260.
186 1415 314 1493 Scripsit
346 1413 551 1476 Ile'storinrnm
583 1420 784 1494 temporanee
847 1416 904 1476 44.
925 1419 1003 1480 4463
1023 1420 1194 1500 pertingere
1211 1432 1329 1484 certum
1350 1433 1407 1486 est.
1429 1426 1562 1499 Quarea

70 1508 290 1572 Chronicarum
311 1505 360 1568 tib.
384 1508 408 1568 1.
427 1512 459 1568 et.
470 1507 676 1588 Epistoiarum
693 1509 736 1570 46
748 1509 792 1572 di-
847 1526 917 1571 vera
933 1511 1095 1590 plurimum
1117 1514 1237 1576 4644444
1251 1516 1497 1582 bibliothecarius
1512 1539 1565 1583 no·

68 1618 175 1664 4444444
196 1598 244 1662 lid.
269 1603 292 1663 I.
314 1601 554 1664 Trithemiuede
572 1601 712 1680 Scriptnr.
734 1605 791 1666 Ec·
847 1609 929 1677 ster,
947 1607 998 1683 qui
1014 1605 1170 1668 historiam
1193 1608 1269 1672 hauc
1286 1627 1304 1670 a
1320 1612 1480 1674 lluratorio
1494 1631 1564 1693 pro-

69 1695 141 1758 cles.
164 1711 191 1756 4.
214 1695 282 1756 380.
301 1693 448 1756 Carmina
469 1693 506 1756 de
528 1693 792 1760 Cluniaoenaima·
846 1695 967 1759 ductam
989 1701 1025 1762 ad
1048 1716 1097 1760 an.
1131 1717 1227 1780 usque
1256 1692 1343 1764 4399.
1373 1713 1561 1785 prorogatam

69 1787 222 1864 austerio,
239 1786 275 1849 64
292 1785 402 1866 4449114
417 1792 447 1848 41
462 1788 528 1868 ejus
546 1786 653 1864 lande,
669 1788 704 1849 64
719 1791 792 1852 Lori·
847 1790 960 1852 scribit.
974 1795 1100 1856 Historia
1112 1793 1250 1856 04464461
1270 1812 1287 1856 4
1303 1797 1333 1856 P.
1347 1799 1480 1860 41444444
1499 1799 1569 1862 vul.

68 1879 137 1940 dina
170 1884 201 1939 44
230 1880 294 1960 ejus
324 1877 434 1955 laude,
456 1881 491 1940 64
519 1881 792 1960 14444644446444
846 1889 915 1961 gata
933 1901 972 1946 44
990 1885 1046 1948 644
1065 1889 1128 1966 ipsa
1145 1893 1267 1966 accepta
1285 1887 1406 1965 quidem
1424 1897 1490 1964 est,
1508 1889 1562 1952 sed

70 1971 190 2035 Christi
196 2021 206 2047 ,
227 1969 263 2032 de
285 1971 389 2033 llario
409 1971 611 2051 4449641444,
628 1973 664 2036 64
675 1977 715 2035 0.
735 1977 793 2038 Co·
846 1976 916 2039 hiae
931 1978 1000 2040 inde
1015 1987 1142 2059 excepta
1159 1997 1218 2042 non
1235 1997 1306 2042 vero
1321 1983 1437 2060 integre
1450 1982 1564 2044 descri-

69 2063 205 2137 tdnrinn,
219 2064 460 2145 Epryrammata.
476 2067 604 2128 0414444
615 2067 791 2130 0444414111.
846 2076 907 2148 pta.
927 2071 962 2132 ln
983 2072 1042 2133 fine
1059 2072 1200 2134 historiae
1217 2074 1309 2150 huius
1328 2075 1407 2152 apud
1429 2075 1563 2138 144444444-

69 2161 119 2223 49.
152 2158 322 2222 chronicon
354 2176 446 2239 supra
466 2159 580 2222 dictum
612 2177 629 2222 a
663 2162 791 2224 Caesare
848 2164 925 2224 rium
948 2172 1033 2225 extat
1052 2166 1208 2245 catalogus
1227 2166 1427 2230 Romanorum
1444 2168 1563 2230 Pontifi-

68 2253 236 2316 Octaviaaa
257 2253 411 2332 usquead
433 2251 618 2316 ludovicum
634 2255 789 2318 Iuniorem
844 2272 914 2318 cum
936 2255 1014 2317 idem
1038 2258 1127 2337 plane
1147 2263 1200 2336 qui
1226 2275 1264 2319 ex
1288 2259 1399 2322 Codice
1420 2261 1562 2324 Vaticano

69 2348 137 2406 sive
160 2346 222 2406 llll.
243 2344 356 2406 Galliae
377 2343 511 2424 Regem,
528 2348 578 2424 qui
596 2364 623 2408 a.
641 2345 728 2409 4437.
744 2366 791 2408 re·
840 2347 903 2426 jam
926 2350 1098 2416 innotuerat
1132 2350 1278 2427 eruditis3
1302 2351 1374 2412 nihil
1392 2359 1500 2428 ‚autem
1523 2353 1562 2416 ibi

69 2454 164 2516 gnare
184 2441 303 2518 coepIt,
324 2444 373 2499 est
395 2440 424 2498 ia
446 2439 521 2502 0461.
538 2439 728 2514 0416444444,
747 2448 790 2501 te-
844 2440 987 2520 leganda
1009 2443 1133 2503 muliere
1154 2443 1190 2503 ad
1206 2443 1415 2504 Pontificatum
1439 2445 1559 2504 nomiae

72 2537 121 2592 ste
142 2532 206 2591 iac.
227 2531 255 2591 le
278 2531 359 2610 Loag
380 2533 409 2592 in
431 2531 507 2592 44461.
524 2532 665 2594 historica
678 2533 790 2594 Galliae
842 2533 966 2594 loannis
982 2535 1059 2596 VIII.
1076 2535 1188 2596 erecta.
1204 2534 1280 2597 Cum
1303 2537 1393 2614 igitur
1408 2538 1564 2600 1144444444

70 2641 100 2702 p.
123 2623 193 2684 347.
213 2625 350 2684 Fortasse
371 2625 515 2702 particula
534 2625 613 2688 illius
633 2633 681 2686 444
699 2624 802 2718 Citra.
847 2623 922 2686 fides
952 2625 1092 2688 solicitari
1124 2629 1198 2688 eitra
1226 2626 1377 2704 piaculum
1405 2625 1561 2705 haudqua-

36 2775 43 2786 ,
70 2715 340 2778 niwenheim.
362 2719 449 2779 4163.
464 2718 544 2796 quod
562 2735 579 2778 4
597 2718 706 2780 Codice
724 2719 792 2781 Col·
846 2734 937 2796 quam
952 2722 1064 2798 possit;
1080 2719 1224 2799 quidquid
1241 2720 1280 2784 46
1299 2718 1489 2780 heterodoxis
1504 2718 1561 2781 du-

70 2812 190 2872 64441444
210 2809 370 2871 ediderunt
386 2812 519 2872 llartene
537 2817 569 2872 44
585 2811 793 2875 DurandCal·
846 2810 918 2871 dum
931 2819 1081 2872 assertum
1093 2819 1155 2885 est,
1166 2812 1387 2874 affirmantihus
1399 2814 1428 2872 in
1441 2813 1562 2876 llichar·

70 2905 130 2966 lect
173 2903 312 2982 ampliss.
336 2904 369 2962 V.
391 2921 420 2983 p.
442 2906 530 2966 4169.
557 2903 640 2966 Idem
661 2905 689 2966 le
711 2908 792 2984 Long
846 2901 961 2982 delegi
983 2905 1106 2965 4444444
1129 2905 1208 2965 VIII.
1217 2902 1314 2985 iubae
1329 2903 1494 2980 mulierem,
1507 2907 1561 2966 im-

70 3015 100 3075 p.
121 2998 192 3059 348.
213 3003 245 3058 44
266 2997 354 3056 Bera.
376 2995 414 3056 ds
436 2997 622 3058 0444444444
650 2997 724 3068 nint.
744 2999 791 3062 01-
846 2994 1097 3072 prudentissimae
1112 2997 1235 3064 tabellae
1249 2997 1514 3078 adscribioportet.
1534 2997 1551 3031 '⁵

70 3089 290 3152 bliothecarum
311 3089 394 3150 uss.
412 3106 439 3166 p.
458 3089 507 3150 80.
525 3089 573 3150 83.
592 3096 624 3150 44
645 3089 693 3151 17.
709 3090 791 3151 41446
886 3089 973 3150 Plura
995 3089 1134 3150 Oudinus
1155 3097 1236 3152 torno
1253 3093 1288 3152 11.
1304 3108 1332 3169 p.
1352 3090 1441 3153 1697.

72 3184 164 3262 hunus
184 3181 323 3244 1144144464
346 3181 512 3244 Chronioon
535 3187 727 3258 memorant,
754 3181 791 3243 ab
884 3175 1101 3238 RlCHdRDUS
1115 3177 1299 3258 cinnamon,
1313 3177 1491 3258 1444449440,
1509 3180 1562 3238 [θ-

70 3277 139 3338 4464
159 3273 282 3336 condito
302 3273 338 3336 ad
356 3291 383 3336 4.
405 3275 492 3336 4461.
515 3272 594 3352 quod
618 3273 677 3335 1418.
695 3280 744 3334 444
760 3276 790 3333 44
845 3266 934 3328 44464
952 3284 1107 3346 perperam
1127 3269 1324 3343 Cooedunns,
1341 3269 1467 3348 anglus,
1484 3270 1563 3330 Oxa-

69 3371 139 3431 Bibl.
165 3370 309 3430 Vaticana
322 3409 329 3446 ,
344 3370 424 3430 inter
437 3367 533 3428 libros
548 3366 717 3429 christinae
736 3367 793 3428 Re
847 3361 916 3432 nias
929 3360 1024 3422 literis
1039 3361 1191 3436 Incubuit,
1209 3369 1277 3440 post
1292 3362 1458 3422 monachus
1471 3363 1563 3422 Fran-

69 3465 155 3541 giaae
178 3463 305 3524 Sueciae
321 3469 354 3522 et
372 3461 458 3522 44144.
471 3461 596 3521 Patavii.
614 3461 792 3522 muratorius
845 3455 986 3516 ciscanas
999 3461 1030 3513 et
1044 3454 1125 3515 illius
1141 3453 1264 3536 Ordinis
1277 3455 1478 3530 Prouincialis,
1489 3455 1562 3516 obiit

69 3558 206 3637 premisit
230 3556 258 3614 in
281 3553 486 3632 scriptoribus
506 3553 641 3623 Italicis,
664 3551 718 3614 446
736 3569 790 3630 po·
845 3561 872 3606 a.
893 3547 978 3608 1330.
996 3546 1207 3626 cantabrigiae
1225 3548 1253 3606 in
1271 3546 1414 3608 coenobia
1431 3563 1487 3608 auo
1514 3563 1562 3608 se

70 3658 135 3710 4444
162 3645 260 3709 edidit
295 3644 463 3710 Chronicon
482 3642 522 3704 46
543 3662 572 3703 4.
594 3645 666 3706 800.
696 3659 790 3724 nsque
846 3639 960 3718 pullus.
979 3641 1106 3719 Scripsit
1122 3640 1155 3701 in
1176 3637 1311 3702 Psalmos
1329 3635 1560 3718 paenitentiales.

67 3741 108 3804 46
128 3741 221 3804 taos.
242 3756 321 3800 nunc
338 3739 474 3818 primam
497 3735 562 3798 44444
577 3736 719 3797 donatum
748 3754 790 3798 em
845 3734 1002 3795 Sermones
1033 3731 1196 3808 solemnes,
1231 3733 1262 3793 in
1292 3729 1587 3809 QreadrapesImoie.

68 3835 147 3897 448..
157 3831 268 3896 Codice
289 3829 365 3893 Iiihi.
392 3829 575 3904 Vaticanum,
595 3831 673 3890 eirca
698 3829 798 3898 finem.
844 3828 875 3888 8.
891 3826 1032 3908 64494441
1045 3825 1168 3907 Papae,
1185 3843 1277 3908 snper
1289 3823 1472 3904 Mopr'strnm
1487 3827 1560 3886 Sen-

42 3983 43 3988 ,
68 3931 140 3990 tomi
161 3929 211 3990 IV.
234 3926 458 4004 Antiquitatum
481 3923 584 3984 ltaliae
606 3922 695 3984 medii
711 3924 790 3983 aevi.
844 3920 1024 3995 1441444444,
1047 3917 1239 3997 (1446116414,
1262 3919 1303 3980 04
1326 3916 1441 3984 Christi
1466 3915 1558 3980 domi·
1615 3937 1617 3942 ’

68 4025 250 4102 Fragmenta
272 4019 328 4080 tria
348 4011 386 4079 de
409 4015 524 4096 arpini
540 4013 714 4097 fundatione
730 4030 791 4076 mo
845 4013 894 4074 nio
909 4018 1014 4076 cantra
1029 4013 1199 4074 Occamum
1214 4010 1365 4074 lelandus
1378 4027 1405 4071 4.
1420 4008 1488 4072 stt.
1505 4013 1562 4072 Ba·

1 4129 2 4132 ’
66 4111 369 4179 44414441644444444
402 4107 592 4192 adiabenici
622 4106 791 4170 44046444
846 4101 1564 4168 1444404441.30044444444944146644-

70 4211 163 4288 Ilegio
182 4207 280 4268 edidit
299 4205 401 4268 446644
432 4205 460 4265 44
491 4202 587 4265 044444
605 4210 675 4270 tom.
698 4201 710 4262 I
732 4199 792 4262 dis·
845 4214 903 4278 gas
920 4197 958 4267 de
978 4199 1086 4286 script.
1105 4197 1176 4260 Ord.
1193 4199 1338 4260 llinorum
1359 4215 1386 4275 p.
1408 4195 1476 4258 304.
1494 4196 1563 4260 306.

68 4304 270 4364 sartationum
286 4299 324 4362 ad
339 4301 414 4362 llist.
429 4297 573 4360 Gallicam
586 4297 788 4374 spectantium
884 4291 1100 4354 lllCllAllDUS
1119 4289 1241 4354 Corbeii
1259 4291 1307 4352 vel
1335 4287 1466 4364 Coibeil,
1489 4291 1560 4352 Sco-

66 4404 97 4456 et
117 4393 234 4458 Gallice
256 4393 437 4470 scriptarum
461 4407 488 4468 p.
510 4389 578 4452 384.
844 4392 914 4460 tus,
934 4384 1172 4452 64461644444444
1194 4385 1428 4459 Lothianensia,
1450 4385 1559 4444 Doctor

104 4491 313 4552 Roarnnorum
348 4481 523 4562 Pontificum
555 4481 651 4542 series
686 4487 805 4541 nostros
843 4487 874 4540 et
889 4479 1040 4540 Professor
1064 4478 1146 4540 turis
1175 4477 1316 4542 Canonici
1345 4478 1373 4536 in
1397 4473 1558 4537 Academia

66 4583 213 4644 tribuitur
235 4583 265 4640 in
289 4577 398 4643 046444
427 4577 587 4649 Vaticano,
615 4573 663 4635 ubi
698 4572 788 4633 verba
842 4571 1091 4634 Sani-Andreana
1106 4616 1113 4645 ,
1128 4573 1228 4634 0444444
1243 4589 1268 4631 4.
1289 4567 1376 4630 4430.
1391 4565 1467 4642 Ejus
1481 4564 1559 4624 Sori-

67 4675 104 4736 04
125 4677 245 4736 Icauna
265 4673 386 4750 Papissa
408 4667 513 4730 eadem
536 4668 597 4728 tere
626 4667 788 4746 leguntur.
842 4672 893 4743 pta
908 4671 998 4727 sunt:
1014 4664 1167 4726 Paratitla
1184 4658 1406 4734 Decretalinm,
1424 4656 1466 4715 De
1482 4653 1556 4718 Cen-

1 4757 2 4780 *
68 4785 147 4846 quae
163 4765 244 4844 apud
263 4765 425 4826 Martinam
448 4761 611 4836 Polonum,
629 4776 724 4838 quum
743 4763 787 4815 14-
842 4756 934 4832 suris,
950 4755 986 4818 64
1001 4752 1293 4837 Praescriptionibns
1310 4751 1342 4809 in
1358 4745 1490 4810 materia
1507 4743 1556 4847 64-

1 4833 2 4846 ¹
69 4877 139 4920 men
163 4858 483 4918 nosterlerecentum
502 4853 788 4932 quinquaginlaan·
840 4849 969 4928 44644411
975 4895 986 4926 ,
1017 4848 1053 4910 de
1079 4847 1184 4910 Indice
1215 4841 1366 4922 64149444,
1392 4839 1495 4902 Comm
1525 4853 1555 4896 rn

1278 4965 1334 5025 499
