3368 5362
146 195 187 265 aa
730 181 1027 245 unanimus

146 298 371 359 invectivaeto.
388 292 537 371 llardingi,
555 291 673 351 Florim.
690 290 858 369 llyamundi
914 294 1018 371 talium
1049 290 1258 368 Alpbabetica,
1285 294 1352 368 post
1373 290 1499 367 primam
1528 290 1629 351 editio·

146 400 178 454 et
208 392 331 452 loannis
361 388 526 458 Bernartii,
557 385 607 462 qui
640 381 803 444 multorum
827 391 858 444 et
911 404 983 460 ,nem
1005 386 1291 464 Argentoratensem
1323 383 1379 444 An.
1403 383 1490 444 4486.
1513 386 1629 463 saepius

146 488 282 565 gravium
310 498 442 542 errorum
472 478 604 557 postulat
626 478 699 537 libro
720 477 757 537 de
780 478 859 538 utili·
914 497 1026 540 excusa
1062 479 1168 540 ibidem
1201 486 1231 540 et
1263 479 1415 550 venetiis,
1440 479 1575 556 Lugduni
1597 497 1630 539 ac

147 587 208 641 tate
231 578 369 637 historiae
385 592 448 653 pag.
468 574 533 634 443.
552 573 617 632 aliis
635 574 768 631 vicissim
787 589 857 632 eum
913 575 1032 634 Parisiis
1054 589 1111 632 una
1134 590 1203 633 cum
1227 574 1350 653 Decreta
1370 578 1401 632 ct
1416 573 1628 635 Decretalibus.

148 683 270 742 strenue
291 668 520 728 defendentibus
543 674 574 726 ut
598 667 667 725 iacit
689 665 859 726 Alexander
954 663 1169 727 Memorabilia
1198 668 1308 727 Romae
1323 668 1418 739 ,sive
1441 683 1520 742 quae
1542 665 1632 726 Chro-

146 765 261 830 Coockc
282 763 395 841 dialogo
416 760 453 820 de
477 761 595 838 Papissa
623 761 737 819 loanna
760 777 789 837 p.
811 759 857 817 64.
916 762 981 819 nico
1004 762 1032 818 in
1055 760 1233 837 quibusdam
1255 760 1414 820 Codicibus
1437 763 1633 835 praemittun-

148 880 210 939 seq.
233 863 319 920 Certe
341 850 523 932 quamquam
546 855 575 911 in
598 855 713 913 Martini
746 851 860 913 (144444-
915 851 1012 914 tarde
1027 850 1337 932 quatuormajoribas
1353 853 1512 931 regnis,et
1528 856 1632 913 Rama·

146 955 203 1016 bus
229 951 437 1026 Manuscriptis
469 947 544 1006 bene
568 946 670 1005 multis
692 944 737 1005 illa
760 963 861 1004 narra·
914 964 971 1007 noe
989 945 1077 1008 Urbis
1094 946 1436 1020 exordio,incremento,
1447 945 1594 1024 aedificiis
1607 951 1634 1005 et

145 1049 186 1107 tio
207 1046 335 1124 legitur,
364 1050 398 1102 ut
430 1040 517 1099 docet
547 1038 624 1099 Frid.
659 1038 861 1116 Spanhemius
915 1040 1160 1120 regimineuspue
1172 1039 1214 1099 ad
1225 1040 1439 1118 Imperatorem
1452 1039 1630 1117 Augentum.

146 1141 240 1202 Filius
269 1146 341 1197 tarn.
364 1136 391 1194 9.
423 1134 499 1211 Opp.
520 1150 585 1211 pag.
607 1133 674 1193 494.
700 1131 768 1192 497.
791 1131 859 1191 598.
911 1186 914 1190 .
955 1134 1122 1214 Descriptio
1144 1139 1244 1195 terroe
1264 1140 1396 1194 44444444.

147 1241 247 1294 tamen
270 1230 371 1308 negari
393 1244 450 1303 non
473 1231 573 1303 potest
589 1227 618 1284 in
636 1224 701 1284 aliis
717 1224 794 1282 bene
809 1240 862 1283 an·
955 1229 998 1287 De
1018 1227 1176 1288 schismate
1198 1225 1349 1287 Ecclesiae
1367 1226 1567 1286 Graecorum.

146 1328 239 1403 tiquis
259 1331 289 1383 et
315 1324 488 1398 neutiquam
521 1318 751 1379 contemnendis
784 1315 862 1375 desi·
955 1319 1285 1400 HistoriadeGuelfis,

152 1419 267 1488 dernri,
290 1421 323 1476 ut
344 1432 359 1474 a
382 1413 537 1472 lambecio
564 1419 633 1471 tom.
656 1412 683 1472 2.
706 1428 770 1488 pag.
793 1410 860 1469 869·
955 1417 1113 1477 Sermones
1133 1415 1169 1475 de
1190 1421 1318 1492 tempore
1335 1412 1418 1474 etde
1435 1413 1567 1487 Sanctis,
1586 1432 1632 1475 su-

149 1521 181 1573 et
202 1509 279 1590 apud
302 1507 454 1569 Oudinnm
477 1514 549 1564 tom.
571 1507 601 1566 3.
622 1521 687 1583 pag.
708 1505 775 1563 535.
798 1519 860 1578 seq.
915 1525 969 1587 per
988 1509 1138 1586 Epistulas
1159 1515 1190 1568 et
1219 1507 1408 1584 Evangelia,
1440 1525 1510 1568 eum
1534 1525 1632 1586 prone

149 1611 180 1665 et
209 1620 225 1662 a
255 1601 363 1661 locabo
392 1599 530 1661 Echardo
563 1606 635 1656 tom.
658 1599 683 1657 4.
706 1613 770 1675 pag.
794 1596 862 1654 365·
916 1602 1016 1661 lucrio
1037 1604 1253 1681 exemplorum.
1283 1602 1472 1679 Argentorat.
1496 1602 1585 1663 4484.
1608 1604 1631 1662 4.

148 1715 211 1775 seq.
244 1697 300 1756 fuit
331 1693 588 1753 demonstratum:
612 1707 739 1769 qnorum
762 1690 863 1769 obser·
918 1697 1006 1757 4436,
1029 1697 1117 1757 4483,
1189 1735 1191 1738 .
1448 1746 1450 1751 ⁴

149 1793 228 1852 valis
250 1788 467 1860 liceldddere,
490 1785 569 1863 quod
593 1785 621 1844 in
644 1784 717 1845 Bibl.
741 1783 863 1842 Paulina
920 1805 926 1816 ·
958 1790 1000 1848 De
1015 1787 1320 1863 divertt'smiracults,
1332 1789 1410 1850 idem
1425 1791 1554 1851 fortasse
1566 1807 1632 1850 cum

148 1884 294 1962 lipsiensi
306 1883 332 1956 a)
345 1883 400 1941 tria
412 1887 535 1940 exstant
547 1879 683 1939 chronici
697 1875 863 1937 Martiniani
918 1883 1124 1959 exemplorum
1150 1885 1342 1960 promtuaria

151 1977 359 2054 exemplaria,
396 1990 488 2034 unum
521 1972 805 2042 membranaceum,
834 1970 863 2027 in
958 1975 1155 2036 Consentinis
1172 1976 1584 2053 Archiepiscopishlartinum
1600 1977 1635 2038 ab

152 2089 212 2149 quo
233 2070 269 2129 de
301 2073 415 2128 loanna
437 2084 474 2125 ne
494 2062 548 2139 reti
560 2084 568 2139 3
591 2065 720 2125 alterum
749 2063 866 2123 charla·
921 2071 1043 2150 Ughello
1065 2078 1135 2130 tom.
1152 2073 1203 2132 IX.
1218 2087 1284 2149 pag.
1299 2071 1357 2130 2l8
1376 2079 1496 2147 praeter
1511 2089 1576 2131 rem
1589 2089 1635 2132 ac-

154 2181 241 2226 ceum
263 2162 341 2240 quod
364 2161 411 2220 his
439 2162 556 2219 tantum
587 2159 688 2219 verbis
709 2157 777 2236 ejus
799 2157 868 2216 iacit
918 2165 1054 2238 censeri,
1078 2171 1111 2224 ee
1134 2163 1326 2225 cesenam
1352 2162 1632 2243 Archiepsscopum,

148 2260 349 2319 mentionem:
371 2252 447 2324 Huic
478 2253 589 2329 (ῑθῡῦῑ)
610 2251 759 2312 84400844447
773 2249 864 2311 1⁰⁰st-
919 2260 1005 2320 euius
1021 2263 1052 2317 ct
1067 2258 1160 2335 ipsius
1174 2258 1340 2317 Chronicon
1358 2276 1374 2318 a
1394 2259 1564 2320 Ptolemaeo
1581 2261 1635 2318 Lu-

150 2369 202 2412 4484
222 2349 330 2411 muller
345 2351 428 2427 Papa
443 2367 451 2405 .’
466 2346 501 2407 de
519 2345 571 2406 Aoc
588 2346 619 2405 in
640 2343 789 2408 Chronica
809 2347 866 2404 Ra·
918 2353 1000 2413 eensi
1013 2399 1021 2425 ν
1038 2354 1162 2411 Martino
1185 2352 1325 2413 Fuldensi
1337 2398 1347 2426 1
1369 2351 1413 2411 Jo,
1438 2352 1574 2412 Ger-sone
1599 2351 1635 2411 de

148 2443 315 2524 tisponensi.
337 2445 371 2503 ln
393 2443 480 2501 tertio
501 2441 640 2519 denique,
653 2439 754 2499 itidem
778 2437 860 2497 char·
919 2453 1000 2507 statu
1018 2447 1050 2505 v.
1069 2452 1100 2511 et
1113 2444 1147 2504 N.
1166 2447 1247 2505 Test.
1263 2445 1389 2522 aliisque
1401 2447 1522 2517 citatur,
1538 2444 1636 2504 diver·

147 2548 231 2600 taceo
252 2545 314 2597 totu
337 2537 465 2597 narratio
490 2533 612 2614 perinde
635 2539 668 2593 ut
690 2536 718 2592 in
741 2528 861 2592 Soanoi
919 2558 987 2601 sum
1002 2556 1070 2599 esse
1087 2541 1103 2598 {1
1121 2541 1245 2599 Marum
1271 2539 1378 2598 p01000
1406 2539 1546 2599 Cbmnjci
1565 2539 1636 2598 sesi.

72 2642 79 2655 ·
146 2635 225 2694 l’etri
248 2631 377 2693 editione
399 2631 514 2707 legitur.
538 2627 597 2688 Sed
615 2643 686 2686 vero
703 2626 864 2687 admitten·
917 2633 1158 2712 ptorefalrnstus
1176 2649 1247 2692 vero
1265 2649 1374 2691 nomen
1391 2634 1533 2709 ignorari,
1554 2637 1636 2690 nota-

149 2727 221 2789 dum
245 2734 276 2786 et
298 2724 391 2798 illud,
413 2722 491 2800 quod
512 2721 573 2800 jam
600 2729 670 2780 ante
701 2721 860 2781 Martinum
914 2727 1178 2787 runtMuratorins
1204 2735 1274 2784 tom.
1291 2727 1344 2786 Xl.
1374 2729 1558 2803 scriptorum
1580 2727 1636 2786 lta-

148 2820 274 2881 eandem
297 2835 360 2877 rem
382 2818 569 2887 Anastasius,
585 2815 750 2874 Gervasius
765 2812 861 2872 Tube
915 2819 971 2879 line
989 2836 1053 2898 pag.
1074 2817 1140 2879 745.
1163 2818 1315 2879 Eccnrdus
1334 2819 1495 2896 prolegom.
1509 2819 1547 2879 ad
1564 2822 1636 2879 scri.

148 2916 275 2985 riensis,
297 2911 469 2989 Stephanus
487 2908 526 2968 de
547 2908 679 2967 Borbone
697 2907 786 2967 etalii
801 2911 861 2964 tra·
916 2920 1018 2991 ptores
1037 2912 1124 2972 medii
1142 2915 1208 2973 aevi
1235 2920 1306 2972 rom.
1328 2913 1352 2971 4,
1372 2930 1400 2972 η,
1420 2913 1531 2973 xxm,
1553 2915 1637 2974 nice

149 3007 271 3066 didere:
295 3008 373 3066 sicut.
393 3005 458 3064 eius
490 3003 630 3079 aequales
651 3003 722 3060 item
744 3008 775 3060 et
796 3005 863 3076 post
917 3022 1010 3064 ronus
1031 3011 1103 3065 tom.
1122 3009 1200 3067 XlV.
1217 3024 1282 3085 pag.
1305 3007 1374 3068 200.

152 3103 311 3162 Martinam
334 3099 383 3158 alil
405 3095 681 3156 innummerabiles.
813 3171 815 3175 ,
957 3098 973 3134 ¹*
990 3099 1085 3158 Vetus
1103 3093 1151 3158 est
1161 3101 1377 3174 controversia,
1391 3116 1446 3158 nec
1456 3097 1529 3159 dum
1549 3101 1634 3178 plene

189 3189 312 3254 Laudati
334 3189 461 3254 Echnrdi
492 3189 550 3249 side
572 3196 675 3249 notare
699 3188 806 3265 Juvat,
828 3185 862 3246 A.
918 3190 1041 3252 definita
1065 3210 1136 3252 num
1169 3192 1420 3270 Archiepiscopus
1446 3193 1638 3253 Cusentinus

148 3286 235 3351 4477.
253 3287 280 3345 l.
295 3286 376 3364 typis
386 3283 620 3343 laurinensibus
632 3281 776 3359 prodiisse
787 3283 861 3340 ldar·
918 3287 968 3363 qui
990 3285 1150 3346 chronicon
1173 3287 1330 3345 Romanor.
1344 3285 1523 3346 Pontificum
1545 3286 1636 3359 dedit,

150 3383 203 3443 tini
228 3379 326 3441 Poloni
348 3377 515 3438 Chronicon
538 3374 727 3437 summorum
748 3372 865 3457 44444444-
918 3395 977 3456 quo
1000 3373 1188 3438 Ptolomaeus
1205 3382 1349 3439 Lucensis
1367 3397 1455 3439 usum
1475 3380 1639 3456 seprohte·

149 3493 219 3537 cum
240 3480 271 3533 et
294 3475 507 3549 imperatorum
529 3487 563 3530 ac
584 3470 622 3531 de
644 3477 759 3547 septem
786 3475 865 3529 aeta·
920 3478 971 3532 tur
992 3472 1021 3530 in
1049 3471 1260 3532 Ecclesiastica
1292 3474 1419 3533 Historia
1449 3490 1505 3534 sua
1539 3480 1639 3533 conte

148 3571 229 3630 tibus
248 3567 360 3629 Mundi.
391 3566 432 3625 At
451 3562 582 3626 Martini
600 3562 696 3622 nostri
714 3577 786 3640 opes
808 3578 865 3619 non
919 3563 1017 3624 nenda
1040 3564 1118 3623 idem
1131 3581 1200 3624 cum
1219 3566 1346 3625 Martino
1360 3565 1487 3626 authore
1504 3566 1638 3625 chronici

148 3669 211 3737 est,
243 3659 296 3722 sed
326 3657 484 3738 scriptoris
515 3655 708 3725 recentioris,
739 3651 864 3714 44444444
918 3657 1075 3719 habendus
1100 3661 1150 3716 sit.
1178 3657 1221 3717 Ac
1247 3657 1284 3718 de
1324 3659 1492 3718 Cusentina
1519 3659 1635 3719 Martini

149 3755 264 3814 omnino
285 3751 373 3832 styli,
392 3757 421 3810 ct
441 3749 555 3828 longius
572 3746 758 3828 productum.
787 3750 865 3808 llaec
918 3752 1185 3830 Archiepiscopatu
1207 3752 1316 3813 dubius
1348 3752 1452 3811 haeret
1475 3753 1636 3831 Ughellus,

149 3848 307 3910 thardus
329 3855 401 3907 tom.
425 3848 451 3906 4.
474 3863 537 3922 pag.
561 3845 629 3905 369.
833 3869 836 3874 ’
920 3861 975 3904 nec
996 3835 1049 3923 ego
1066 3846 1268 3924 certialiquid
1288 3846 1419 3923 prolerre
1440 3861 1577 3922 possum.
1599 3846 1636 3904 De

191 3943 255 4000 Fuit
276 3947 307 3998 et
328 3940 405 4000 alius
435 3937 585 3998 Martinus
612 3935 741 3997 Paiones
763 3935 865 3996 itidem
921 3937 1060 3999 chronico
1095 3956 1166 3998 vero
1195 3956 1253 4017 quo
1288 3936 1476 3998 Ptolomaeus
1498 3939 1638 3997 Lucensis

150 4032 559 4095 excelebril’raedicatorum
572 4030 692 4104 Ordine,
709 4028 761 4090 sed
781 4028 867 4107 longe
921 4038 982 4092 tam
1014 4049 1104 4110 saepe
1137 4040 1303 4110 provocat,
1324 4031 1402 4092 aliud
1433 4032 1521 4110 plane
1549 4033 1637 4092 luisse

140 4129 268 4206 junior,
286 4132 377 4202 atque
399 4127 476 4184 inter
505 4124 624 4185 [utheri
647 4125 739 4183 nostri
761 4123 868 4182 adver·
921 4140 996 4200 opus
1005 4124 1106 4203 judico
1124 4143 1141 4185 a
1158 4128 1343 4186 Martiniano.
1359 4127 1549 4185 Postremum
1562 4128 1638 4185 enim

151 4223 246 4282 sorios
276 4223 354 4280 circa
388 4219 474 4279 Anno
508 4215 597 4278 4534.
629 4217 666 4277 de
696 4233 754 4294 quo
787 4217 865 4277 idem
921 4214 1002 4275 istud
1021 4217 1170 4293 usquead
1189 4217 1638 4297 an.l277.porrigitur.Cnseo·

149 4311 306 4375 Echardus
327 4319 399 4370 tom.
421 4312 448 4371 2.
471 4327 535 4388 pag.
560 4311 608 4369 88.
922 4311 1006 4369 tinus
1022 4327 1094 4368 vero
1106 4309 1259 4371 historiam
1279 4329 1365 4372 suam
1380 4309 1529 4372 adAdom
1546 4329 1638 4392 usqne
1662 4319 1663 4322 ’

170 4440 172 4444 ι
193 4407 318 4466 Caetera
340 4405 454 4465 Martini
476 4405 581 4481 prioris
604 4405 713 4482 scripta
735 4411 825 4465 sunt:
922 4402 958 4463 ad
987 4406 1120 4479 tempora
1148 4403 1301 4464 Friderici
1326 4404 1449 4464 secundi
1469 4405 1636 4484 perducit,

194 4501 318 4560 Summa
324 4496 410 4577 juris
423 4496 581 4570 canonici,
594 4515 671 4574 qliae
683 4497 867 4557 Martiniano
922 4504 1087 4573 quaesunt
1105 4499 1195 4558 verba
1219 4499 1377 4559 Ptolomaei
1399 4501 1473 4559 llist.
1496 4499 1577 4559 Ecel.
1593 4497 1637 4557 lib.

150 4600 293 4668 vocatur,
315 4599 346 4651 et
366 4590 536 4668 Margarita
557 4590 692 4662 Decreti,
710 4593 775 4650 siva
791 4592 869 4652 Con·
925 4592 972 4651 48.
984 4608 1012 4650 4.
1023 4592 1070 4650 44.
1088 4592 1147 4670 4444
1160 4595 1283 4670 insuper
1297 4595 1444 4654 Martinus
1460 4609 1537 4670 opus
1553 4607 1636 4651 suum

150 4686 319 4749 cordnntiae
340 4692 371 4744 et
389 4684 488 4744 tabula
503 4686 696 4744 Decretorum
714 4691 744 4743 ct
762 4687 868 4744 Decre·
922 4684 959 4745 ab
981 4684 1075 4744 Adam
1098 4686 1275 4761 exorditur,
1299 4686 1352 4746 sed
1371 4686 1408 4745 ab
1437 4689 1519 4745 initio
1543 4688 1636 4764 potius

74 4854 77 4858 Ι
923 4779 1005 4852 regni
1018 4779 1200 4856 babylonici.
1215 4780 1257 4839 lbi
1274 4781 1384 4858 pariter
1398 4780 1554 4840 Cusentini
1566 4793 1634 4855 opus

192 4888 217 4947 a)
233 4883 384 4938 4444144444.
401 4889 461 4934 44444
490 4883 512 4935 l.
532 4883 654 4947 supplem.
669 4897 725 4947 pag.
739 4884 794 4935 989.
923 4871 1034 4951 grande
1053 4873 1195 4934 volumen
1219 4875 1343 4953 implere
1374 4874 1496 4933 scribit:
1526 4873 1560 4932 144
1577 4868 1634 4931 suet
