3568 5414
663 249 951 312 Nicotaus
1488 253 1543 312 424

84 358 235 437 inperatori
253 354 388 436 44444444
408 351 659 428 evanuisset
673 354 713 416 ab
730 373 778 415 ao·
835 375 901 436 pag.
922 354 990 418 757.
1013 359 1104 418 etiam
1126 353 1205 435 apud
1227 353 1357 428 alidum,
1379 357 1559 417 Veneriisin
1647 405 1653 410 .

83 448 270 513 4441444444
301 446 408 508 laurea
428 449 454 524 4)
477 446 626 508 Bononiae
652 454 776 524 4444444,
833 453 881 512 444.
899 457 931 510 44
953 450 1042 511 4524.
1064 451 1143 509 8.-44
1165 449 1334 509 Florentiae
1351 448 1430 527 apud
1449 452 1559 511 luctas

85 543 313 606 inchUGENIO
334 543 381 604 ili.
403 541 571 604 Nicotao
596 542 629 602 V.
653 542 778 603 catti·
834 544 921 606 4522.
944 544 974 604 8.
996 542 1080 615 Quod
1115 558 1187 602 vero
1219 543 1323 603 ionius
1344 537 1448 604 scribit
1471 545 1565 604 luisse

83 636 199 699 840444.
228 643 259 697 44
292 636 355 697 Pio
386 637 422 696 ii.
455 635 541 696 una.
564 633 776 714 Pontificibus,
831 638 883 718 qui
905 637 1046 698 dicerent
1067 638 1239 696 versionem
1271 637 1429 714 antiquam
1462 640 1480 696 a
1509 639 1565 698 Pe-

80 729 218 814 proooipuc
239 727 275 788 ob
296 727 413 808 egregie
427 728 458 787 in
481 725 629 788 Orimiali
644 727 779 812 Ecclesia
832 737 918 791 rotto
940 733 1139 808 interceptam
1161 728 1279 806 sibique
1301 729 1486 791 vindicatam
1511 747 1565 810 per

82 827 135 884 44444Ι
150 826 277 886 Romana
293 828 423 903 4444444444
443 819 655 883 Ferrarieasis
672 827 701 882 et
714 820 798 882 Flo.
836 825 988 904 plagium,
1007 821 1036 883 id
1054 825 1087 884 ii.
1104 822 1258 901 Stephano
1279 821 1439 884 ridiculum
1460 825 1562 884 visum

82 914 172 976 rentii
190 913 318 978 Conciiii
335 913 467 974 unienda
488 917 632 974 4444444444
660 931 784 994 operam
838 936 904 998 pag.
926 918 992 979 448,
1014 917 1052 978 44
1073 915 1174 976 inlidis
1201 915 1333 976 Graecae
1358 917 1478 994 linguae
1507 919 1567 978 iia·

81 1007 145 1088 44444
176 1007 384 1082 cbarissimo,
419 1003 562 1067 Umbriae
603 1007 784 1087 7444444444
838 1013 959 1090 gistris:
992 1027 1047 1071 nec
1076 1009 1219 1070 credibile
1251 1011 1340 1070 illarii
1376 1009 1564 1072 eruditorum

81 1099 195 1162 44444444
221 1101 452 1180 4444444444444
479 1101 651 1177 Sipontina.
681 1101 711 1168 bl
744 1101 786 1160 444
840 1105 943 1164 ltaliae
964 1102 1121 1163 autoribus
1143 1110 1166 1161 t.
1190 1101 1228 1163 ia
1249 1119 1278 1181 p.
1301 1101 1362 1164 452

80 1191 227 1255 Ciristicna
242 1195 313 1273 4444.
330 1192 476 1254 carbasa
492 1190 583 1254 italio
596 1237 604 1268 ,
615 1193 785 1274 patriaque
880 1194 1074 1274 Hippocratis
1101 1193 1327 1274 iusiurandum
1339 1201 1342 1206 '
1353 1195 1467 1259 editum
1494 1213 1565 1258 cum

80 1286 163 1366 4444444
180 1287 301 1359 merito,
323 1287 412 1366 cujas
439 1292 498 1348 cria
522 1283 714 1365 4444444544,
741 1291 786 1364 ip-
839 1287 925 1350 44444.
937 1287 1103 1363 Benedicti,
1117 1289 1220 1349 iiedici
1232 1290 1417 1351 Veronensis
1431 1293 1567 1370 quinque

78 1379 180 1440 44444444
196 1381 336 1442 corticata
354 1377 524 1441 libertatem
542 1395 580 1440 ac
608 1377 784 1461 felicitatem
840 1381 923 1443 libris
940 1381 1127 1442 4444444444.
1146 1381 1239 1442 Paris.
1258 1383 1345 1443 4549.
1361 1383 1388 1443 4.
1405 1391 1437 1444 44
1454 1384 1568 1462 Argan-

78 1469 150 1534 44444.
165 1473 395 1546 TORQUATUS
416 1473 642 1546 reuocatis,
670 1469 788 1534 Urbani
839 1480 897 1535 tor.
915 1474 1006 1535 4528.
1025 1475 1054 1533 b

78 1565 123 1625 ie.
144 1567 216 1627 iiii.
233 1587 256 1629 a
271 1565 409 1628 4454444444
434 1566 538 1628 intimo
559 1569 573 1644 4
590 1573 694 1646 postea
716 1568 786 1645 Epi·
877 1569 910 1629 S.
927 1565 1038 1627 Basilii
1055 1566 1227 1628 0444444444
1253 1566 1290 1627 444
1306 1567 1440 1643 inuidia,
1456 1569 1492 1630 ad
1507 1571 1568 1632 cal-

78 1675 167 1738 scopos
182 1660 359 1727 Ameriam.
374 1658 485 1722 Gentili
500 1677 556 1722 suo
573 1662 604 1721 4..
617 1661 656 1721 ii.
676 1661 709 1720 P.
725 1658 786 1718 4444-
839 1677 905 1722 cem
924 1661 1102 1734 Censorini,
1118 1676 1155 1720 ex
1173 1659 1297 1740 Philippi
1316 1661 1568 1723 iloroaldirecen-

76 1769 104 1810 44
122 1752 232 1819 44444444
246 1751 440 1815 dccxxiii.
459 1754 548 1816 Plura
566 1753 604 1814 de
621 1753 679 1814 boc
696 1754 786 1814 Nico·
840 1749 941 1829 sione,
959 1753 1039 1814 oirca
1055 1752 1112 1812 Aa.
1129 1751 1219 1814 45944.
1242 1755 1270 1814 i.

79 1843 114 1904 loo
129 1851 243 1924 4444444
276 1847 419 1919 lovium,
439 1849 694 1926 bergomensem,
724 1845 789 1906 iri·
880 1847 1008 1924 Scripsit
1026 1847 1111 1923 ipse:

77 1937 198 2000 tbemium
209 1955 277 2017 cap.
286 1939 358 2000 dlii.
371 1940 613 2015 Volaterranum,
624 1940 786 2012 iiossium,
883 1937 1108 2016 Gornarropice,
1127 1940 1192 1998 siva
1208 1938 1493 2001 commentariorum
1512 1941 1568 2001 lin-

80 2030 170 2092 lntoo.
191 2032 387 2094 Variilaslum
404 2031 516 2094 libili.
537 2031 712 2094 anecdotor.
722 2033 784 2093 Flo
841 2049 917 2112 guae
936 2034 1058 2096 Latinae
1076 2049 1153 2111 opus
1170 2031 1207 2092 ad
1227 2031 1441 2106 Frederieum,
1463 2033 1565 2094 Urbini

78 2124 444 2188 sacramentariorum
477 2133 549 2188 tom.
583 2125 620 2187 Vl
653 2127 784 2190 citarum
840 2127 975 2198 Ducem,
997 2129 1027 2185 et
1044 2122 1420 2186 Ecclesiasticiexercitus
1437 2127 1568 2216 impora-

21 2257 22 2270 .
79 2233 100 2296 4.
116 2219 157 2278 58.
176 2219 358 2281 Jacobiilum
377 2237 406 2280 44
425 2220 612 2281 Bibliotheca
635 2218 785 2294 Umbriae,
841 2225 936 2280 torem
961 2219 994 2278 in
1020 2217 1244 2298 Epigrammata
1273 2219 1415 2280 cxlvii.
1438 2221 1503 2280 sive
1524 2227 1569 2279 to·

21 2377 22 2380 4
77 2311 215 2376 4444444444
237 2316 376 2376 44444444
409 2315 439 2373 44
472 2314 570 2374 tribus
600 2312 732 2388 Gratiis,
755 2314 784 2371 44
838 2319 904 2373 tam
923 2309 1037 2372 ir'brum
1050 2309 1299 2392 Spectaculorum
1316 2309 1474 2373 etiibrum
1497 2313 1569 2394 Epi-

21 2381 22 2434 4
80 2403 176 2466 idalia:
198 2406 346 2468 Thomam
371 2408 449 2485 Pope
469 2406 582 2467 iilount
603 2406 631 2464 in
655 2419 784 2466 censura
837 2399 1044 2484 4444444444
1060 2401 1230 2466 Martialis:
1253 2403 1364 2464 edente
1386 2405 1500 2483 Pyrrho
1517 2409 1568 2466 Pe-

21 2501 22 2520 *
81 2497 472 2577 aapnummugusunus
483 2497 630 2560 oldoinus
652 2497 689 2560 de
711 2489 807 2558 'serit
836 2505 913 2559 rotto
934 2499 963 2575 d)
990 2501 1122 2562 auctoris
1148 2502 1315 2578 propinquo
1345 2499 1450 2560 Venet.
1479 2497 1567 2560 4492.

21 2523 23 2644 4
78 2590 192 2666 pioribus
213 2593 372 2653 Perusinis
392 2607 459 2672 pag.
482 2591 551 2654 252.
574 2607 638 2671 seq.
662 2595 786 2669 Pompe·
844 2593 933 2654 4494.
950 2599 981 2652 44
998 2591 1077 2671 apud
1093 2591 1202 2654 aldum
1223 2591 1309 2654 tiss.
1328 2599 1360 2651 et
1377 2591 1467 2652 Paris.
1484 2590 1567 2651 454444

21 2693 23 2748 i
72 2680 109 2757 jus
125 2683 247 2746 Sameili
282 2687 313 2745 in
345 2683 786 2765 chronologisllrahiepisco-
840 2687 924 2765 typis
941 2685 1119 2760 4444444444,
1138 2678 1289 2746 44444444.
1311 2686 1398 2746 lsai.
1418 2701 1487 2746 oum
1511 2687 1566 2746 ile-

22 2757 24 2834 4
74 2791 160 2851 porum
179 2779 364 2857 Sipontinor.
396 2797 464 2859 pag.
493 2779 563 2842 805.
598 2779 743 2857 Ugbellus
763 2782 786 2836 4.
845 2776 954 2838 4444444
983 2779 1123 2857 Brugnoli
1154 2777 1357 2840 additionibus
1381 2783 1413 2837 et
1434 2779 1567 2856 largent.
1597 2833 1599 2842 .

22 2849 24 2952 4
74 2868 112 2930 iii
127 2871 224 2933 4444444
242 2874 273 2934 S.
293 2887 361 2953 pag.
379 2873 450 2935 557.
472 2872 648 2936 heccardus
662 2869 787 2933 4444444-
844 2871 932 2932 4506.
953 2871 1263 2950 rarissimasque
1288 2873 1400 2948 iterum,
1417 2889 1454 2932 ex
1482 2877 1567 2932 autc

22 2953 24 3031 4
74 2977 162 3041 cusp.
182 2964 253 3028 482.
273 2981 338 3044 seq.
357 2964 545 3027 additionum
566 2965 604 3026 ad
622 2966 685 3026 Nic.
711 2965 789 3040 744
841 2965 956 3044 grapho
980 2966 1111 3027 auctoris
1139 2964 1330 3026 emendatius
1355 2967 1460 3027 Venet.
1488 2961 1567 3042 apud

23 3069 24 3078 ¹
74 3057 241 3138 tipagioam
258 3059 329 3120 228.
350 3060 426 3121 444444.
442 3057 784 3139 Neapolitanaerliaelii
840 3056 952 3118 aldum
975 3059 1065 3119 4543.
1095 3059 1185 3120 4547.
1215 3059 1301 3120 4525.
1322 3066 1354 3119 44
1379 3058 1469 3120 basil.
1488 3057 1562 3119 4524

23 3133 24 3202 l
74 3149 256 3228 44444444,
278 3151 334 3213 sed
356 3155 677 3232 praecipuaauctores
693 3152 782 3212 illarii
842 3151 930 3213 4526.
947 3158 978 3212 44
998 3153 1086 3212 4536.
1105 3151 1156 3214 iol·
1175 3158 1208 3211 44
1235 3150 1399 3213 Tusculani
1428 3153 1518 3213 4522.
1541 3151 1568 3211 4.

23 3215 25 3330 4
73 3242 251 3306 4444444444
279 3245 380 3306 italiae
401 3254 479 3306 4444.
496 3247 567 3307 iiiii
589 3265 617 3326 4.
640 3247 782 3307 isa-ite.
839 3243 932 3305 iudex
954 3244 1087 3322 locuples
1108 3247 1190 3322 operi
1223 3248 1410 3323 praemissus
1442 3245 1512 3306 lacit
1533 3251 1568 3304 ut

74 3341 147 3414 444444
167 3338 237 3400 4444
263 3340 431 3401 Niceronus
452 3342 481 3399 ia
505 3341 659 3400 memoriis
684 3337 783 3400 erudi·
840 3353 893 3416 pro
905 3337 1014 3397 lexico
1032 3335 1087 3396 boc
1104 3351 1182 3415 opus
1199 3337 1337 3398 babitum
1350 3338 1441 3400 luerit
1456 3340 1474 3398 d
1491 3338 1569 3398 mui-

24 3441 25 3499 1
75 3435 153 3492 44444
171 3439 245 3494 tom.
263 3434 305 3494 iX
322 3447 393 3512 pag.
409 3432 478 3496 874.
495 3449 561 3510 seq.
578 3433 646 3493 444444
670 3433 782 3511 scripta
838 3432 898 3506 tis,
916 3432 968 3508 qui
991 3435 1024 3489 ut
1039 3429 1201 3507 calepinus
1217 3435 1344 3492 strenue
1373 3431 1424 3492 iilo
1445 3432 1488 3490 uti
1507 3447 1566 3489 non

24 3523 26 3598 4
76 3520 164 3586 ierolti
182 3528 318 3588 strictim
336 3526 448 3586 reterre
463 3526 539 3587 satis
560 3526 668 3600 luerit,
691 3531 782 3601 atque
841 3522 1031 3584 dubitarunt.
1434 3561 1435 3566 1

24 3625 25 3644 ¹
75 3613 135 3678 odila
156 3620 316 3698 inprimis,
337 3625 404 3678 4444
424 3617 545 3679 inedita.
878 3615 1012 3696 Epistola
1029 3615 1066 3677 ed
1093 3617 1288 3677 Franciscom
1314 3617 1506 3694 sipontinum
1529 3615 1567 3676 de

103 3709 197 3774 litim
219 3715 317 3772 vertit
332 3713 350 3773 4
366 3713 480 3773 Graeco
497 3713 668 3790 elegantius
688 3727 779 3789 quem
840 3711 914 3771 iocis
930 3707 1026 3770 Plinii
1040 3712 1169 3770 senioris
1187 3704 1282 3771 xxii.
1297 3712 1325 3768 in
1338 3710 1407 3794 ejus
1417 3711 1569 3787 prooemip

25 3809 26 3812 ’
78 3797 173 3865 Melius
193 3809 233 3880 c).
838 3802 874 3864 ad
893 3805 968 3864 illst.
986 3803 1156 3866 naturalem
1172 3801 1372 3863 emendandis
1384 3804 1412 3862 ia
1428 3801 1499 3863 edit.
1512 3804 1568 3862 lio-

105 3893 211 3978 Polydii
226 3896 324 3960 libror
345 3902 374 3960 V.
392 3901 560 3978 primores,
579 3897 615 3960 ad
629 3895 782 3959 Nicolaum
840 3911 927 3957 mana
942 3892 1000 3957 442
1015 3897 1104 3958 44744.
1119 3897 1229 3957 Exstat
1244 3895 1280 3957 ad
1295 3895 1408 3958 calcem
1424 3911 1569 3958 comum·

77 3983 100 4042 l.
116 3988 205 4052 editos
226 3995 361 4071 primurn
380 3993 490 4064 4444444
508 3992 595 4054 4478.
614 3992 663 4052 loi.
679 4005 714 4052 ao
731 3991 783 4051 dc-
838 3992 905 4068 piae
922 4008 988 4069 pag.
1011 3989 1099 4051 44483.
1122 3991 1210 4051 tots.
1228 3989 1370 4050 editionis
1385 3991 1520 4062 Aldinae,
1533 3997 1567 4051 44

77 4075 400 4164 itdesaepiusutdiai
424 4085 532 4148 44489.
555 4085 783 4147 4444448444444
838 4083 913 4144 alias
928 4082 991 4160 jam
1015 4089 1223 4162 praeteream,
1248 4083 1408 4161 subiuncta
1436 4083 1570 4146 Cornelii

107 4251 128 4299 ri
142 4255 241 4308 entiae
260 4259 408 4322 imperatori
426 4261 545 4310 44444444
569 4257 693 4321 extempio
715 4270 789 4321 praa·
878 4254 907 4315 d)
923 4254 999 4308 iiiiii
1019 4245 1074 4317 4444
1090 4255 1123 4304 ds
1140 4267 1197 4304 44444
1213 4255 1319 4316 addidi,
1346 4257 1431 4318 inquit
1458 4256 1568 4316 rprrbos

27 4353 28 4378 i
76 4333 117 4372 it·
131 4329 265 4390 reltbisee
281 4334 397 4386 rensibus
449 4393 454 4399 ¹
836 4336 1023 4392 prastaam
1040 4329 1100 4378 ioca
1116 4330 1340 4394 cacodemones
1349 4330 1567 4393 4444444444-

102 4397 201 4454 tinxisti
223 4407 314 4465 viridi,
333 4409 424 4459 crem
437 4445 444 4468 ,
461 4420 516 4458 4444
527 4414 641 4470 tompore
654 4407 738 4467 lauro,
833 4395 1083 4466 niom'impuriiaie
1092 4405 1320 4468 quosdamaraua
1331 4403 1500 4454 obscenitate
1511 4415 1570 4450 oer-

113 4477 168 4528 llooe
184 4485 255 4532 mess
276 4489 351 4532 ornat
369 4493 440 4535 44444
459 4494 554 4534 corona
571 4494 665 4532 4444444.
835 4477 929 4530 boram
944 4478 1030 4527 444444
1047 4492 1080 4526 aa
1094 4478 1235 4542 pudicitur
1257 4477 1370 4528 44444444
1399 4475 1567 4526 sasorotiiiu

100 4549 144 4599 444
160 4564 274 4605 1444444
290 4559 373 4606 virias
390 4558 435 4608 4444
452 4569 520 4609 nune
537 4569 641 4608 munero
657 4555 762 4622 dignam
834 4555 1114 4613 narrentanorum
1124 4553 1436 4616 bomarasoietiperat
1452 4553 1511 4611 4444
1524 4548 1567 4596 444-

112 4624 152 4674 544
169 4627 247 4680 hiae
266 4631 350 4682 eliecit
366 4635 492 4698 4444444444
511 4633 651 4696 4444444414.
835 4631 890 4680 tius
907 4630 1023 4692 44444444
1038 4627 1109 4678 nibil
1126 4635 1182 4678 44444
1197 4628 1303 4690 [codun
1319 4640 1378 4676 eus
1403 4625 1566 4676 4444444444

108 4697 131 4754 b)
145 4701 180 4750 lb
193 4709 241 4754 444.
262 4704 334 4756 4458.
835 4704 905 4766 quod
920 4719 975 4752 non
993 4704 1181 4766 turpissimum
1196 4704 1234 4752 sii
1247 4704 1384 4766 44444444.
1398 4696 1569 4748 verecundio-

110 4773 132 4828 el
146 4775 215 4827 tens
233 4780 353 4841 44444144
370 4787 408 4830 est
424 4783 548 4843 judicium
571 4785 629 4833 iani
650 4783 787 4842 Parrhasii,
835 4789 887 4828 rem
899 4779 1030 4829 Nicolaum
1051 4791 1126 4840 44444
1146 4781 1262 4838 iniquum
1277 4790 1336 4838 prae
1348 4776 1432 4823 studio
1445 4772 1568 4832 4444444444

76 4845 108 4900 444
124 4849 147 4897 44
159 4851 288 4904 uniendo
305 4853 787 4917 144444444444444444444444444444444
838 4853 916 4903 iocior
932 4855 1029 4915 pudone
1048 4865 1077 4902 ac
1097 4863 1173 4901 sanus
1190 4853 1269 4912 magia
1287 4849 1414 4910 probabit.

78 4923 166 4979 4444444
181 4929 264 4990 spina
283 4927 323 4980 44.
