3368 5362
156 187 214 248 270
792 181 1009 244 tutans

149 294 208 372 fiac
221 311 275 354 suo
290 295 403 373 irrsipae
420 290 630 353 irndccillitatis
648 290 796 351 tumuitus
816 309 870 351 aa·
928 294 975 349 tas
995 283 1063 349 'esse
1085 293 1213 363 comior,
1228 305 1361 368 quarum
1381 290 1541 354 scannullas
1568 296 1645 358 edida

153 395 241 448 turae
261 387 430 468 exemplam
446 384 605 467 macteris.
629 387 707 446 llaec
729 386 766 446 de
781 389 867 447 Petro
924 383 953 441 iu
974 379 1182 444 Miscellaasis
1205 380 1378 460 Stephanus
1400 382 1558 449 Bulum'us.
1582 390 1644 451 Vide

151 480 253 542 Simon
285 481 455 542 schardius.
486 477 689 559 Epistularum
720 481 798 540 Petri
829 478 866 539 do
922 481 953 535 ct
976 474 1133 535 Ussoriam
1170 474 1208 534 de
1231 475 1483 539 Christianarum
1511 480 1645 544 Ecclesia

151 578 252 637 Vincis
282 576 357 635 duas
388 573 475 634 hodie
508 575 646 634 meliores
676 572 822 634 editiones
849 575 865 634 a
922 585 987 628 rum
1021 570 1234 629 successiones
1257 574 1288 628 st
1311 575 1396 630 statu
1418 585 1487 648 cap.
1508 573 1561 635 lx.
1585 593 1642 654 pag.

149 672 228 730 Viris
248 670 421 730 clarissimis
447 674 674 745 exspectamus,
707 683 798 726 unam
830 666 867 726 ab
922 659 1187 724 auspicantia
1209 663 1251 723 Μ.
1268 659 1355 721 Petri
1374 660 1411 722 da
1436 663 1644 738 spasmon

149 764 351 823 eruditissimo
372 760 535 844 Eginhardi
558 760 672 820 editore
695 760 866 821 Hermanno
927 755 1074 832 tabrigiae
1095 757 1299 833 Manusoripta
1323 747 1442 815 servari
1466 762 1645 822 natalitiis

147 853 464 932 ornatissimorum
494 855 556 930 J'am
578 854 616 914 ab
637 852 752 931 aliquot
779 854 867 913 annis
928 865 1026 922 reus,
1048 854 1127 926 quae
1158 847 1279 908 laudato
1301 846 1422 909 Oudino
1455 855 1644 917 verisimiliter

46 1018 55 1030 ,
146 948 175 1025 a)
197 950 254 1009 hoc
276 966 384 1010 saxum
418 949 541 1008 volvere
569 950 721 1026 comperi:
743 946 869 1007 etalte
923 940 1032 1001 eadem
1057 957 1126 1000 cum
1150 939 1294 1017 Epistolis
1309 956 1380 1000 esse
1396 940 1644 1020 judicanturzni—

148 1059 210 1103 ram
234 1044 250 1102 'a
272 1042 448 1119 dignissimo
465 1043 623 1119 Gymnasii
642 1041 793 1118 equestris
811 1043 890 1107 [οη
922 1037 947 1093 si
970 1036 1032 1093 sint
1065 1033 1206 1094 Friderici
1237 1034 1271 1093 11.
1305 1033 1543 1099 constitutiones
1572 1056 1644 1118 ripn

147 1133 345 1212 nueburgensis
368 1135 552 1208 ,Praefectm
588 1134 701 1193 tannae
741 1131 867 1210 Georgia
922 1125 1063 1200 Siciliae,
1086 1144 1164 1206 quas
1181 1144 1239 1206 per
1265 1125 1449 1205 Mapistrum
1480 1129 1517 1190 dc
1554 1130 1642 1193 Ventis

150 1225 371 1307 Wereabtryio.
383 1229 555 1306 Libriprirni
567 1227 866 1306 EpistolanXXlll.
924 1223 1130 1302 Capuanum,
1152 1239 1280 1301 mapnao
1298 1228 1423 1283 nostras
1441 1225 1557 1288 Curiae
1570 1227 1643 1288 tadi-

146 1317 277 1399 primum
310 1320 452 1381 viderunt
484 1321 603 1396 lucem,
626 1320 708 1380 hunc
729 1336 800 1397 prae
832 1335 865 1378 se
925 1314 1159 1395 cemetfitlelem
1175 1317 1644 1392 nastrum‚maadavimuscon·

144 1414 268 1474 titulum
302 1415 452 1473 tarentas:
486 1410 681 1487 Querimonia
715 1411 866 1473 Fri'tterici
916 1407 1023 1487 pilari.
1048 1410 1122 1471 Vide
1145 1411 1291 1488 Toppium
1313 1429 1342 1488 p.
1366 1410 1440 1473 250.
1460 1413 1644 1475 Libellundc

82 1517 84 1521 ‘
144 1508 186 1567 11.
209 1507 350 1585 Imperat.
385 1523 447 1585 qua
467 1522 499 1566 se
519 1508 539 1564 d
560 1509 690 1567 Romano
724 1506 865 1586 Pontifices
921 1501 1125 1565 Consulatum
1155 1520 1245 1582 quern
1279 1506 1375 1564 Boetii
1406 1508 1552 1587 exempto
1578 1511 1641 1568 sori

143 1607 174 1662 et
193 1597 408 1662 Carrtinatidus
441 1598 587 1668 immerito
615 1605 807 1678 persecutum
838 1606 867 1660 ct
921 1601 1018 1676 psisse
1044 1601 1169 1659 Petrum
1193 1595 1284 1657 tradit
1301 1598 1545 1675 Volaterranos,
1566 1618 1642 1663 neno

143 1693 273 1773 Imperio
294 1692 441 1773 dejemum
463 1711 527 1754 esse
554 1693 696 1755 ostendit:
719 1693 867 1755 adactis·
920 1690 1019 1754 adhuc
1042 1693 1071 1750 iu
1094 1691 1196 1752 lucem
1218 1689 1350 1768 protulit.

143 1787 218 1847 simo
244 1787 312 1847 Viro
335 1788 368 1845 D.
390 1785 482 1847 Patro
514 1785 550 1847 de
587 1787 705 1860 Vincis,
733 1788 867 1866 ejusdam
962 1785 1086 1846 *Ultra
1116 1785 1171 1844 has
1191 1800 1298 1844 omnes
1330 1787 1481 1863 epistolas
1515 1789 1590 1848 Petri
1611 1788 1641 1848 ds

119 1922 121 1926 s
144 1879 296 1941 Fridcrici
309 1881 349 1939 11.
372 1878 560 1942 cancellario
576 1880 611 1941 Α.
628 1881 718 1942 1230.
736 1897 868 1942 consors
929 1882 1036 1940 Vineis
1053 1897 1070 1941 a
1087 1878 1232 1941 Schardio
1249 1879 1393 1958 vulgatas
1413 1880 1641 1942 additamentum

139 1979 203 2053 pta.
223 1975 380 2050 Hagenoae
395 1974 475 2052 apud
494 1977 539 2033 Jo.
556 1977 709 2037 Soceriunr
732 1975 821 2034 1529.
838 1975 866 2033 8.
922 1973 1001 2033 aliud
1024 1990 1062 2033 ax
1084 1971 1150 2032 cod.
1171 1973 1230 2034 MS.
1252 1971 1394 2033 Biblioth.
1428 1975 1562 2053 Reginae
1581 1976 1640 2035 Sne

65 2091 71 2107 ¹
144 2068 219 2127 Hinc
241 2066 343 2127 Simon
363 2064 527 2126 schardius
549 2083 603 2127 sax
626 2068 718 2127 libras
751 2069 867 2145 primus
923 2068 1003 2141 ciac,
1038 2082 1116 2143 quae
1151 2064 1238 2125 niodo
1269 2066 1391 2127 transiit
1424 2067 1456 2126 in
1484 2069 1639 2128 Vaticanum

144 2159 212 2219 luce
234 2159 359 2219 donavit
379 2160 513 2219 Basileus
536 2161 626 2220 11166.
648 2161 686 2219 ,8.
714 2177 767 2238 per
794 2163 868 2222 Pau-
926 2158 1087 2236 descripsit
1104 2158 1159 2218 sibi
1178 2159 1207 2218 P.
1226 2157 1378 2250 llabillon.
1394 2157 1582 2238 easdemque
1592 2159 1629 2236 ep‘

144 2252 208 2312 lum
221 2252 389 2337 ¹ticionum,
411 2255 576 2330 praemissa
600 2253 727 2314 formula
749 2253 867 2332 deposi-
922 2253 1015 2312 stolas
1036 2251 1107 2311 dein
1130 2252 1267 2328 vulgavit
1291 2252 1322 2311 P.
1339 2253 1481 2314 Murteae
1501 2262 1554 2315 vet
1572 2268 1637 2312 moa

23 2320 66 2417 'y
144 2348 234 2405 tionis
255 2345 395 2405 Friderioi
420 2347 459 2406 11.
474 2346 568 2406 iactae
586 2363 640 2424 per
654 2349 864 2408 innocentium
922 2344 1636 2423 ttlasuperSchardiicalleotionemBasileon·

143 2440 192 2499 lV.
213 2440 371 2517 integriore
392 2457 484 2517 quam
508 2446 595 2499 sexto
613 2441 814 2501 Decretalium
831 2441 865 2500 li·
923 2441 949 2498 si
970 2440 1006 2500 Α.
1031 2440 1118 2500 1699.
1141 2438 1267 2515 repetita
1281 2436 1366 2497 dedit
1387 2438 1423 2498 Α.
1445 2440 1533 2500 1710.
1543 2439 1635 2500 talla

143 2533 196 2592 bro
217 2533 346 2610 legitur:
368 2540 400 2593 et
420 2533 555 2611 Epistola
576 2534 709 2610 Gregorii
744 2533 797 2599 lX.
828 2534 866 2595 ad
924 2533 1056 2612 delphus
1078 2531 1185 2593 lselius
1206 2533 1232 2589 1.
1255 2529 1633 2612 C.prodiitqusopusillud

143 2626 325 2688 Fridericum
348 2628 384 2687 ll.
407 2629 531 2704 vitaque
553 2625 690 2702 ejusdem
724 2627 865 2689 Fridorici
925 2628 1058 2689 Basileae
1069 2627 1162 2687 tarn
1174 2624 1203 2684 8.
1216 2622 1458 2688 Contulittotum
1467 2624 1631 2706 opusudllt

144 2737 181 2779 ex
210 2720 368 2780 Callenutii
405 2719 479 2778 libro
512 2720 560 2778 lll.
582 2736 673 2796 quarn
703 2721 808 2783 Latiae
828 2738 866 2780 ox
921 2719 1062 2781 Codiaem
1086 2717 1225 2778 Biblioth.
1258 2719 1446 2795 dernensis,
1473 2718 1629 2780 mendosum

144 2813 246 2872 ltalico
268 2815 372 2871 Latine
405 2811 570 2872 Sohardins
590 2815 763 2886 convertit,
784 2814 867 2874 addi·
920 2820 1021 2874 tamen
1053 2813 1136 2872 illum
1159 2818 1191 2872 et
1222 2812 1307 2889 pretii
1339 2813 1452 2891 oppido
1484 2811 1628 2873 mediocris

144 2904 248 2982 ditque
266 2906 356 2964 etiam
381 2904 584 2982 hypomnema
600 2904 721 2980 deiide,
737 2909 865 2969 amicitia
887 2888 891 2901 ¹
922 2909 977 2968 Per
999 2908 1073 2967 istos
1094 2921 1190 2966 annas
1207 2906 1431 2968 consumme
1447 2903 1629 2986 ageremur

144 3004 176 3061 et
197 2997 389 3058 observantia
408 2998 586 3059 Pontificum
602 3001 803 3060 Romanorum
821 3018 868 3061 er·
921 3000 1115 3060 doctissimus
1144 2998 1283 3059 Nicotaus
1314 3015 1331 3058 a
1367 3000 1523 3075 Forlasin,
1544 3005 1627 3061 castos

144 3107 182 3168 ga
204 3092 402 3168 imperatores
423 3090 628 3152 Germanicos.
661 3095 799 3172 Denique
822 3114 868 3156 re·
923 3095 1083 3172 primarius
1116 3092 1255 3153 Biblioth.
1286 3090 1531 3154 vindobonensis
1549 3100 1627 3153 osten

144 3198 217 3245 casa
240 3182 375 3244 Schardii
396 3183 487 3243 aditio
508 3183 618 3245 collata
636 3202 706 3246 curn
723 3188 868 3267 ¹Hagano-
921 3188 966 3248 dit
994 3188 1065 3247 milri
1091 3185 1235 3265 =Schardii
1266 3186 1479 3247 collectionem
1501 3188 1627 3266 passini

144 3279 232 3350 ensi,
254 3279 469 3356 recognitaquo
490 3282 522 3336 et
542 3285 649 3354 aucta,
671 3267 817 3357 glossario
834 3284 868 3342 il·
922 3298 955 3341 sa
986 3288 1124 3364 exactam
1147 3279 1183 3340 ad
1219 3278 1473 3342 vindobonenses
1493 3279 1581 3343 codd.
1599 3291 1625 3335 ox

143 3369 270 3431 lustrata
291 3379 321 3430 et
343 3370 440 3430 indiae
456 3387 510 3448 per
528 3369 711 3433 Germanum
733 3372 864 3438 Putate·
921 3374 1031 3452 quibus
1054 3377 1207 3439 variantes
1224 3373 1328 3451 plures
1343 3375 1475 3452 margini
1492 3374 1626 3434 adiecerat

143 3461 219 3524 tlon
240 3464 408 3541 Ambergae
444 3465 532 3524 1609.
564 3467 659 3526 torma
681 3473 786 3528 octava
811 3472 884 3528 mi-‘
922 3470 1049 3545 insuper
1079 3468 1223 3545 epistolas
1255 3467 1345 3544 longa
1377 3466 1500 3545 pluras,
1520 3464 1624 3547 quasit

145 3560 224 3634 nari,
244 3557 387 3636 adiuncto
404 3560 495 3618 etiam
517 3558 658 3619 Friderici
678 3561 713 3619 ll.
736 3558 865 3623 Consilia
920 3560 1074 3621 codicibus
1096 3560 1155 3620 illis
1176 3566 1285 3621 nactus
1306 3566 1355 3620 est
1377 3561 1408 3618 in
1428 3561 1570 3622 &hordia
1583 3559 1626 3617 lro·

143 3649 180 3711 de
202 3651 406 3714 Archiducatu
427 3649 586 3713 austriaca
606 3653 751 3713 mutando
767 3654 796 3714 in
812 3656 867 3714 lla-
921 3663 984 3715 stra
1006 3653 1194 3731 quaerendas
1213 3655 1246 3718 in
1276 3653 1336 3713 fine
1368 3657 1438 3716 aias
1451 3725 1453 3728 ¹
1467 3650 1625 3716 collactat

143 3762 246 3821 gnum.
267 3746 376 3806 Cantor
408 3747 471 3806 Nic.
503 3747 620 3806 Hieran.
648 3745 864 3826 Gundlingium
920 3748 1089 3825 descripsit.
1123 3747 1169 3807 An
1192 3747 1260 3806 illae
1289 3750 1483 3809 accessorius
1508 3743 1625 3828 epistolae

145 3837 174 3894 in
196 3835 319 3896 historia
342 3838 459 3915 lmperii
482 3855 548 3918 pag.
571 3840 640 3899 593.
660 3841 741 3912 Bene
763 3846 863 3900 autem
921 3841 1044 3902 eaedem
1078 3842 1204 3900 omnino
1225 3843 1288 3900 sint
1319 3858 1390 3902 oum
1414 3842 1625 3920 illis,qoose1

144 3935 280 3989 notatum
303 3930 341 3990 ab
363 3930 481 3993 Oudino
502 3933 528 4005 a)
547 3937 611 4005 est,
641 3930 671 3990 ia
691 3948 751 3991 sca
780 3931 866 3995 libris
919 3934 1086 3995 illabillonia
1117 3935 1257 4012 vulgavit
1288 3936 1446 3996 Martenus
1468 3939 1498 3997 in
1518 3951 1553 3996 ea
1571 3940 1625 3991 ten·

144 4019 224 4081 disce
258 4022 464 4101 Epistularum
486 4042 563 4104 quas
595 4043 638 4084 ea>
668 4024 821 4086 Friderici
840 4033 869 4086 et
920 4031 1001 4108 poris
1021 4029 1162 4106 angustia
1185 4029 1369 4104 investigare
1391 4024 1595 4108 nan.potui.'

144 4127 201 4172 sua
224 4129 355 4191 persona
384 4109 541 4194 scripsisse
575 4115 687 4178 Petrus
711 4118 746 4179 de
772 4119 867 4180 Vincis
962 4122 1071 4183 PETlll
1092 4123 1114 4181 V
1118 4124 1151 4181 iri
1173 4121 1369 4182 disertissimi
1392 4122 1574 4204 emaeptiaats
1587 4115 1623 4176 lt·

140 4205 340 4285 perhibetur,
363 4226 420 4268 aon
439 4228 557 4288 paucas
578 4212 669 4272 etiam
702 4214 865 4289 coatirreri,
920 4232 992 4294 pum
1007 4212 1286 4288 Romanarum,ad
1301 4208 1622 4288 salamantinam
1674 4214 1676 4225 '

144 4316 275 4380 quarrrm
297 4299 369 4380 'ipss
396 4314 585 4382 contraquam
608 4311 715 4364 auctor
736 4321 798 4366 esse
817 4324 867 4386 pc·
921 4315 990 4387 ptae
1009 4311 1037 4367 in
1057 4309 1197 4369 Biblioth.
1214 4308 1304 4386 Regia
1323 4310 1416 4368 Paris,
1435 4307 1541 4369 Codice
1556 4297 1619 4367 ltll·

40 4420 45 4430 ·
136 4387 223 4475 tuit:
247 4411 314 4454 cum
335 4411 393 4454 aaa
411 4393 507 4456 solum
526 4404 594 4477 past
615 4397 708 4478 r'psius
726 4398 813 4458 Patri
831 4398 867 4459 de
923 4408 1002 4463 teste
1024 4403 1145 4481 cangro.

149 4487 266 4562 Vincis,
290 4506 396 4549 verum
414 4489 501 4550 etiam
516 4496 585 4569 p'ast
600 4491 696 4570 ipsius
712 4491 869 4553 'Frirtsrici
962 4498 1110 4558 PETRUS
1135 4493 1327 4557 Vissstbscius
1348 4495 1425 4556 Vide
1446 4492 1617 4556 aucarum

143 4587 266 4642 mortem
288 4583 308 4640 d
329 4582 539 4645 mantuano
560 4586 582 4644 1.
603 4582 732 4662 aliisque
752 4601 866 4645 saara·
924 4588 1088 4651 curantem
1106 4605 1196 4667 supra
1215 4597 1288 4649 tom.
1306 4590 1334 4649 3.
1352 4606 1419 4668 pag.
1438 4589 1506 4650 287.

186 4816 210 4854 ul
235 4808 300 4858 stol.
319 4813 446 4861 lllstorlco
462 4808 549 4860 theol.
570 4812 697 4860 ltrsrnsus.
716 4817 777 4862 tour.
790 4815 830 4860 vl.
843 4818 871 4861 Α.
930 4821 970 4866 vl.
988 4831 1046 4880 pag.
1060 4816 1117 4866 dia.

140 4879 212 4928 1799.
231 4895 253 4941 p.
274 4880 327 4931 tot.
342 4883 503 4934 duserleseno
519 4880 696 4943 rasoloatscno
715 4887 776 4936 ttlbl.
806 4892 868 4938 tarn.
972 4892 997 4951 u)
1013 4897 1072 4941 tom
1091 4891 1115 4941 ὅ.
1132 4903 1187 4953 pag.
1207 4889 1260 4940 1119.
1379 4940 1382 4945 ,
