<?xml version="1.0" encoding="UTF-8"?>
<!DOCTYPE html PUBLIC "-//W3C//DTD XHTML 1.0 Transitional//EN"
    "http://www.w3.org/TR/xhtml1/DTD/xhtml1-transitional.dtd">
<html xmlns="http://www.w3.org/1999/xhtml" xml:lang="en" lang="en">
 <head>
  <title>
</title>
<meta http-equiv="Content-Type" content="text/html;charset=utf-8" />
  <meta name='ocr-system' content='tesseract 3.04.00' />
  <meta name='ocr-capabilities' content='ocr_page ocr_carea ocr_par ocr_line ocrx_word'/>
</head>
<body>
  <div class='ocr_page' id='page_1' title='image "./lta-11000/bibliothecalati01gallgoog/bibliothecalati01gallgoog_0156.png"; bbox 0 0 3568 5414; ppageno 0'>
   <div class='ocr_carea' id='block_1_1' title="bbox 659 199 1550 278">
    <p class='ocr_par' dir='ltr' id='par_1_1' title="bbox 659 199 1550 278">
     <span class='ocr_line' id='line_1_1' title="bbox 659 199 1550 278; baseline 0.008 -8"><span class='ocrx_word' id='word_1_1' title='bbox 659 199 954 272; x_wconf 74' lang='grc'><strong>0110881118</strong></span> <span class='ocrx_word' id='word_1_2' title='bbox 1491 213 1550 278; x_wconf 84' lang='lat' dir='ltr'><strong>tos</strong></span> 
     </span>
    </p>
   </div>
   <div class='ocr_carea' id='block_1_2' title="bbox 67 317 1565 4988">
    <p class='ocr_par' dir='ltr' id='par_1_2' title="bbox 67 317 1565 4988">
     <span class='ocr_line' id='line_1_2' title="bbox 92 317 1548 397; baseline -0.002 -10"><span class='ocrx_word' id='word_1_3' title='bbox 92 321 288 396; x_wconf 78' lang='grc'><strong>4444444444,</strong></span> <span class='ocrx_word' id='word_1_4' title='bbox 320 321 395 384; x_wconf 88' lang='lat' dir='ltr'><strong>libor</strong></span> <span class='ocrx_word' id='word_1_5' title='bbox 425 335 487 382; x_wconf 87' lang='lat' dir='ltr'><strong>aaa</strong></span> <span class='ocrx_word' id='word_1_6' title='bbox 517 335 587 380; x_wconf 89' lang='lat' dir='ltr'><strong>curn</strong></span> <span class='ocrx_word' id='word_1_7' title='bbox 619 317 772 397; x_wconf 79' lang='lat' dir='ltr'>superiore</span> <span class='ocrx_word' id='word_1_8' title='bbox 828 317 1407 394; x_wconf 69' lang='grc'><strong>4441440441414,14.1441141444</strong></span> <span class='ocrx_word' id='word_1_9' title='bbox 1430 322 1548 384; x_wconf 85' lang='lat' dir='ltr'><strong>Consu-</strong></span> 
     </span>
     <span class='ocr_line' id='line_1_3' title="bbox 89 411 1549 500; baseline -0.004 -18"><span class='ocrx_word' id='word_1_10' title='bbox 89 423 194 500; x_wconf 82' lang='lat' dir='ltr'><strong>Epitome</strong></span> <span class='ocrx_word' id='word_1_11' title='bbox 222 417 325 476; x_wconf 83' lang='lat' dir='ltr'><strong>venet.</strong></span> <span class='ocrx_word' id='word_1_12' title='bbox 359 413 446 476; x_wconf 82' lang='grc'><strong>4567.</strong></span> <span class='ocrx_word' id='word_1_13' title='bbox 467 412 496 474; x_wconf 82' lang='lat' dir='ltr'><strong>b.</strong></span> <span class='ocrx_word' id='word_1_14' title='bbox 518 421 549 474; x_wconf 91' lang='lat' dir='ltr'><strong>et</strong></span> <span class='ocrx_word' id='word_1_15' title='bbox 569 413 659 474; x_wconf 85' lang='lat' dir='ltr'><strong>Paris.</strong></span> <span class='ocrx_word' id='word_1_16' title='bbox 683 411 771 473; x_wconf 82' lang='lat' dir='ltr'><strong>roos.</strong></span> <span class='ocrx_word' id='word_1_17' title='bbox 828 414 898 474; x_wconf 87' lang='lat' dir='ltr'><strong>laria</strong></span> <span class='ocrx_word' id='word_1_18' title='bbox 921 419 952 473; x_wconf 88' lang='lat' dir='ltr'><strong>et</strong></span> <span class='ocrx_word' id='word_1_19' title='bbox 973 412 1164 493; x_wconf 77' lang='lat' dir='ltr'>triumphalia</span> <span class='ocrx_word' id='word_1_20' title='bbox 1187 414 1363 492; x_wconf 78' lang='lat' dir='ltr'><strong>fragmenta.</strong></span> <span class='ocrx_word' id='word_1_21' title='bbox 1381 417 1418 478; x_wconf 87' lang='lat' dir='ltr'><strong>ld.</strong></span> <span class='ocrx_word' id='word_1_22' title='bbox 1437 416 1549 478; x_wconf 81' lang='lat' dir='ltr'><strong>Aurelii</strong></span> 
     </span>
     <span class='ocr_line' id='line_1_4' title="bbox 91 505 1550 587; baseline -0.003 -13"><span class='ocrx_word' id='word_1_23' title='bbox 91 517 109 574; x_wconf 93' lang='grc'><strong>1.</strong></span> <span class='ocrx_word' id='word_1_24' title='bbox 124 519 149 572; x_wconf 89' lang='grc'><strong>44</strong></span> <span class='ocrx_word' id='word_1_25' title='bbox 170 515 194 571; x_wconf 91' lang='lat' dir='ltr'><strong>in</strong></span> <span class='ocrx_word' id='word_1_26' title='bbox 223 505 525 570; x_wconf 82' lang='lat' dir='ltr'><strong>iaudato&#39;Ghronico</strong></span> <span class='ocrx_word' id='word_1_27' title='bbox 557 506 771 569; x_wconf 78' lang='lat' dir='ltr'><strong>chronicorum</strong></span> <span class='ocrx_word' id='word_1_28' title='bbox 827 505 1017 577; x_wconf 80' lang='lat' dir='ltr'><strong>cassiodori,</strong></span> <span class='ocrx_word' id='word_1_29' title='bbox 1051 509 1184 587; x_wconf 85' lang='lat' dir='ltr'><strong>Prosperi</strong></span> <span class='ocrx_word' id='word_1_30' title='bbox 1221 508 1409 586; x_wconf 82' lang='lat' dir='ltr'><strong>Aquitanici,</strong></span> <span class='ocrx_word' id='word_1_31' title='bbox 1441 512 1550 571; x_wconf 76' lang='lat' dir='ltr'><strong>Incerti</strong></span> 
     </span>
     <span class='ocr_line' id='line_1_5' title="bbox 88 598 1521 679; baseline -0.006 -9"><span class='ocrx_word' id='word_1_32' title='bbox 88 607 262 670; x_wconf 80' lang='lat' dir='ltr'><strong>Ecclesiastico</strong></span> <span class='ocrx_word' id='word_1_33' title='bbox 283 609 356 662; x_wconf 94' lang='lat' dir='ltr'><strong>tom.</strong></span> <span class='ocrx_word' id='word_1_34' title='bbox 379 604 407 662; x_wconf 93' lang='grc'><strong>4.</strong></span> <span class='ocrx_word' id='word_1_35' title='bbox 427 617 494 679; x_wconf 88' lang='lat' dir='ltr'><strong>pag.</strong></span> <span class='ocrx_word' id='word_1_36' title='bbox 516 598 586 661; x_wconf 88' lang='grc'><strong>767.</strong></span> <span class='ocrx_word' id='word_1_37' title='bbox 606 598 674 662; x_wconf 96' lang='grc'><strong>744.</strong></span> <span class='ocrx_word' id='word_1_38' title='bbox 828 602 1012 660; x_wconf 83' lang='grc'><strong>4444441444</strong></span> <span class='ocrx_word' id='word_1_39' title='bbox 1033 601 1193 661; x_wconf 86' lang='lat' dir='ltr'><strong>liaroellini</strong></span> <span class='ocrx_word' id='word_1_40' title='bbox 1216 603 1341 674; x_wconf 61' lang='lat' dir='ltr'><strong>Comitis</strong></span> <span class='ocrx_word' id='word_1_41' title='bbox 1362 602 1521 664; x_wconf 84' lang='lat' dir='ltr'><strong>Chronica.</strong></span> 
     </span>
     <span class='ocr_line' id='line_1_6' title="bbox 116 689 1552 771; baseline -0.001 -11"><span class='ocrx_word' id='word_1_42' title='bbox 116 697 262 763; x_wconf 82' lang='grc'><strong>6144444444</strong></span> <span class='ocrx_word' id='word_1_43' title='bbox 282 692 522 756; x_wconf 75' lang='grc'><strong>44414444444444</strong></span> <span class='ocrx_word' id='word_1_44' title='bbox 545 693 774 756; x_wconf 76' lang='grc'><strong>4141404444-</strong></span> <span class='ocrx_word' id='word_1_45' title='bbox 867 693 909 751; x_wconf 88' lang='grc'><strong>114</strong></span> <span class='ocrx_word' id='word_1_46' title='bbox 927 689 1005 751; x_wconf 87' lang='lat' dir='ltr'><strong>indis</strong></span> <span class='ocrx_word' id='word_1_47' title='bbox 1025 689 1236 756; x_wconf 83' lang='lat' dir='ltr'><strong>saecularibus</strong></span> <span class='ocrx_word' id='word_1_48' title='bbox 1257 692 1552 771; x_wconf 63' lang='lat' dir='ltr'><strong>roccaromana</strong></span> 
     </span>
     <span class='ocr_line' id='line_1_7' title="bbox 86 782 1552 870; baseline -0.003 -16"><span class='ocrx_word' id='word_1_49' title='bbox 86 796 116 854; x_wconf 84' lang='lat' dir='ltr'><strong>ris</strong></span> <span class='ocrx_word' id='word_1_50' title='bbox 131 790 299 870; x_wconf 77' lang='lat' dir='ltr'><strong>temporibus</strong></span> <span class='ocrx_word' id='word_1_51' title='bbox 324 787 479 866; x_wconf 78' lang='lat' dir='ltr'><strong>usquead</strong></span> <span class='ocrx_word' id='word_1_52' title='bbox 502 789 578 867; x_wconf 87' lang='lat' dir='ltr'><strong>imp.</strong></span> <span class='ocrx_word' id='word_1_53' title='bbox 600 787 773 848; x_wconf 81' lang='grc'><strong>1144441114-</strong></span> <span class='ocrx_word' id='word_1_54' title='bbox 827 783 863 845; x_wconf 90' lang='grc'><strong>414</strong></span> <span class='ocrx_word' id='word_1_55' title='bbox 884 782 1013 866; x_wconf 73' lang='grc'><strong>84444144</strong></span> <span class='ocrx_word' id='word_1_56' title='bbox 1035 791 1064 846; x_wconf 87' lang='grc'><strong>44</strong></span> <span class='ocrx_word' id='word_1_57' title='bbox 1085 785 1271 849; x_wconf 81' lang='lat' dir='ltr'><strong>carminibus</strong></span> <span class='ocrx_word' id='word_1_58' title='bbox 1298 787 1469 870; x_wconf 75' lang='lat' dir='ltr'><strong>Sibyllinis:</strong></span> <span class='ocrx_word' id='word_1_59' title='bbox 1492 796 1552 850; x_wconf 85' lang='lat' dir='ltr'><strong>ter-</strong></span> 
     </span>
     <span class='ocr_line' id='line_1_8' title="bbox 87 876 1552 960; baseline -0.001 -14"><span class='ocrx_word' id='word_1_60' title='bbox 87 885 189 960; x_wconf 88' lang='grc'><strong>44411.</strong></span> <span class='ocrx_word' id='word_1_61' title='bbox 208 882 308 945; x_wconf 86' lang='lat' dir='ltr'><strong>Goloa.</strong></span> <span class='ocrx_word' id='word_1_62' title='bbox 330 877 419 943; x_wconf 85' lang='grc'><strong>4568.</strong></span> <span class='ocrx_word' id='word_1_63' title='bbox 442 882 490 949; x_wconf 87' lang='lat' dir='ltr'><strong>iol.</strong></span> <span class='ocrx_word' id='word_1_64' title='bbox 513 883 628 942; x_wconf 72' lang='lat' dir='ltr'><strong>toran:</strong></span> <span class='ocrx_word' id='word_1_65' title='bbox 649 879 771 943; x_wconf 84' lang='grc'><strong>15731.</strong></span> <span class='ocrx_word' id='word_1_66' title='bbox 828 878 1000 958; x_wconf 73' lang='grc'><strong>4444444414</strong></span> <span class='ocrx_word' id='word_1_67' title='bbox 1013 879 1147 960; x_wconf 79' lang='lat' dir='ltr'><strong>antiquis</strong></span> <span class='ocrx_word' id='word_1_68' title='bbox 1165 876 1367 944; x_wconf 77' lang='lat' dir='ltr'><strong>homanorum</strong></span> <span class='ocrx_word' id='word_1_69' title='bbox 1383 881 1552 945; x_wconf 82' lang='lat' dir='ltr'><strong>nominibus</strong></span> 
     </span>
     <span class='ocr_line' id='line_1_9' title="bbox 84 970 1553 1052; baseline -0.002 -12"><span class='ocrx_word' id='word_1_70' title='bbox 84 978 208 1040; x_wconf 78' lang='grc'><strong>44141144</strong></span> <span class='ocrx_word' id='word_1_71' title='bbox 228 977 332 1036; x_wconf 81' lang='lat' dir='ltr'><strong>venet.</strong></span> <span class='ocrx_word' id='word_1_72' title='bbox 356 975 450 1036; x_wconf 88' lang='grc'><strong>4674.</strong></span> <span class='ocrx_word' id='word_1_73' title='bbox 468 975 495 1035; x_wconf 94' lang='grc'><strong>4.</strong></span> <span class='ocrx_word' id='word_1_74' title='bbox 589 1008 591 1016; x_wconf 81' lang='grc'><strong><em>·</em></strong></span> <span class='ocrx_word' id='word_1_75' title='bbox 783 1009 788 1028; x_wconf 85' lang='grc'><strong>.</strong></span> <span class='ocrx_word' id='word_1_76' title='bbox 827 978 857 1032; x_wconf 95' lang='grc'><strong>44</strong></span> <span class='ocrx_word' id='word_1_77' title='bbox 873 970 1001 1052; x_wconf 80' lang='grc'><strong>[44441444</strong></span> <span class='ocrx_word' id='word_1_78' title='bbox 1033 973 1187 1048; x_wconf 77' lang='lat' dir='ltr'>subjuncti</span> <span class='ocrx_word' id='word_1_79' title='bbox 1210 977 1307 1035; x_wconf 80' lang='lat' dir='ltr'><strong>Fastis</strong></span> <span class='ocrx_word' id='word_1_80' title='bbox 1328 979 1357 1036; x_wconf 89' lang='grc'><strong>14</strong></span> <span class='ocrx_word' id='word_1_81' title='bbox 1380 977 1465 1037; x_wconf 92' lang='grc'><strong>44144.</strong></span> <span class='ocrx_word' id='word_1_82' title='bbox 1496 977 1553 1038; x_wconf 89' lang='lat' dir='ltr'><strong>Ve-</strong></span> 
     </span>
     <span class='ocr_line' id='line_1_10' title="bbox 113 1065 1552 1148; baseline 0 -16"><span class='ocrx_word' id='word_1_83' title='bbox 113 1069 208 1133; x_wconf 85' lang='grc'><strong>7144144</strong></span> <span class='ocrx_word' id='word_1_84' title='bbox 237 1068 275 1131; x_wconf 95' lang='grc'><strong>44</strong></span> <span class='ocrx_word' id='word_1_85' title='bbox 303 1065 374 1131; x_wconf 85' lang='lat' dir='ltr'><strong>vitis</strong></span> <span class='ocrx_word' id='word_1_86' title='bbox 413 1065 587 1148; x_wconf 77' lang='lat' dir='ltr'><strong>Pontificum</strong></span> <span class='ocrx_word' id='word_1_87' title='bbox 611 1071 774 1128; x_wconf 85' lang='lat' dir='ltr'><strong>restitutus</strong></span> <span class='ocrx_word' id='word_1_88' title='bbox 829 1074 889 1126; x_wconf 91' lang='lat' dir='ltr'><strong>net.</strong></span> <span class='ocrx_word' id='word_1_89' title='bbox 912 1075 942 1127; x_wconf 89' lang='lat' dir='ltr'><strong>et</strong></span> <span class='ocrx_word' id='word_1_90' title='bbox 970 1065 1156 1146; x_wconf 81' lang='lat' dir='ltr'><strong>Heidelberg.</strong></span> <span class='ocrx_word' id='word_1_91' title='bbox 1189 1069 1309 1129; x_wconf 84' lang='lat' dir='ltr'><strong>Primus</strong></span> <span class='ocrx_word' id='word_1_92' title='bbox 1336 1077 1367 1130; x_wconf 91' lang='lat' dir='ltr'><strong>et</strong></span> <span class='ocrx_word' id='word_1_93' title='bbox 1398 1069 1552 1134; x_wconf 83' lang='lat' dir='ltr'><strong>sccundus</strong></span> 
     </span>
     <span class='ocr_line' id='line_1_11' title="bbox 83 1160 1553 1248; baseline -0.002 -22"><span class='ocrx_word' id='word_1_94' title='bbox 83 1182 134 1226; x_wconf 87' lang='lat' dir='ltr'><strong>mm</strong></span> <span class='ocrx_word' id='word_1_95' title='bbox 152 1167 299 1244; x_wconf 78' lang='lat' dir='ltr'><strong>sexaginta</strong></span> <span class='ocrx_word' id='word_1_96' title='bbox 317 1163 357 1224; x_wconf 80' lang='lat' dir='ltr'><strong>&#39;ad</strong></span> <span class='ocrx_word' id='word_1_97' title='bbox 378 1169 431 1223; x_wconf 89' lang='lat' dir='ltr'><strong>ea&#39;s</strong></span> <span class='ocrx_word' id='word_1_98' title='bbox 457 1161 719 1237; x_wconf 70' lang='lat' dir='ltr'><strong>adnotationibus,</strong></span> <span class='ocrx_word' id='word_1_99' title='bbox 743 1163 774 1221; x_wconf 90' lang='lat' dir='ltr'><strong>et</strong></span> <span class='ocrx_word' id='word_1_100' title='bbox 828 1165 951 1221; x_wconf 81' lang='lat' dir='ltr'><strong>exstant</strong></span> <span class='ocrx_word' id='word_1_101' title='bbox 974 1163 1064 1222; x_wconf 89' lang='lat' dir='ltr'><strong>stiam</strong></span> <span class='ocrx_word' id='word_1_102' title='bbox 1093 1163 1122 1220; x_wconf 92' lang='lat' dir='ltr'><strong>in</strong></span> <span class='ocrx_word' id='word_1_103' title='bbox 1156 1160 1315 1248; x_wconf 83' lang='lat' dir='ltr'><strong>Gaudentii</strong></span> <span class='ocrx_word' id='word_1_104' title='bbox 1347 1164 1465 1224; x_wconf 85' lang='lat' dir='ltr'><strong>ltoberti</strong></span> <span class='ocrx_word' id='word_1_105' title='bbox 1498 1167 1553 1224; x_wconf 90' lang='lat' dir='ltr'><strong>mi·</strong></span> 
     </span>
     <span class='ocr_line' id='line_1_12' title="bbox 82 1253 1553 1333; baseline -0.001 -13"><span class='ocrx_word' id='word_1_106' title='bbox 82 1258 204 1320; x_wconf 87' lang='lat' dir='ltr'><strong>additione</strong></span> <span class='ocrx_word' id='word_1_107' title='bbox 220 1255 433 1321; x_wconf 79' lang='lat' dir='ltr'><strong>Pontificuma</strong></span> <span class='ocrx_word' id='word_1_108' title='bbox 451 1257 536 1318; x_wconf 80' lang='lat' dir='ltr'><strong>Sixto</strong></span> <span class='ocrx_word' id='word_1_109' title='bbox 555 1257 600 1316; x_wconf 87' lang='lat' dir='ltr'><strong>iv.</strong></span> <span class='ocrx_word' id='word_1_110' title='bbox 620 1271 717 1333; x_wconf 80' lang='lat' dir='ltr'><strong>usqua</strong></span> <span class='ocrx_word' id='word_1_111' title='bbox 735 1253 772 1314; x_wconf 91' lang='lat' dir='ltr'><strong>ad</strong></span> <span class='ocrx_word' id='word_1_112' title='bbox 829 1253 989 1318; x_wconf 88' lang='lat' dir='ltr'><strong>scellaneis</strong></span> <span class='ocrx_word' id='word_1_113' title='bbox 1012 1255 1123 1315; x_wconf 91' lang='lat' dir='ltr'><strong>italicis</strong></span> <span class='ocrx_word' id='word_1_114' title='bbox 1144 1253 1271 1315; x_wconf 90' lang='lat' dir='ltr'><strong>eruditis</strong></span> <span class='ocrx_word' id='word_1_115' title='bbox 1293 1262 1365 1316; x_wconf 90' lang='lat' dir='ltr'><strong>torn.</strong></span> <span class='ocrx_word' id='word_1_116' title='bbox 1387 1259 1413 1319; x_wconf 87' lang='grc'><strong>4.</strong></span> <span class='ocrx_word' id='word_1_117' title='bbox 1435 1259 1553 1319; x_wconf 87' lang='lat' dir='ltr'><strong>Primus</strong></span> 
     </span>
     <span class='ocr_line' id='line_1_13' title="bbox 82 1349 1554 1414; baseline -0.001 0"><span class='ocrx_word' id='word_1_118' title='bbox 82 1351 336 1414; x_wconf 85' lang='lat' dir='ltr'><strong>liule.Venet.</strong></span> <span class='ocrx_word' id='word_1_119' title='bbox 358 1349 773 1414; x_wconf 67' lang='lat' dir='ltr'><strong>montiscasinii.</strong></span> <span class='ocrx_word' id='word_1_120' title='bbox 829 1349 858 1408; x_wconf 92' lang='lat' dir='ltr'><strong>in</strong></span> <span class='ocrx_word' id='word_1_121' title='bbox 881 1355 962 1408; x_wconf 91' lang='lat' dir='ltr'><strong>tomo</strong></span> <span class='ocrx_word' id='word_1_122' title='bbox 985 1365 1062 1408; x_wconf 92' lang='lat' dir='ltr'><strong>nono</strong></span> <span class='ocrx_word' id='word_1_123' title='bbox 1094 1349 1228 1409; x_wconf 75' lang='lat' dir='ltr'><strong>thesauri</strong></span> <span class='ocrx_word' id='word_1_124' title='bbox 1261 1349 1419 1410; x_wconf 89' lang='lat' dir='ltr'><strong>Graeviaoi</strong></span> <span class='ocrx_word' id='word_1_125' title='bbox 1441 1358 1472 1411; x_wconf 91' lang='lat' dir='ltr'><strong>et</strong></span> <span class='ocrx_word' id='word_1_126' title='bbox 1494 1355 1554 1412; x_wconf 88' lang='lat' dir='ltr'><strong>ter-</strong></span> 
     </span>
     <span class='ocr_line' id='line_1_14' title="bbox 83 1431 1554 1522; baseline -0.002 -14"><span class='ocrx_word' id='word_1_127' title='bbox 83 1448 149 1508; x_wconf 82' lang='lat' dir='ltr'><strong>itit.</strong></span> <span class='ocrx_word' id='word_1_128' title='bbox 169 1447 214 1508; x_wconf 89' lang='lat' dir='ltr'><strong>iol.</strong></span> <span class='ocrx_word' id='word_1_129' title='bbox 233 1446 337 1508; x_wconf 89' lang='lat' dir='ltr'><strong>Calon.</strong></span> <span class='ocrx_word' id='word_1_130' title='bbox 362 1441 448 1506; x_wconf 83' lang='grc'><strong>4674.</strong></span> <span class='ocrx_word' id='word_1_131' title='bbox 476 1444 525 1504; x_wconf 90' lang='grc'><strong>141.</strong></span> <span class='ocrx_word' id='word_1_132' title='bbox 553 1444 655 1504; x_wconf 83' lang='lat' dir='ltr'><strong>colon.</strong></span> <span class='ocrx_word' id='word_1_133' title='bbox 686 1441 774 1503; x_wconf 85' lang='grc'><strong>4614.</strong></span> <span class='ocrx_word' id='word_1_134' title='bbox 829 1445 891 1502; x_wconf 89' lang='lat' dir='ltr'><strong>tius</strong></span> <span class='ocrx_word' id='word_1_135' title='bbox 913 1443 942 1502; x_wconf 92' lang='lat' dir='ltr'><strong>in</strong></span> <span class='ocrx_word' id='word_1_136' title='bbox 965 1442 1110 1503; x_wconf 89' lang='lat' dir='ltr'><strong>secundo.</strong></span> <span class='ocrx_word' id='word_1_137' title='bbox 1130 1443 1217 1503; x_wconf 90' lang='lat' dir='ltr'><strong>Liber</strong></span> <span class='ocrx_word' id='word_1_138' title='bbox 1232 1442 1269 1504; x_wconf 90' lang='grc'><strong>44</strong></span> <span class='ocrx_word' id='word_1_139' title='bbox 1287 1431 1410 1522; x_wconf 83' lang='lat' dir='ltr'><strong>Sibyllis</strong></span> <span class='ocrx_word' id='word_1_140' title='bbox 1427 1463 1463 1505; x_wconf 87' lang='lat' dir='ltr'><strong>ex</strong></span> <span class='ocrx_word' id='word_1_141' title='bbox 1482 1445 1554 1505; x_wconf 92' lang='lat' dir='ltr'><strong>edit.</strong></span> 
     </span>
     <span class='ocr_line' id='line_1_15' title="bbox 81 1533 1553 1620; baseline 0 -20"><span class='ocrx_word' id='word_1_142' title='bbox 81 1540 192 1602; x_wconf 82' lang='lat' dir='ltr'><strong>t.lott.</strong></span> <span class='ocrx_word' id='word_1_143' title='bbox 215 1542 241 1600; x_wconf 92' lang='grc'><strong>4.</strong></span> <span class='ocrx_word' id='word_1_144' title='bbox 264 1547 296 1600; x_wconf 90' lang='grc'><strong>44</strong></span> <span class='ocrx_word' id='word_1_145' title='bbox 317 1539 436 1611; x_wconf 88' lang='grc'><strong>1441144,</strong></span> <span class='ocrx_word' id='word_1_146' title='bbox 455 1533 777 1618; x_wconf 69' lang='grc' dir='ltr'><strong>4994444441Ρ144444444</strong></span> <span class='ocrx_word' id='word_1_147' title='bbox 830 1535 927 1594; x_wconf 85' lang='lat' dir='ltr'><strong>Venet</strong></span> <span class='ocrx_word' id='word_1_148' title='bbox 964 1535 1061 1596; x_wconf 79' lang='grc'><strong>4567.</strong></span> <span class='ocrx_word' id='word_1_149' title='bbox 1086 1536 1115 1594; x_wconf 90' lang='grc'><strong>8.</strong></span> <span class='ocrx_word' id='word_1_150' title='bbox 1147 1551 1280 1597; x_wconf 80' lang='lat' dir='ltr'><strong>excusas</strong></span> <span class='ocrx_word' id='word_1_151' title='bbox 1312 1545 1382 1598; x_wconf 86' lang='lat' dir='ltr'><strong>ante</strong></span> <span class='ocrx_word' id='word_1_152' title='bbox 1408 1537 1553 1620; x_wconf 78' lang='lat' dir='ltr'><strong>Sibyllina</strong></span> 
     </span>
     <span class='ocr_line' id='line_1_16' title="bbox 80 1625 1553 1714; baseline 0 -21"><span class='ocrx_word' id='word_1_153' title='bbox 80 1631 136 1694; x_wconf 84' lang='grc'><strong>44114</strong></span> <span class='ocrx_word' id='word_1_154' title='bbox 153 1633 207 1695; x_wconf 81' lang='lat' dir='ltr'><strong>ria</strong></span> <span class='ocrx_word' id='word_1_155' title='bbox 223 1632 269 1695; x_wconf 84' lang='lat' dir='ltr'><strong>ria&#39;</strong></span> <span class='ocrx_word' id='word_1_156' title='bbox 282 1631 375 1714; x_wconf 83' lang='lat' dir='ltr'><strong>Papi,</strong></span> <span class='ocrx_word' id='word_1_157' title='bbox 393 1634 498 1692; x_wconf 88' lang='grc'><strong>114444.</strong></span> <span class='ocrx_word' id='word_1_158' title='bbox 517 1633 596 1693; x_wconf 89' lang='grc'><strong>4563</strong></span> <span class='ocrx_word' id='word_1_159' title='bbox 614 1632 640 1690; x_wconf 89' lang='grc'><strong>4.</strong></span> <span class='ocrx_word' id='word_1_160' title='bbox 656 1630 734 1691; x_wconf 88' lang='grc'><strong>4643</strong></span> <span class='ocrx_word' id='word_1_161' title='bbox 750 1629 777 1689; x_wconf 91' lang='grc'><strong>4.</strong></span> <span class='ocrx_word' id='word_1_162' title='bbox 830 1629 942 1689; x_wconf 87' lang='lat' dir='ltr'><strong>Graece</strong></span> <span class='ocrx_word' id='word_1_163' title='bbox 964 1635 994 1687; x_wconf 86' lang='grc'><strong>44</strong></span> <span class='ocrx_word' id='word_1_164' title='bbox 1015 1631 1119 1689; x_wconf 85' lang='lat' dir='ltr'><strong>Latine</strong></span> <span class='ocrx_word' id='word_1_165' title='bbox 1140 1625 1220 1691; x_wconf 87' lang='grc'><strong>44144</strong></span> <span class='ocrx_word' id='word_1_166' title='bbox 1243 1632 1334 1691; x_wconf 85' lang='grc' dir='ltr'><strong>Ρ4414.</strong></span> <span class='ocrx_word' id='word_1_167' title='bbox 1359 1629 1445 1693; x_wconf 76' lang='lat' dir='ltr'><strong>laos.</strong></span> <span class='ocrx_word' id='word_1_168' title='bbox 1475 1632 1553 1694; x_wconf 87' lang='grc'><strong>4607</strong></span> 
     </span>
     <span class='ocr_line' id='line_1_17' title="bbox 108 1720 1554 1809; baseline -0.002 -20"><span class='ocrx_word' id='word_1_169' title='bbox 108 1727 143 1789; x_wconf 89' lang='grc'><strong>114</strong></span> <span class='ocrx_word' id='word_1_170' title='bbox 166 1727 311 1809; x_wconf 75' lang='grc'><strong>4414414444</strong></span> <span class='ocrx_word' id='word_1_171' title='bbox 334 1726 466 1788; x_wconf 71' lang='lat' dir='ltr'><strong>recreer</strong></span> <span class='ocrx_word' id='word_1_172' title='bbox 490 1723 678 1806; x_wconf 80' lang='lat' dir='ltr'><strong>Apostolicao</strong></span> <span class='ocrx_word' id='word_1_173' title='bbox 699 1722 779 1785; x_wconf 82' lang='grc'><strong>44444</strong></span> <span class='ocrx_word' id='word_1_174' title='bbox 835 1723 862 1781; x_wconf 85' lang='grc'><strong>8.</strong></span> <span class='ocrx_word' id='word_1_175' title='bbox 886 1727 917 1782; x_wconf 86' lang='grc'><strong>44</strong></span> <span class='ocrx_word' id='word_1_176' title='bbox 938 1720 973 1782; x_wconf 89' lang='grc'><strong>44</strong></span> <span class='ocrx_word' id='word_1_177' title='bbox 996 1721 1108 1782; x_wconf 82' lang='lat' dir='ltr'><strong>calcem</strong></span> <span class='ocrx_word' id='word_1_178' title='bbox 1132 1722 1264 1782; x_wconf 78' lang='lat' dir='ltr'><strong>Danielis</strong></span> <span class='ocrx_word' id='word_1_179' title='bbox 1285 1723 1413 1784; x_wconf 88' lang='lat' dir='ltr'><strong>Clasenii</strong></span> <span class='ocrx_word' id='word_1_180' title='bbox 1434 1723 1472 1786; x_wconf 90' lang='lat' dir='ltr'><strong>de</strong></span> <span class='ocrx_word' id='word_1_181' title='bbox 1489 1743 1554 1786; x_wconf 90' lang='lat' dir='ltr'><strong>ora·</strong></span> 
     </span>
     <span class='ocr_line' id='line_1_18' title="bbox 75 1815 1545 1903; baseline -0.006 -19"><span class='ocrx_word' id='word_1_182' title='bbox 75 1827 196 1903; x_wconf 80' lang='lat' dir='ltr'><strong>potatoie</strong></span> <span class='ocrx_word' id='word_1_183' title='bbox 220 1827 327 1883; x_wconf 91' lang='lat' dir='ltr'><strong>contra</strong></span> <span class='ocrx_word' id='word_1_184' title='bbox 359 1822 571 1902; x_wconf 77' lang='lat' dir='ltr'><strong>centuriarum</strong></span> <span class='ocrx_word' id='word_1_185' title='bbox 604 1818 779 1896; x_wconf 88' lang='lat' dir='ltr'><strong>biugdebor-</strong></span> <span class='ocrx_word' id='word_1_186' title='bbox 831 1816 909 1876; x_wconf 91' lang='lat' dir='ltr'><strong>culis</strong></span> <span class='ocrx_word' id='word_1_187' title='bbox 930 1815 1106 1876; x_wconf 90' lang='lat' dir='ltr'><strong>Gentilium.</strong></span> <span class='ocrx_word' id='word_1_188' title='bbox 1130 1815 1255 1876; x_wconf 88' lang='lat' dir='ltr'><strong>ilelmst.</strong></span> <span class='ocrx_word' id='word_1_189' title='bbox 1279 1816 1357 1878; x_wconf 87' lang='grc'><strong>1673</strong></span> <span class='ocrx_word' id='word_1_190' title='bbox 1381 1819 1408 1876; x_wconf 89' lang='grc'><strong>4.</strong></span> <span class='ocrx_word' id='word_1_191' title='bbox 1543 1825 1545 1828; x_wconf 82' lang='grc'><strong>’</strong></span> 
     </span>
     <span class='ocr_line' id='line_1_19' title="bbox 77 1908 1553 1996; baseline -0.004 -19"><span class='ocrx_word' id='word_1_192' title='bbox 77 1921 190 1996; x_wconf 75' lang='lat' dir='ltr'><strong>gencium</strong></span> <span class='ocrx_word' id='word_1_193' title='bbox 212 1923 376 1988; x_wconf 81' lang='lat' dir='ltr'><strong>auctores,</strong></span> <span class='ocrx_word' id='word_1_194' title='bbox 398 1914 463 1974; x_wconf 90' lang='lat' dir='ltr'><strong>iibri</strong></span> <span class='ocrx_word' id='word_1_195' title='bbox 482 1915 532 1973; x_wconf 92' lang='grc'><strong>111.</strong></span> <span class='ocrx_word' id='word_1_196' title='bbox 551 1913 686 1972; x_wconf 75' lang='lat' dir='ltr'><strong>Veronae</strong></span> <span class='ocrx_word' id='word_1_197' title='bbox 701 1911 778 1972; x_wconf 82' lang='grc'><strong>44189</strong></span> <span class='ocrx_word' id='word_1_198' title='bbox 872 1911 959 1988; x_wconf 83' lang='lat' dir='ltr'><strong>ilesp.</strong></span> <span class='ocrx_word' id='word_1_199' title='bbox 983 1911 1137 1993; x_wconf 80' lang='lat' dir='ltr'><strong>Romana,</strong></span> <span class='ocrx_word' id='word_1_200' title='bbox 1159 1909 1187 1968; x_wconf 94' lang='lat' dir='ltr'><strong>id</strong></span> <span class='ocrx_word' id='word_1_201' title='bbox 1210 1917 1258 1969; x_wconf 89' lang='lat' dir='ltr'><strong>est</strong></span> <span class='ocrx_word' id='word_1_202' title='bbox 1281 1910 1388 1985; x_wconf 91' lang='lat' dir='ltr'><strong>Urbis,</strong></span> <span class='ocrx_word' id='word_1_203' title='bbox 1411 1908 1553 1972; x_wconf 83' lang='lat' dir='ltr'><strong>Civitatis</strong></span> 
     </span>
     <span class='ocr_line' id='line_1_20' title="bbox 78 2003 1557 2082; baseline -0.004 -10"><span class='ocrx_word' id='word_1_204' title='bbox 78 2011 99 2072; x_wconf 90' lang='lat' dir='ltr'><strong>i·</strong></span> <span class='ocrx_word' id='word_1_205' title='bbox 114 2011 207 2072; x_wconf 87' lang='grc'><strong>14444.</strong></span> <span class='ocrx_word' id='word_1_206' title='bbox 232 2009 323 2072; x_wconf 80' lang='lat' dir='ltr'><strong>troi.</strong></span> <span class='ocrx_word' id='word_1_207' title='bbox 346 2009 372 2068; x_wconf 90' lang='grc'><strong>4.</strong></span> <span class='ocrx_word' id='word_1_208' title='bbox 394 2015 425 2068; x_wconf 88' lang='grc'><strong>44</strong></span> <span class='ocrx_word' id='word_1_209' title='bbox 448 2009 476 2066; x_wconf 93' lang='grc'><strong>14</strong></span> <span class='ocrx_word' id='word_1_210' title='bbox 500 2006 622 2066; x_wconf 88' lang='lat' dir='ltr'><strong>ioannis</strong></span> <span class='ocrx_word' id='word_1_211' title='bbox 648 2003 780 2065; x_wconf 82' lang='lat' dir='ltr'><strong>Thomas</strong></span> <span class='ocrx_word' id='word_1_212' title='bbox 833 2007 863 2064; x_wconf 90' lang='lat' dir='ltr'><strong>et</strong></span> <span class='ocrx_word' id='word_1_213' title='bbox 885 2005 1004 2082; x_wconf 90' lang='lat' dir='ltr'><strong>imperii</strong></span> <span class='ocrx_word' id='word_1_214' title='bbox 1025 2005 1312 2064; x_wconf 81' lang='lat' dir='ltr'><strong>commentariorum</strong></span> <span class='ocrx_word' id='word_1_215' title='bbox 1336 2003 1401 2064; x_wconf 89' lang='lat' dir='ltr'><strong>libri</strong></span> <span class='ocrx_word' id='word_1_216' title='bbox 1424 2006 1474 2065; x_wconf 93' lang='grc'><strong>111.</strong></span> <span class='ocrx_word' id='word_1_217' title='bbox 1499 2007 1557 2066; x_wconf 84' lang='lat' dir='ltr'><strong>Ve-</strong></span> 
     </span>
     <span class='ocr_line' id='line_1_21' title="bbox 75 2095 1555 2170; baseline -0.003 -7"><span class='ocrx_word' id='word_1_218' title='bbox 75 2103 209 2165; x_wconf 89' lang='lat' dir='ltr'><strong>llooaherti</strong></span> <span class='ocrx_word' id='word_1_219' title='bbox 238 2102 424 2164; x_wconf 82' lang='lat' dir='ltr'><strong>Bibliotheca</strong></span> <span class='ocrx_word' id='word_1_220' title='bbox 456 2101 588 2161; x_wconf 82' lang='lat' dir='ltr'><strong>maxima</strong></span> <span class='ocrx_word' id='word_1_221' title='bbox 607 2095 779 2170; x_wconf 79' lang='lat' dir='ltr'><strong>Pontificio,</strong></span> <span class='ocrx_word' id='word_1_222' title='bbox 834 2103 896 2156; x_wconf 90' lang='grc'><strong>444.</strong></span> <span class='ocrx_word' id='word_1_223' title='bbox 929 2097 1016 2160; x_wconf 88' lang='grc'><strong>1558.</strong></span> <span class='ocrx_word' id='word_1_224' title='bbox 1049 2097 1077 2157; x_wconf 88' lang='grc'><strong>8.</strong></span> <span class='ocrx_word' id='word_1_225' title='bbox 1111 2099 1204 2158; x_wconf 88' lang='lat' dir='ltr'><strong>Paris.</strong></span> <span class='ocrx_word' id='word_1_226' title='bbox 1237 2095 1327 2160; x_wconf 87' lang='grc'><strong>1588.</strong></span> <span class='ocrx_word' id='word_1_227' title='bbox 1359 2099 1386 2157; x_wconf 80' lang='lat' dir='ltr'><strong>s</strong></span> <span class='ocrx_word' id='word_1_228' title='bbox 1408 2104 1439 2156; x_wconf 89' lang='grc'><strong>44</strong></span> <span class='ocrx_word' id='word_1_229' title='bbox 1460 2101 1490 2158; x_wconf 87' lang='grc'><strong>44</strong></span> <span class='ocrx_word' id='word_1_230' title='bbox 1511 2100 1555 2159; x_wconf 89' lang='lat' dir='ltr'><strong>lo.</strong></span> 
     </span>
     <span class='ocr_line' id='line_1_22' title="bbox 77 2189 1557 2272; baseline -0.001 -16"><span class='ocrx_word' id='word_1_231' title='bbox 77 2203 139 2258; x_wconf 88' lang='grc'><strong>4444</strong></span> <span class='ocrx_word' id='word_1_232' title='bbox 167 2199 261 2260; x_wconf 83' lang='lat' dir='ltr'><strong>xvii.</strong></span> <span class='ocrx_word' id='word_1_233' title='bbox 297 2199 393 2258; x_wconf 87' lang='lat' dir='ltr'><strong>Prima</strong></span> <span class='ocrx_word' id='word_1_234' title='bbox 431 2199 550 2254; x_wconf 87' lang='lat' dir='ltr'><strong>tantum</strong></span> <span class='ocrx_word' id='word_1_235' title='bbox 590 2207 659 2271; x_wconf 88' lang='lat' dir='ltr'><strong>pars</strong></span> <span class='ocrx_word' id='word_1_236' title='bbox 691 2189 781 2250; x_wconf 86' lang='lat' dir='ltr'><strong>huius</strong></span> <span class='ocrx_word' id='word_1_237' title='bbox 834 2194 897 2252; x_wconf 87' lang='lat' dir='ltr'><strong>iac.</strong></span> <span class='ocrx_word' id='word_1_238' title='bbox 919 2191 1069 2253; x_wconf 86' lang='lat' dir='ltr'><strong>Boissardi</strong></span> <span class='ocrx_word' id='word_1_239' title='bbox 1091 2192 1324 2271; x_wconf 84' lang='lat' dir='ltr'><strong>antiquitatibus</strong></span> <span class='ocrx_word' id='word_1_240' title='bbox 1358 2200 1389 2251; x_wconf 91' lang='lat' dir='ltr'><strong>et</strong></span> <span class='ocrx_word' id='word_1_241' title='bbox 1420 2200 1557 2272; x_wconf 90' lang='lat' dir='ltr'><strong>topogra-</strong></span> 
     </span>
     <span class='ocr_line' id='line_1_23' title="bbox 77 2282 1555 2368; baseline -0.003 -18"><span class='ocrx_word' id='word_1_242' title='bbox 77 2291 162 2368; x_wconf 79' lang='lat' dir='ltr'><strong>operis</strong></span> <span class='ocrx_word' id='word_1_243' title='bbox 182 2292 283 2353; x_wconf 91' lang='lat' dir='ltr'><strong>tribus</strong></span> <span class='ocrx_word' id='word_1_244' title='bbox 306 2289 389 2351; x_wconf 90' lang='lat' dir='ltr'><strong>libris</strong></span> <span class='ocrx_word' id='word_1_245' title='bbox 410 2293 554 2368; x_wconf 87' lang='lat' dir='ltr'><strong>constans</strong></span> <span class='ocrx_word' id='word_1_246' title='bbox 574 2285 672 2346; x_wconf 85' lang='lat' dir='ltr'><strong>lucem</strong></span> <span class='ocrx_word' id='word_1_247' title='bbox 692 2282 781 2342; x_wconf 88' lang='lat' dir='ltr'><strong>vidit:</strong></span> <span class='ocrx_word' id='word_1_248' title='bbox 835 2285 904 2363; x_wconf 89' lang='lat' dir='ltr'><strong>phia</strong></span> <span class='ocrx_word' id='word_1_249' title='bbox 939 2285 1090 2346; x_wconf 85' lang='lat' dir='ltr'><strong>itomanao</strong></span> <span class='ocrx_word' id='word_1_250' title='bbox 1123 2286 1230 2360; x_wconf 88' lang='lat' dir='ltr'><strong>Urbis,</strong></span> <span class='ocrx_word' id='word_1_251' title='bbox 1263 2287 1555 2349; x_wconf 69' lang='grc'><strong>44444411444441.</strong></span> 
     </span>
     <span class='ocr_line' id='line_1_24' title="bbox 78 2377 1557 2463; baseline 0 -21"><span class='ocrx_word' id='word_1_252' title='bbox 78 2382 248 2446; x_wconf 83' lang='lat' dir='ltr'><strong>desecanda</strong></span> <span class='ocrx_word' id='word_1_253' title='bbox 270 2399 350 2463; x_wconf 88' lang='lat' dir='ltr'><strong>quae</strong></span> <span class='ocrx_word' id='word_1_254' title='bbox 372 2383 427 2444; x_wconf 91' lang='lat' dir='ltr'><strong>luit</strong></span> <span class='ocrx_word' id='word_1_255' title='bbox 449 2379 527 2460; x_wconf 92' lang='lat' dir='ltr'><strong>apud</strong></span> <span class='ocrx_word' id='word_1_256' title='bbox 546 2377 710 2440; x_wconf 80' lang='lat' dir='ltr'><strong>Antonium</strong></span> <span class='ocrx_word' id='word_1_257' title='bbox 726 2377 783 2446; x_wconf 82' lang='lat' dir='ltr'><strong>Co·</strong></span> <span class='ocrx_word' id='word_1_258' title='bbox 838 2379 924 2442; x_wconf 71' lang='grc'><strong>45974</strong></span> <span class='ocrx_word' id='word_1_259' title='bbox 948 2379 1036 2441; x_wconf 77' lang='lat' dir='ltr'><strong>rost.</strong></span> <span class='ocrx_word' id='word_1_260' title='bbox 1058 2378 1106 2442; x_wconf 89' lang='lat' dir='ltr'><strong>iol.</strong></span> <span class='ocrx_word' id='word_1_261' title='bbox 1128 2387 1160 2440; x_wconf 93' lang='lat' dir='ltr'><strong>et</strong></span> <span class='ocrx_word' id='word_1_262' title='bbox 1182 2378 1210 2440; x_wconf 92' lang='lat' dir='ltr'><strong>in</strong></span> <span class='ocrx_word' id='word_1_263' title='bbox 1230 2379 1373 2442; x_wconf 83' lang='lat' dir='ltr'><strong>thesauro</strong></span> <span class='ocrx_word' id='word_1_264' title='bbox 1387 2382 1557 2442; x_wconf 88' lang='lat' dir='ltr'><strong>Graeviauo</strong></span> 
     </span>
     <span class='ocr_line' id='line_1_25' title="bbox 74 2469 1557 2553; baseline 0 -17"><span class='ocrx_word' id='word_1_265' title='bbox 74 2475 210 2551; x_wconf 84' lang='lat' dir='ltr'><strong>lumnam,</strong></span> <span class='ocrx_word' id='word_1_266' title='bbox 233 2475 424 2544; x_wconf 80' lang='lat' dir='ltr'><strong>cardinalem</strong></span> <span class='ocrx_word' id='word_1_267' title='bbox 447 2483 478 2535; x_wconf 84' lang='lat' dir='ltr'><strong>et</strong></span> <span class='ocrx_word' id='word_1_268' title='bbox 499 2474 536 2534; x_wconf 86' lang='lat' dir='ltr'><strong>de</strong></span> <span class='ocrx_word' id='word_1_269' title='bbox 557 2469 718 2532; x_wconf 86' lang='lat' dir='ltr'><strong>tertia&#39;vix</strong></span> <span class='ocrx_word' id='word_1_270' title='bbox 738 2471 782 2530; x_wconf 87' lang='lat' dir='ltr'><strong>in·</strong></span> <span class='ocrx_word' id='word_1_271' title='bbox 836 2475 912 2535; x_wconf 89' lang='lat' dir='ltr'><strong>liber</strong></span> <span class='ocrx_word' id='word_1_272' title='bbox 932 2475 955 2535; x_wconf 93' lang='grc'><strong>1.</strong></span> <span class='ocrx_word' id='word_1_273' title='bbox 978 2481 1059 2535; x_wconf 91' lang='lat' dir='ltr'><strong>torno</strong></span> <span class='ocrx_word' id='word_1_274' title='bbox 1081 2475 1108 2534; x_wconf 88' lang='grc'><strong>3.</strong></span> <span class='ocrx_word' id='word_1_275' title='bbox 1143 2491 1208 2553; x_wconf 86' lang='lat' dir='ltr'><strong>pag.</strong></span> <span class='ocrx_word' id='word_1_276' title='bbox 1231 2475 1299 2536; x_wconf 76' lang='lat'><strong>203.</strong></span> <span class='ocrx_word' id='word_1_277' title='bbox 1322 2481 1352 2535; x_wconf 91' lang='lat' dir='ltr'><strong>et</strong></span> <span class='ocrx_word' id='word_1_278' title='bbox 1374 2475 1505 2538; x_wconf 89' lang='lat' dir='ltr'><strong>liberii.</strong></span> <span class='ocrx_word' id='word_1_279' title='bbox 1526 2483 1557 2538; x_wconf 89' lang='lat' dir='ltr'><strong>et</strong></span> 
     </span>
     <span class='ocr_line' id='line_1_26' title="bbox 75 2563 1356 2650; baseline -0.001 -21"><span class='ocrx_word' id='word_1_280' title='bbox 75 2569 161 2632; x_wconf 87' lang='lat' dir='ltr'><strong>obnata</strong></span> <span class='ocrx_word' id='word_1_281' title='bbox 182 2571 221 2632; x_wconf 88' lang='lat' dir='ltr'><strong>ab</strong></span> <span class='ocrx_word' id='word_1_282' title='bbox 244 2578 390 2646; x_wconf 86' lang='lat' dir='ltr'><strong>auctore,</strong></span> <span class='ocrx_word' id='word_1_283' title='bbox 413 2568 482 2629; x_wconf 86' lang='lat' dir='ltr'><strong>ride</strong></span> <span class='ocrx_word' id='word_1_284' title='bbox 503 2566 621 2645; x_wconf 87' lang='lat' dir='ltr'><strong>Dupioii</strong></span> <span class='ocrx_word' id='word_1_285' title='bbox 643 2571 715 2624; x_wconf 83' lang='lat' dir='ltr'><strong>tom·</strong></span> <span class='ocrx_word' id='word_1_286' title='bbox 734 2563 781 2624; x_wconf 85' lang='grc'><strong>16.</strong></span> <span class='ocrx_word' id='word_1_287' title='bbox 835 2569 886 2630; x_wconf 93' lang='grc'><strong>111.</strong></span> <span class='ocrx_word' id='word_1_288' title='bbox 911 2571 939 2629; x_wconf 90' lang='grc'><strong>14</strong></span> <span class='ocrx_word' id='word_1_289' title='bbox 963 2575 1045 2628; x_wconf 93' lang='lat' dir='ltr'><strong>tomo</strong></span> <span class='ocrx_word' id='word_1_290' title='bbox 1067 2571 1093 2630; x_wconf 93' lang='grc'><strong>4.</strong></span> <span class='ocrx_word' id='word_1_291' title='bbox 1115 2585 1181 2650; x_wconf 88' lang='lat' dir='ltr'><strong>pag.</strong></span> <span class='ocrx_word' id='word_1_292' title='bbox 1206 2569 1263 2630; x_wconf 83' lang='grc'><strong>493</strong></span> <span class='ocrx_word' id='word_1_293' title='bbox 1285 2570 1356 2631; x_wconf 88' lang='grc'><strong>343.</strong></span> 
     </span>
     <span class='ocr_line' id='line_1_27' title="bbox 72 2659 1559 2744; baseline 0.001 -19"><span class='ocrx_word' id='word_1_294' title='bbox 72 2663 130 2725; x_wconf 80' lang='lat' dir='ltr'><strong>ubi.</strong></span> <span class='ocrx_word' id='word_1_295' title='bbox 150 2665 271 2726; x_wconf 86' lang='lat' dir='ltr'><strong>Ecclcs.</strong></span> <span class='ocrx_word' id='word_1_296' title='bbox 296 2681 363 2742; x_wconf 90' lang='lat' dir='ltr'><strong>pag.</strong></span> <span class='ocrx_word' id='word_1_297' title='bbox 385 2662 432 2724; x_wconf 84' lang='grc'><strong>97.</strong></span> <span class='ocrx_word' id='word_1_298' title='bbox 454 2660 526 2722; x_wconf 92' lang='lat' dir='ltr'><strong>edit.</strong></span> <span class='ocrx_word' id='word_1_299' title='bbox 547 2659 645 2720; x_wconf 82' lang='lat' dir='ltr'><strong>Amat.</strong></span> <span class='ocrx_word' id='word_1_300' title='bbox 687 2675 701 2698; x_wconf 84' lang='lat'><strong>·</strong></span> <span class='ocrx_word' id='word_1_301' title='bbox 874 2661 986 2723; x_wconf 85' lang='lat' dir='ltr'><strong>iiornnr</strong></span> <span class='ocrx_word' id='word_1_302' title='bbox 1009 2679 1137 2744; x_wconf 72' lang='grc'><strong>4444444</strong></span> <span class='ocrx_word' id='word_1_303' title='bbox 1165 2661 1304 2725; x_wconf 76' lang='lat' dir='ltr'><strong>monimo</strong></span> <span class='ocrx_word' id='word_1_304' title='bbox 1326 2662 1356 2723; x_wconf 94' lang='lat' dir='ltr'><strong>in</strong></span> <span class='ocrx_word' id='word_1_305' title='bbox 1378 2661 1468 2724; x_wconf 88' lang='grc'><strong>1444444</strong></span> <span class='ocrx_word' id='word_1_306' title='bbox 1498 2663 1559 2726; x_wconf 88' lang='lat' dir='ltr'><strong>inr-</strong></span> 
     </span>
     <span class='ocr_line' id='line_1_28' title="bbox 102 2751 1557 2843; baseline -0.001 -23"><span class='ocrx_word' id='word_1_307' title='bbox 102 2757 237 2820; x_wconf 82' lang='grc'><strong>11414451.</strong></span> <span class='ocrx_word' id='word_1_308' title='bbox 261 2758 423 2843; x_wconf 74' lang='lat' dir='ltr'><strong>Vaticanus</strong></span> <span class='ocrx_word' id='word_1_309' title='bbox 454 2755 566 2831; x_wconf 78' lang='lat' dir='ltr'><strong>initiis,</strong></span> <span class='ocrx_word' id='word_1_310' title='bbox 583 2751 782 2815; x_wconf 81' lang='lat' dir='ltr'><strong>‘Bibliotheca-</strong></span> <span class='ocrx_word' id='word_1_311' title='bbox 831 2757 920 2840; x_wconf 81' lang='lat' dir='ltr'><strong>perra</strong></span> <span class='ocrx_word' id='word_1_312' title='bbox 934 2755 1041 2838; x_wconf 78' lang='lat' dir='ltr'><strong>fuero,</strong></span> <span class='ocrx_word' id='word_1_313' title='bbox 1060 2761 1125 2817; x_wconf 89' lang='lat' dir='ltr'><strong>sive</strong></span> <span class='ocrx_word' id='word_1_314' title='bbox 1142 2757 1180 2817; x_wconf 87' lang='lat' dir='ltr'><strong>de</strong></span> <span class='ocrx_word' id='word_1_315' title='bbox 1199 2754 1433 2837; x_wconf 85' lang='lat' dir='ltr'><strong>imperatoribus</strong></span> <span class='ocrx_word' id='word_1_316' title='bbox 1450 2759 1557 2818; x_wconf 85' lang='lat' dir='ltr'><strong>Roma-</strong></span> 
     </span>
     <span class='ocr_line' id='line_1_29' title="bbox 71 2847 1558 2932; baseline 0.001 -20"><span class='ocrx_word' id='word_1_317' title='bbox 71 2867 171 2912; x_wconf 86' lang='grc'><strong>44444444</strong></span> <span class='ocrx_word' id='word_1_318' title='bbox 193 2859 225 2914; x_wconf 88' lang='grc'><strong>44</strong></span> <span class='ocrx_word' id='word_1_319' title='bbox 252 2850 411 2914; x_wconf 78' lang='lat' dir='ltr'><strong>aratoriam</strong></span> <span class='ocrx_word' id='word_1_320' title='bbox 444 2847 781 2928; x_wconf 57' lang='grc'><strong>044414444444414.</strong></span> <span class='ocrx_word' id='word_1_321' title='bbox 839 2853 905 2924; x_wconf 85' lang='lat' dir='ltr'><strong>nis,</strong></span> <span class='ocrx_word' id='word_1_322' title='bbox 926 2851 1049 2912; x_wconf 88' lang='lat' dir='ltr'><strong>Graecis</strong></span> <span class='ocrx_word' id='word_1_323' title='bbox 1080 2859 1110 2911; x_wconf 87' lang='grc'><strong>44</strong></span> <span class='ocrx_word' id='word_1_324' title='bbox 1143 2853 1279 2927; x_wconf 85' lang='lat' dir='ltr'><strong>Latinis,</strong></span> <span class='ocrx_word' id='word_1_325' title='bbox 1301 2851 1399 2932; x_wconf 84' lang='lat' dir='ltr'><strong>deque</strong></span> <span class='ocrx_word' id='word_1_326' title='bbox 1428 2851 1558 2932; x_wconf 88' lang='lat' dir='ltr'><strong>Gothis,</strong></span> 
     </span>
     <span class='ocr_line' id='line_1_30' title="bbox 71 2941 1560 3026; baseline -0.007 -22"><span class='ocrx_word' id='word_1_327' title='bbox 71 2943 208 3023; x_wconf 79' lang='lat' dir='ltr'><strong>Baptistae</strong></span> <span class='ocrx_word' id='word_1_328' title='bbox 239 2944 422 3020; x_wconf 86' lang='lat' dir='ltr'><strong>Cardonao,</strong></span> <span class='ocrx_word' id='word_1_329' title='bbox 454 2943 593 3022; x_wconf 79' lang='lat' dir='ltr'><strong>Episcopi</strong></span> <span class='ocrx_word' id='word_1_330' title='bbox 615 2941 784 3001; x_wconf 79' lang='grc'><strong>1144444441</strong></span> <span class='ocrx_word' id='word_1_331' title='bbox 839 2943 1061 3026; x_wconf 82' lang='lat' dir='ltr'><strong>longobardis,</strong></span> <span class='ocrx_word' id='word_1_332' title='bbox 1083 2947 1225 3022; x_wconf 78' lang='lat' dir='ltr'><strong>Francis,</strong></span> <span class='ocrx_word' id='word_1_333' title='bbox 1247 2947 1421 3022; x_wconf 67' lang='lat' dir='ltr'><strong>Germanis,</strong></span> <span class='ocrx_word' id='word_1_334' title='bbox 1456 2949 1560 3026; x_wconf 60' lang='lat' dir='ltr'><strong>nuspa.</strong></span> 
     </span>
     <span class='ocr_line' id='line_1_31' title="bbox 70 3033 1558 3120; baseline 0.005 -25"><span class='ocrx_word' id='word_1_335' title='bbox 70 3041 178 3100; x_wconf 86' lang='lat' dir='ltr'><strong>consilio</strong></span> <span class='ocrx_word' id='word_1_336' title='bbox 200 3039 240 3100; x_wconf 86' lang='lat' dir='ltr'><strong>de</strong></span> <span class='ocrx_word' id='word_1_337' title='bbox 263 3038 447 3100; x_wconf 76' lang='lat' dir='ltr'><strong>bibliotheca</strong></span> <span class='ocrx_word' id='word_1_338' title='bbox 469 3036 693 3112; x_wconf 84' lang='lat' dir='ltr'><strong>Esourialensi,</strong></span> <span class='ocrx_word' id='word_1_339' title='bbox 711 3033 783 3094; x_wconf 91' lang='lat' dir='ltr'><strong>diss.</strong></span> <span class='ocrx_word' id='word_1_340' title='bbox 840 3041 888 3099; x_wconf 88' lang='lat' dir='ltr'><strong>nis</strong></span> <span class='ocrx_word' id='word_1_341' title='bbox 902 3046 933 3098; x_wconf 88' lang='lat' dir='ltr'><strong>et</strong></span> <span class='ocrx_word' id='word_1_342' title='bbox 950 3039 1017 3100; x_wconf 91' lang='lat' dir='ltr'><strong>aliis</strong></span> <span class='ocrx_word' id='word_1_343' title='bbox 1032 3040 1224 3109; x_wconf 79' lang='lat' dir='ltr'><strong>nationibus,</strong></span> <span class='ocrx_word' id='word_1_344' title='bbox 1242 3057 1311 3101; x_wconf 91' lang='lat' dir='ltr'><strong>oum</strong></span> <span class='ocrx_word' id='word_1_345' title='bbox 1330 3058 1433 3102; x_wconf 88' lang='lat' dir='ltr'><strong>eorum</strong></span> <span class='ocrx_word' id='word_1_346' title='bbox 1450 3059 1558 3120; x_wconf 83' lang='lat' dir='ltr'><strong>ganea·</strong></span> 
     </span>
     <span class='ocr_line' id='line_1_32' title="bbox 71 3127 1561 3220; baseline 0.005 -31"><span class='ocrx_word' id='word_1_347' title='bbox 71 3128 102 3189; x_wconf 85' lang='lat' dir='ltr'><strong>de</strong></span> <span class='ocrx_word' id='word_1_348' title='bbox 127 3133 357 3212; x_wconf 83' lang='lat' dir='ltr'><strong>diptychis,·et</strong></span> <span class='ocrx_word' id='word_1_349' title='bbox 385 3130 594 3212; x_wconf 82' lang='lat' dir='ltr'><strong>expungendis</strong></span> <span class='ocrx_word' id='word_1_350' title='bbox 625 3127 787 3190; x_wconf 87' lang='lat' dir='ltr'><strong>haeretico-</strong></span> <span class='ocrx_word' id='word_1_351' title='bbox 840 3133 925 3210; x_wconf 85' lang='lat' dir='ltr'><strong>logiis</strong></span> <span class='ocrx_word' id='word_1_352' title='bbox 957 3140 987 3192; x_wconf 91' lang='lat' dir='ltr'><strong>et</strong></span> <span class='ocrx_word' id='word_1_353' title='bbox 1020 3133 1214 3220; x_wconf 71' lang='lat' dir='ltr'><strong>arboribusa</strong></span> <span class='ocrx_word' id='word_1_354' title='bbox 1247 3135 1374 3197; x_wconf 86' lang='lat' dir='ltr'><strong>Caesare</strong></span> <span class='ocrx_word' id='word_1_355' title='bbox 1413 3137 1561 3197; x_wconf 88' lang='lat' dir='ltr'><strong>Dictatore</strong></span> 
     </span>
     <span class='ocr_line' id='line_1_33' title="bbox 70 3223 1559 3307; baseline 0 -19"><span class='ocrx_word' id='word_1_356' title='bbox 70 3239 124 3286; x_wconf 87' lang='lat' dir='ltr'><strong>rom</strong></span> <span class='ocrx_word' id='word_1_357' title='bbox 145 3227 335 3289; x_wconf 90' lang='lat' dir='ltr'><strong>nominibus.</strong></span> <span class='ocrx_word' id='word_1_358' title='bbox 358 3227 526 3287; x_wconf 83' lang='lat' dir='ltr'><strong>Tarracone</strong></span> <span class='ocrx_word' id='word_1_359' title='bbox 550 3223 637 3286; x_wconf 79' lang='lat'><strong>⁴587·</strong></span> <span class='ocrx_word' id='word_1_360' title='bbox 661 3224 687 3282; x_wconf 87' lang='grc'><strong>4.</strong></span> <span class='ocrx_word' id='word_1_361' title='bbox 709 3225 785 3282; x_wconf 87' lang='lat' dir='ltr'><strong>etin</strong></span> <span class='ocrx_word' id='word_1_362' title='bbox 841 3243 937 3304; x_wconf 87' lang='lat' dir='ltr'><strong>usque</strong></span> <span class='ocrx_word' id='word_1_363' title='bbox 970 3225 1007 3286; x_wconf 95' lang='grc'><strong>44</strong></span> <span class='ocrx_word' id='word_1_364' title='bbox 1046 3228 1267 3290; x_wconf 73' lang='lat' dir='ltr'><strong>terdinandum</strong></span> <span class='ocrx_word' id='word_1_365' title='bbox 1307 3231 1382 3307; x_wconf 90' lang='lat' dir='ltr'><strong>imp.</strong></span> <span class='ocrx_word' id='word_1_366' title='bbox 1411 3223 1476 3290; x_wconf 90' lang='lat' dir='ltr'><strong>libri</strong></span> <span class='ocrx_word' id='word_1_367' title='bbox 1510 3231 1559 3291; x_wconf 94' lang='lat' dir='ltr'><strong>iii.</strong></span> 
     </span>
     <span class='ocr_line' id='line_1_34' title="bbox 69 3314 1560 3402; baseline 0.003 -23"><span class='ocrx_word' id='word_1_368' title='bbox 69 3315 201 3382; x_wconf 81' lang='grc'><strong>1444111441</strong></span> <span class='ocrx_word' id='word_1_369' title='bbox 234 3319 363 3382; x_wconf 86' lang='lat' dir='ltr'><strong>loannis</strong></span> <span class='ocrx_word' id='word_1_370' title='bbox 392 3317 503 3381; x_wconf 87' lang='lat' dir='ltr'><strong>ldaderi</strong></span> <span class='ocrx_word' id='word_1_371' title='bbox 538 3323 728 3396; x_wconf 82' lang='lat' dir='ltr'><strong>syntagmate</strong></span> <span class='ocrx_word' id='word_1_372' title='bbox 749 3314 786 3375; x_wconf 82' lang='lat' dir='ltr'><strong>do</strong></span> <span class='ocrx_word' id='word_1_373' title='bbox 841 3321 948 3381; x_wconf 88' lang='lat' dir='ltr'><strong>excusi</strong></span> <span class='ocrx_word' id='word_1_374' title='bbox 970 3321 1105 3382; x_wconf 76' lang='lat' dir='ltr'><strong>basileae</strong></span> <span class='ocrx_word' id='word_1_375' title='bbox 1126 3323 1205 3401; x_wconf 90' lang='lat' dir='ltr'><strong>apud</strong></span> <span class='ocrx_word' id='word_1_376' title='bbox 1228 3324 1392 3402; x_wconf 92' lang='lat' dir='ltr'><strong>Oporinum</strong></span> <span class='ocrx_word' id='word_1_377' title='bbox 1420 3323 1560 3384; x_wconf 80' lang='grc'><strong>1558141.</strong></span> 
     </span>
     <span class='ocr_line' id='line_1_35' title="bbox 67 3399 1563 3500; baseline 0.005 -30"><span class='ocrx_word' id='word_1_378' title='bbox 67 3411 260 3476; x_wconf 86' lang='lat' dir='ltr'><strong>bibliothecis.</strong></span> <span class='ocrx_word' id='word_1_379' title='bbox 278 3415 404 3478; x_wconf 85' lang='lat' dir='ltr'><strong>lielmst.</strong></span> <span class='ocrx_word' id='word_1_380' title='bbox 421 3413 508 3474; x_wconf 91' lang='grc'><strong>4666.</strong></span> <span class='ocrx_word' id='word_1_381' title='bbox 521 3418 552 3470; x_wconf 84' lang='grc'><strong>44</strong></span> <span class='ocrx_word' id='word_1_382' title='bbox 566 3412 578 3470; x_wconf 94' lang='grc'><strong>4</strong></span> <span class='ocrx_word' id='word_1_383' title='bbox 585 3410 643 3471; x_wconf 76' lang='grc'><strong>764</strong></span> <span class='ocrx_word' id='word_1_384' title='bbox 659 3409 675 3468; x_wconf 87' lang='grc'><strong>4</strong></span> <span class='ocrx_word' id='word_1_385' title='bbox 691 3427 719 3488; x_wconf 92' lang='lat' dir='ltr'><strong>p.</strong></span> <span class='ocrx_word' id='word_1_386' title='bbox 737 3409 787 3470; x_wconf 80' lang='lat'><strong>83:</strong></span> <span class='ocrx_word' id='word_1_387' title='bbox 882 3414 923 3472; x_wconf 84' lang='grc'><strong>414</strong></span> <span class='ocrx_word' id='word_1_388' title='bbox 946 3411 1081 3476; x_wconf 75' lang='lat' dir='ltr'><strong>comitiis</strong></span> <span class='ocrx_word' id='word_1_389' title='bbox 1103 3415 1229 3495; x_wconf 84' lang='lat' dir='ltr'><strong>imperii</strong></span> <span class='ocrx_word' id='word_1_390' title='bbox 1247 3421 1277 3475; x_wconf 90' lang='grc'><strong>44</strong></span> <span class='ocrx_word' id='word_1_391' title='bbox 1291 3399 1436 3496; x_wconf 72' lang='lat' dir='ltr'><strong>potestate</strong></span> <span class='ocrx_word' id='word_1_392' title='bbox 1468 3419 1563 3500; x_wconf 81' lang='lat' dir='ltr'><strong>Impe-</strong></span> 
     </span>
     <span class='ocr_line' id='line_1_36' title="bbox 98 3503 1563 3593; baseline 0.004 -27"><span class='ocrx_word' id='word_1_393' title='bbox 98 3503 195 3586; x_wconf 87' lang='lat' dir='ltr'><strong>Elagia</strong></span> <span class='ocrx_word' id='word_1_394' title='bbox 230 3515 265 3568; x_wconf 86' lang='grc'><strong>44</strong></span> <span class='ocrx_word' id='word_1_395' title='bbox 303 3508 452 3584; x_wconf 86' lang='lat' dir='ltr'><strong>imagines</strong></span> <span class='ocrx_word' id='word_1_396' title='bbox 486 3505 787 3593; x_wconf 78' lang='grc'><strong>14144144444444-</strong></span> <span class='ocrx_word' id='word_1_397' title='bbox 842 3507 957 3569; x_wconf 85' lang='lat' dir='ltr'><strong>ratorit</strong></span> <span class='ocrx_word' id='word_1_398' title='bbox 977 3509 1051 3570; x_wconf 90' lang='lat' dir='ltr'><strong>iiber</strong></span> <span class='ocrx_word' id='word_1_399' title='bbox 1074 3511 1095 3571; x_wconf 91' lang='lat' dir='ltr'><strong>i.</strong></span> <span class='ocrx_word' id='word_1_400' title='bbox 1117 3509 1563 3572; x_wconf 78' lang='grc'><strong>4444444844114444558141.</strong></span> 
     </span>
     <span class='ocr_line' id='line_1_37' title="bbox 68 3596 1563 3682; baseline 0.007 -26"><span class='ocrx_word' id='word_1_401' title='bbox 68 3613 120 3657; x_wconf 90' lang='lat' dir='ltr'><strong>rom</strong></span> <span class='ocrx_word' id='word_1_402' title='bbox 132 3601 330 3664; x_wconf 82' lang='lat' dir='ltr'><strong>Pontificum.</strong></span> <span class='ocrx_word' id='word_1_403' title='bbox 348 3599 434 3661; x_wconf 83' lang='lat' dir='ltr'><strong>iloru.</strong></span> <span class='ocrx_word' id='word_1_404' title='bbox 455 3599 542 3659; x_wconf 89' lang='grc'><strong>4568.</strong></span> <span class='ocrx_word' id='word_1_405' title='bbox 562 3596 787 3674; x_wconf 82' lang='lat' dir='ltr'><strong>ioldntwerp.</strong></span> <span class='ocrx_word' id='word_1_406' title='bbox 841 3609 872 3663; x_wconf 92' lang='lat' dir='ltr'><strong>et</strong></span> <span class='ocrx_word' id='word_1_407' title='bbox 893 3603 972 3663; x_wconf 86' lang='lat' dir='ltr'><strong>inter</strong></span> <span class='ocrx_word' id='word_1_408' title='bbox 992 3605 1158 3682; x_wconf 86' lang='lat' dir='ltr'><strong>scriptores</strong></span> <span class='ocrx_word' id='word_1_409' title='bbox 1178 3603 1216 3663; x_wconf 86' lang='lat' dir='ltr'><strong>da</strong></span> <span class='ocrx_word' id='word_1_410' title='bbox 1237 3603 1456 3682; x_wconf 88' lang='lat' dir='ltr'><strong>imperatorum</strong></span> <span class='ocrx_word' id='word_1_411' title='bbox 1477 3607 1563 3666; x_wconf 90' lang='lat' dir='ltr'><strong>inau-</strong></span> 
     </span>
     <span class='ocr_line' id='line_1_38' title="bbox 70 3685 1561 3774; baseline 0.005 -24"><span class='ocrx_word' id='word_1_412' title='bbox 70 3691 139 3757; x_wconf 82' lang='lat' dir='ltr'><strong>titt.</strong></span> <span class='ocrx_word' id='word_1_413' title='bbox 163 3693 214 3756; x_wconf 86' lang='lat' dir='ltr'><strong>iol.</strong></span> <span class='ocrx_word' id='word_1_414' title='bbox 240 3685 405 3772; x_wconf 85' lang='lat' dir='ltr'><strong>imagines‘</strong></span> <span class='ocrx_word' id='word_1_415' title='bbox 426 3694 645 3769; x_wconf 84' lang='lat' dir='ltr'><strong>imperatorum</strong></span> <span class='ocrx_word' id='word_1_416' title='bbox 679 3689 787 3752; x_wconf 79' lang='lat' dir='ltr'><strong>xxiv.</strong></span> <span class='ocrx_word' id='word_1_417' title='bbox 841 3700 998 3772; x_wconf 83' lang='lat' dir='ltr'><strong>guratioae</strong></span> <span class='ocrx_word' id='word_1_418' title='bbox 1020 3695 1138 3759; x_wconf 82' lang='lat' dir='ltr'><strong>Horror.</strong></span> <span class='ocrx_word' id='word_1_419' title='bbox 1161 3697 1239 3758; x_wconf 92' lang='grc'><strong>1643</strong></span> <span class='ocrx_word' id='word_1_420' title='bbox 1257 3703 1288 3756; x_wconf 88' lang='grc'><strong>44</strong></span> <span class='ocrx_word' id='word_1_421' title='bbox 1303 3698 1464 3774; x_wconf 83' lang='lat' dir='ltr'><strong>separatim</strong></span> <span class='ocrx_word' id='word_1_422' title='bbox 1483 3697 1561 3758; x_wconf 81' lang='lat' dir='ltr'><strong>urio.</strong></span> 
     </span>
     <span class='ocr_line' id='line_1_39' title="bbox 69 3785 1522 3873; baseline 0.005 -29"><span class='ocrx_word' id='word_1_423' title='bbox 69 3787 167 3851; x_wconf 83' lang='lat' dir='ltr'><strong>italia</strong></span> <span class='ocrx_word' id='word_1_424' title='bbox 189 3789 330 3853; x_wconf 78' lang='lat' dir='ltr'><strong>Caesare</strong></span> <span class='ocrx_word' id='word_1_425' title='bbox 350 3787 435 3848; x_wconf 88' lang='lat' dir='ltr'><strong>llom.</strong></span> <span class='ocrx_word' id='word_1_426' title='bbox 458 3785 546 3848; x_wconf 82' lang='grc'><strong>1478.</strong></span> <span class='ocrx_word' id='word_1_427' title='bbox 569 3785 620 3846; x_wconf 88' lang='grc'><strong>141.</strong></span> <span class='ocrx_word' id='word_1_428' title='bbox 842 3789 1018 3851; x_wconf 87' lang='lat' dir='ltr'><strong>ilorteldero</strong></span> <span class='ocrx_word' id='word_1_429' title='bbox 1035 3795 1161 3852; x_wconf 87' lang='lat' dir='ltr'><strong>curante</strong></span> <span class='ocrx_word' id='word_1_430' title='bbox 1183 3789 1373 3868; x_wconf 80' lang='lat' dir='ltr'><strong>irgennrat.</strong></span> <span class='ocrx_word' id='word_1_431' title='bbox 1394 3792 1473 3852; x_wconf 88' lang='grc'><strong>4643</strong></span> <span class='ocrx_word' id='word_1_432' title='bbox 1494 3795 1522 3873; x_wconf 86' lang='grc'><strong>8.</strong></span> 
     </span>
     <span class='ocr_line' id='line_1_40' title="bbox 97 3879 1564 3964; baseline 0.004 -24"><span class='ocrx_word' id='word_1_433' title='bbox 97 3881 179 3945; x_wconf 78' lang='lat' dir='ltr'><strong>Fasti</strong></span> <span class='ocrx_word' id='word_1_434' title='bbox 197 3879 442 3962; x_wconf 43' lang='lat' dir='ltr'><strong>rumentinam</strong></span> <span class='ocrx_word' id='word_1_435' title='bbox 466 3881 551 3941; x_wconf 88' lang='lat' dir='ltr'><strong>libris</strong></span> <span class='ocrx_word' id='word_1_436' title='bbox 573 3879 606 3940; x_wconf 85' lang='lat' dir='ltr'><strong>V.</strong></span> <span class='ocrx_word' id='word_1_437' title='bbox 628 3879 787 3949; x_wconf 84' lang='lat' dir='ltr'><strong>ailomulo</strong></span> <span class='ocrx_word' id='word_1_438' title='bbox 883 3886 925 3943; x_wconf 90' lang='grc'><strong>114</strong></span> <span class='ocrx_word' id='word_1_439' title='bbox 946 3883 1078 3964; x_wconf 76' lang='lat' dir='ltr'><strong>unoquo</strong></span> <span class='ocrx_word' id='word_1_440' title='bbox 1097 3882 1340 3946; x_wconf 72' lang='lat' dir='ltr'><strong>Christianorum</strong></span> <span class='ocrx_word' id='word_1_441' title='bbox 1358 3883 1389 3943; x_wconf 92' lang='lat' dir='ltr'><strong>in</strong></span> <span class='ocrx_word' id='word_1_442' title='bbox 1408 3881 1487 3946; x_wconf 79' lang='lat' dir='ltr'><strong>Urbe&#39;</strong></span> <span class='ocrx_word' id='word_1_443' title='bbox 1512 3881 1564 3946; x_wconf 76' lang='lat' dir='ltr'><strong>ba</strong></span> 
     </span>
     <span class='ocr_line' id='line_1_41' title="bbox 68 3971 1562 4064; baseline 0.001 -26"><span class='ocrx_word' id='word_1_444' title='bbox 68 3971 133 4052; x_wconf 76' lang='lat' dir='ltr'><strong>iege</strong></span> <span class='ocrx_word' id='word_1_445' title='bbox 164 3995 272 4056; x_wconf 86' lang='lat' dir='ltr'><strong>usque</strong></span> <span class='ocrx_word' id='word_1_446' title='bbox 313 3975 349 4035; x_wconf 84' lang='lat' dir='ltr'><strong>od</strong></span> <span class='ocrx_word' id='word_1_447' title='bbox 389 3975 602 4064; x_wconf 73' lang='lat' dir='ltr'><strong>imperatorem</strong></span> <span class='ocrx_word' id='word_1_448' title='bbox 637 3973 786 4034; x_wconf 77' lang='lat' dir='ltr'><strong>Caesareo</strong></span> <span class='ocrx_word' id='word_1_449' title='bbox 843 3975 954 4048; x_wconf 85' lang='grc'><strong>4114444,</strong></span> <span class='ocrx_word' id='word_1_450' title='bbox 975 3974 1101 4037; x_wconf 82' lang='lat' dir='ltr'><strong>aedibus</strong></span> <span class='ocrx_word' id='word_1_451' title='bbox 1122 3981 1152 4036; x_wconf 90' lang='grc'><strong>44</strong></span> <span class='ocrx_word' id='word_1_452' title='bbox 1164 3975 1279 4058; x_wconf 84' lang='lat' dir='ltr'><strong>templis</strong></span> <span class='ocrx_word' id='word_1_453' title='bbox 1300 3980 1364 4038; x_wconf 87' lang='lat' dir='ltr'><strong>siro</strong></span> <span class='ocrx_word' id='word_1_454' title='bbox 1386 3977 1423 4039; x_wconf 91' lang='grc'><strong>44</strong></span> <span class='ocrx_word' id='word_1_455' title='bbox 1446 3987 1562 4058; x_wconf 82' lang='lat' dir='ltr'><strong>septem</strong></span> 
     </span>
     <span class='ocr_line' id='line_1_42' title="bbox 69 4063 1563 4146; baseline 0.007 -22"><span class='ocrx_word' id='word_1_456' title='bbox 69 4063 287 4132; x_wconf 83' lang='lat' dir='ltr'><strong>lerdioandurn</strong></span> <span class='ocrx_word' id='word_1_457' title='bbox 320 4070 341 4129; x_wconf 94' lang='grc'><strong>1.</strong></span> <span class='ocrx_word' id='word_1_458' title='bbox 377 4069 569 4146; x_wconf 79' lang='lat' dir='ltr'><strong>Augustum,</strong></span> <span class='ocrx_word' id='word_1_459' title='bbox 595 4083 665 4126; x_wconf 91' lang='lat' dir='ltr'><strong>cum</strong></span> <span class='ocrx_word' id='word_1_460' title='bbox 702 4067 790 4127; x_wconf 88' lang='lat' dir='ltr'><strong>Com·</strong></span> <span class='ocrx_word' id='word_1_461' title='bbox 844 4071 987 4133; x_wconf 87' lang='lat' dir='ltr'><strong>Ecclesiis</strong></span> <span class='ocrx_word' id='word_1_462' title='bbox 1000 4071 1073 4132; x_wconf 90' lang='lat' dir='ltr'><strong>liber</strong></span> <span class='ocrx_word' id='word_1_463' title='bbox 1091 4070 1304 4131; x_wconf 79' lang='grc'><strong>1144445708.</strong></span> <span class='ocrx_word' id='word_1_464' title='bbox 1320 4069 1563 4134; x_wconf 76' lang='grc'><strong>8414444848.</strong></span> 
     </span>
     <span class='ocr_line' id='line_1_43' title="bbox 68 4159 1565 4241; baseline 0.006 -23"><span class='ocrx_word' id='word_1_465' title='bbox 68 4167 237 4238; x_wconf 79' lang='grc'><strong>4444444114,</strong></span> <span class='ocrx_word' id='word_1_466' title='bbox 276 4163 385 4223; x_wconf 85' lang='grc'><strong>414444.</strong></span> <span class='ocrx_word' id='word_1_467' title='bbox 418 4161 498 4241; x_wconf 85' lang='lat' dir='ltr'><strong>apud</strong></span> <span class='ocrx_word' id='word_1_468' title='bbox 532 4159 566 4221; x_wconf 85' lang='lat' dir='ltr'><strong>V.</strong></span> <span class='ocrx_word' id='word_1_469' title='bbox 598 4159 788 4237; x_wconf 88' lang='lat' dir='ltr'><strong>Valgrisum,</strong></span> <span class='ocrx_word' id='word_1_470' title='bbox 886 4163 926 4224; x_wconf 88' lang='grc'><strong>114</strong></span> <span class='ocrx_word' id='word_1_471' title='bbox 947 4161 1032 4225; x_wconf 84' lang='lat' dir='ltr'><strong>urbis</strong></span> <span class='ocrx_word' id='word_1_472' title='bbox 1054 4167 1164 4226; x_wconf 86' lang='grc'><strong>1144444</strong></span> <span class='ocrx_word' id='word_1_473' title='bbox 1184 4161 1364 4226; x_wconf 80' lang='lat' dir='ltr'><strong>stationibus</strong></span> <span class='ocrx_word' id='word_1_474' title='bbox 1385 4167 1565 4227; x_wconf 86' lang='lat' dir='ltr'><strong>sivesolon-</strong></span> 
     </span>
     <span class='ocr_line' id='line_1_44' title="bbox 70 4252 1565 4338; baseline 0.005 -24"><span class='ocrx_word' id='word_1_475' title='bbox 70 4254 131 4318; x_wconf 80' lang='grc'><strong>4548</strong></span> <span class='ocrx_word' id='word_1_476' title='bbox 153 4259 246 4322; x_wconf 84' lang='grc'><strong>4573.</strong></span> <span class='ocrx_word' id='word_1_477' title='bbox 274 4258 326 4318; x_wconf 86' lang='grc'><strong>441.</strong></span> <span class='ocrx_word' id='word_1_478' title='bbox 348 4262 378 4317; x_wconf 88' lang='grc'><strong>44</strong></span> <span class='ocrx_word' id='word_1_479' title='bbox 399 4273 468 4316; x_wconf 92' lang='lat' dir='ltr'><strong>cum</strong></span> <span class='ocrx_word' id='word_1_480' title='bbox 494 4253 598 4314; x_wconf 86' lang='lat' dir='ltr'><strong>iisdem</strong></span> <span class='ocrx_word' id='word_1_481' title='bbox 628 4252 789 4316; x_wconf 77' lang='lat' dir='ltr'><strong>commeo·</strong></span> <span class='ocrx_word' id='word_1_482' title='bbox 844 4259 933 4320; x_wconf 92' lang='lat' dir='ltr'><strong>nibus</strong></span> <span class='ocrx_word' id='word_1_483' title='bbox 953 4258 989 4318; x_wconf 88' lang='lat' dir='ltr'><strong>ad</strong></span> <span class='ocrx_word' id='word_1_484' title='bbox 1024 4259 1143 4320; x_wconf 80' lang='lat' dir='ltr'><strong>diversa</strong></span> <span class='ocrx_word' id='word_1_485' title='bbox 1176 4260 1288 4338; x_wconf 90' lang='lat' dir='ltr'><strong>templa</strong></span> <span class='ocrx_word' id='word_1_486' title='bbox 1322 4261 1565 4338; x_wconf 87' lang='lat' dir='ltr'><strong>processionibus</strong></span> 
     </span>
     <span class='ocr_line' id='line_1_45' title="bbox 69 4347 1564 4430; baseline 0.005 -23"><span class='ocrx_word' id='word_1_487' title='bbox 69 4353 153 4424; x_wconf 82' lang='grc'><strong>444114,</strong></span> <span class='ocrx_word' id='word_1_488' title='bbox 171 4351 371 4430; x_wconf 81' lang='lat' dir='ltr'><strong>Heidelberg.</strong></span> <span class='ocrx_word' id='word_1_489' title='bbox 391 4349 468 4412; x_wconf 85' lang='grc'><strong>4588</strong></span> <span class='ocrx_word' id='word_1_490' title='bbox 495 4347 786 4410; x_wconf 61' lang='lat' dir='ltr'><strong>historicarum</strong></span> <span class='ocrx_word' id='word_1_491' title='bbox 843 4351 961 4411; x_wconf 80' lang='lat' dir='ltr'><strong>libellus</strong></span> <span class='ocrx_word' id='word_1_492' title='bbox 975 4395 981 4423; x_wconf 89' lang='lat'><strong>,</strong></span> <span class='ocrx_word' id='word_1_493' title='bbox 996 4351 1032 4411; x_wconf 91' lang='lat' dir='ltr'><strong>ad</strong></span> <span class='ocrx_word' id='word_1_494' title='bbox 1051 4353 1164 4413; x_wconf 87' lang='grc'><strong>4414444</strong></span> <span class='ocrx_word' id='word_1_495' title='bbox 1184 4353 1336 4426; x_wconf 86' lang='lat' dir='ltr'><strong>Plotinae,</strong></span> <span class='ocrx_word' id='word_1_496' title='bbox 1356 4356 1466 4414; x_wconf 89' lang='lat' dir='ltr'><strong>Lovan.</strong></span> <span class='ocrx_word' id='word_1_497' title='bbox 1485 4355 1564 4415; x_wconf 76' lang='grc'><strong>4572</strong></span> 
     </span>
     <span class='ocr_line' id='line_1_46' title="bbox 70 4439 1562 4530; baseline 0.005 -30"><span class='ocrx_word' id='word_1_498' title='bbox 70 4439 104 4502; x_wconf 89' lang='lat' dir='ltr'><strong>his</strong></span> <span class='ocrx_word' id='word_1_499' title='bbox 119 4445 242 4523; x_wconf 77' lang='lat' dir='ltr'><strong>iurabit</strong></span> <span class='ocrx_word' id='word_1_500' title='bbox 267 4443 346 4506; x_wconf 91' lang='lat' dir='ltr'><strong>alios</strong></span> <span class='ocrx_word' id='word_1_501' title='bbox 377 4442 534 4530; x_wconf 84' lang='lat' dir='ltr'><strong>iustorum</strong></span> <span class='ocrx_word' id='word_1_502' title='bbox 558 4444 720 4521; x_wconf 86' lang='lat' dir='ltr'><strong>scriptores</strong></span> <span class='ocrx_word' id='word_1_503' title='bbox 747 4443 786 4502; x_wconf 89' lang='lat' dir='ltr'><strong>de</strong></span> <span class='ocrx_word' id='word_1_504' title='bbox 842 4445 889 4506; x_wconf 92' lang='lat' dir='ltr'><strong>iol.</strong></span> <span class='ocrx_word' id='word_1_505' title='bbox 912 4446 1012 4506; x_wconf 84' lang='lat' dir='ltr'><strong>Coton.</strong></span> <span class='ocrx_word' id='word_1_506' title='bbox 1043 4448 1130 4508; x_wconf 84' lang='grc'><strong>4574.</strong></span> <span class='ocrx_word' id='word_1_507' title='bbox 1153 4447 1201 4507; x_wconf 88' lang='grc'><strong>441.</strong></span> <span class='ocrx_word' id='word_1_508' title='bbox 1230 4448 1305 4509; x_wconf 83' lang='grc'><strong>1606</strong></span> <span class='ocrx_word' id='word_1_509' title='bbox 1330 4447 1402 4509; x_wconf 92' lang='grc'><strong>4641</strong></span> <span class='ocrx_word' id='word_1_510' title='bbox 1432 4449 1509 4508; x_wconf 75' lang='grc'><strong>4646</strong></span> <span class='ocrx_word' id='word_1_511' title='bbox 1534 4449 1562 4508; x_wconf 93' lang='grc'><strong>4.</strong></span> 
     </span>
     <span class='ocr_line' id='line_1_47' title="bbox 70 4536 1562 4620; baseline 0.003 -26"><span class='ocrx_word' id='word_1_512' title='bbox 70 4537 162 4608; x_wconf 82' lang='lat' dir='ltr'><strong>qubus</strong></span> <span class='ocrx_word' id='word_1_513' title='bbox 182 4539 250 4601; x_wconf 88' lang='lat' dir='ltr'><strong>dixi</strong></span> <span class='ocrx_word' id='word_1_514' title='bbox 278 4540 309 4597; x_wconf 91' lang='lat' dir='ltr'><strong>in</strong></span> <span class='ocrx_word' id='word_1_515' title='bbox 337 4536 570 4616; x_wconf 88' lang='lat' dir='ltr'><strong>Bibliographiac</strong></span> <span class='ocrx_word' id='word_1_516' title='bbox 600 4539 785 4615; x_wconf 78' lang='lat' dir='ltr'><strong>antiquariae</strong></span> <span class='ocrx_word' id='word_1_517' title='bbox 840 4556 898 4598; x_wconf 92' lang='lat' dir='ltr'><strong>una</strong></span> <span class='ocrx_word' id='word_1_518' title='bbox 919 4556 989 4600; x_wconf 91' lang='lat' dir='ltr'><strong>oum</strong></span> <span class='ocrx_word' id='word_1_519' title='bbox 1012 4538 1253 4620; x_wconf 83' lang='lat' dir='ltr'><strong>interpretatione</strong></span> <span class='ocrx_word' id='word_1_520' title='bbox 1285 4558 1390 4602; x_wconf 85' lang='lat' dir='ltr'><strong>vocam</strong></span> <span class='ocrx_word' id='word_1_521' title='bbox 1421 4557 1562 4619; x_wconf 85' lang='lat' dir='ltr'><strong>quarun-</strong></span> 
     </span>
     <span class='ocr_line' id='line_1_48' title="bbox 71 4631 1562 4712; baseline -0.001 -16"><span class='ocrx_word' id='word_1_522' title='bbox 71 4643 122 4708; x_wconf 73' lang='grc'><strong>444.</strong></span> <span class='ocrx_word' id='word_1_523' title='bbox 141 4635 223 4696; x_wconf 82' lang='lat' dir='ltr'><strong>xiv.</strong></span> <span class='ocrx_word' id='word_1_524' title='bbox 249 4633 280 4712; x_wconf 38' lang='lat' dir='ltr'><strong>§o</strong></span> <span class='ocrx_word' id='word_1_525' title='bbox 309 4633 355 4692; x_wconf 88' lang='grc'><strong>46.</strong></span> <span class='ocrx_word' id='word_1_526' title='bbox 839 4632 909 4692; x_wconf 84' lang='lat' dir='ltr'><strong>dam</strong></span> <span class='ocrx_word' id='word_1_527' title='bbox 925 4631 1135 4696; x_wconf 84' lang='lat' dir='ltr'><strong>obscuriorum</strong></span> <span class='ocrx_word' id='word_1_528' title='bbox 1165 4635 1469 4704; x_wconf 67' lang='lat' dir='ltr'><strong>accaronitarum,</strong></span> <span class='ocrx_word' id='word_1_529' title='bbox 1496 4637 1562 4694; x_wconf 84' lang='lat' dir='ltr'><strong>siro</strong></span> 
     </span>
     <span class='ocr_line' id='line_1_49' title="bbox 100 4721 1559 4812; baseline 0.003 -30"><span class='ocrx_word' id='word_1_530' title='bbox 100 4723 261 4788; x_wconf 81' lang='grc'><strong>7444444444</strong></span> <span class='ocrx_word' id='word_1_531' title='bbox 287 4721 463 4806; x_wconf 76' lang='lat' dir='ltr'><strong>appendix,</strong></span> <span class='ocrx_word' id='word_1_532' title='bbox 487 4725 515 4784; x_wconf 93' lang='lat' dir='ltr'><strong>in</strong></span> <span class='ocrx_word' id='word_1_533' title='bbox 538 4743 597 4804; x_wconf 87' lang='lat' dir='ltr'><strong>qua</strong></span> <span class='ocrx_word' id='word_1_534' title='bbox 613 4744 667 4786; x_wconf 85' lang='lat' dir='ltr'><strong>sex</strong></span> <span class='ocrx_word' id='word_1_535' title='bbox 684 4729 786 4788; x_wconf 86' lang='lat' dir='ltr'><strong>Fasto·</strong></span> <span class='ocrx_word' id='word_1_536' title='bbox 840 4727 939 4788; x_wconf 84' lang='lat' dir='ltr'><strong>libello</strong></span> <span class='ocrx_word' id='word_1_537' title='bbox 959 4726 995 4790; x_wconf 86' lang='grc'><strong>44</strong></span> <span class='ocrx_word' id='word_1_538' title='bbox 1016 4728 1120 4812; x_wconf 82' lang='lat' dir='ltr'><strong>officiis</strong></span> <span class='ocrx_word' id='word_1_539' title='bbox 1148 4727 1367 4792; x_wconf 76' lang='grc' dir='ltr'><strong>1144144444ιί44</strong></span> <span class='ocrx_word' id='word_1_540' title='bbox 1387 4729 1437 4804; x_wconf 91' lang='lat' dir='ltr'><strong>qui</strong></span> <span class='ocrx_word' id='word_1_541' title='bbox 1469 4730 1559 4788; x_wconf 87' lang='lat' dir='ltr'><strong>etiam</strong></span> 
     </span>
     <span class='ocr_line' id='line_1_50' title="bbox 71 4819 1560 4899; baseline 0.003 -21"><span class='ocrx_word' id='word_1_542' title='bbox 71 4831 121 4878; x_wconf 88' lang='lat' dir='ltr'><strong>ram</strong></span> <span class='ocrx_word' id='word_1_543' title='bbox 141 4821 366 4883; x_wconf 85' lang='lat' dir='ltr'><strong>Consularium</strong></span> <span class='ocrx_word' id='word_1_544' title='bbox 388 4826 527 4880; x_wconf 87' lang='lat' dir='ltr'><strong>auctores</strong></span> <span class='ocrx_word' id='word_1_545' title='bbox 548 4821 738 4884; x_wconf 86' lang='lat' dir='ltr'><strong>emendatius</strong></span> <span class='ocrx_word' id='word_1_546' title='bbox 755 4826 785 4882; x_wconf 88' lang='lat' dir='ltr'><strong>et</strong></span> <span class='ocrx_word' id='word_1_547' title='bbox 840 4837 909 4884; x_wconf 89' lang='lat' dir='ltr'><strong>oum</strong></span> <span class='ocrx_word' id='word_1_548' title='bbox 932 4823 1080 4885; x_wconf 85' lang='lat' dir='ltr'><strong>Chronico</strong></span> <span class='ocrx_word' id='word_1_549' title='bbox 1103 4824 1313 4884; x_wconf 85' lang='lat' dir='ltr'><strong>Ecclesiastico</strong></span> <span class='ocrx_word' id='word_1_550' title='bbox 1334 4819 1443 4899; x_wconf 92' lang='lat' dir='ltr'><strong>prodiit</strong></span> <span class='ocrx_word' id='word_1_551' title='bbox 1460 4821 1560 4883; x_wconf 83' lang='lat' dir='ltr'><strong>Goion</strong></span> 
     </span>
     <span class='ocr_line' id='line_1_51' title="bbox 71 4913 985 4988; baseline 0.001 -13"><span class='ocrx_word' id='word_1_552' title='bbox 71 4919 219 4978; x_wconf 68' lang='lat' dir='ltr'><strong>meatim</strong></span> <span class='ocrx_word' id='word_1_553' title='bbox 241 4916 356 4978; x_wconf 83' lang='lat' dir='ltr'><strong>excusi</strong></span> <span class='ocrx_word' id='word_1_554' title='bbox 374 4921 464 4988; x_wconf 89' lang='lat' dir='ltr'><strong>suot,</strong></span> <span class='ocrx_word' id='word_1_555' title='bbox 482 4913 553 4974; x_wconf 93' lang='lat' dir='ltr'><strong>ibid.</strong></span> <span class='ocrx_word' id='word_1_556' title='bbox 570 4917 649 4978; x_wconf 86' lang='lat' dir='ltr'><strong>Fasti</strong></span> <span class='ocrx_word' id='word_1_557' title='bbox 667 4918 787 4980; x_wconf 87' lang='lat' dir='ltr'><strong>concin-</strong></span> <span class='ocrx_word' id='word_1_558' title='bbox 844 4913 924 4976; x_wconf 85' lang='grc'><strong>4568</strong></span> <span class='ocrx_word' id='word_1_559' title='bbox 947 4916 985 4977; x_wconf 89' lang='lat' dir='ltr'><strong>iol</strong></span> 
     </span>
    </p>
   </div>
   <div class='ocr_carea' id='block_1_3' title="bbox 0 0 1788 5414">
    <p class='ocr_par' dir='ltr' id='par_1_3' title="bbox 0 0 1788 5414">
     <span class='ocr_line' id='line_1_52' title="bbox 0 0 1788 5414; baseline 0 1"><span class='ocrx_word' id='word_1_560' title='bbox 0 0 1788 5414; x_wconf 95' lang='lat' dir='ltr'><strong> </strong></span> 
     </span>
    </p>
   </div>
  </div>
 </body>
</html>
