3368 5362
168 188 227 250 346
747 175 1083 239 natorunous

166 293 319 374 dialopues
338 291 373 351 de
403 289 432 348 la
462 295 567 348 44314443
596 287 631 347 413
659 285 885 359 1’14334443,443-
940 282 1635 347 3341313334444341441434.141314333414111304.

168 389 265 449 4134343
282 387 317 446 dc
339 386 424 445 Latin
443 400 476 442 ea
494 382 638 443 Francoia
646 400 708 462 par
718 382 794 440 13344
805 381 887 440 llar-
942 380 962 438 1.
981 397 1009 458 p.
1029 377 1115 438 4046.
1134 376 1183 436 114.
1202 394 1231 453 p.
1247 376 1317 436 389.
1328 370 1421 437 ¹lidde
1431 378 1589 440 Fabricium
1600 397 1638 440 su-

169 482 221 541 tin.
237 477 478 556 ParisperMich.
496 477 711 536 vascosanum.
731 476 757 533 4.
773 472 885 533 Deinde
941 488 993 549 pra
1016 477 1036 528 t.
1062 470 1109 529 lV.
1134 487 1162 547 p.
1185 468 1256 529 575.

168 590 288 653 quoque
321 571 410 628 vertit
431 567 553 628 41434341
582 571 761 638 Montanus,
794 569 886 626 Paris.
980 562 1202 624 narduinus
1233 562 1370 636 Turcua,
1403 567 1532 642 scriptor
1560 584 1638 626 43443

171 667 255 728 4569.
273 663 397 735 trista.
413 660 441 719 id
459 660 538 738 quod
559 668 643 738 pater
660 664 714 738 ipsi
734 661 885 736 negotium
941 656 1137 728 detensium,
1154 672 1216 716 sec.
1234 657 1288 716 xil
1301 657 1354 716 sed
1369 673 1463 735 quem
1480 658 1640 721 4433443433

168 757 379 836 imposuit.ut
401 755 500 832 ipsum
519 755 628 831 partim
653 757 681 812 in
701 755 806 812 timore
824 752 885 825 Dei,
941 766 1038 828 usquc
1069 750 1220 826 qnaesivit
1250 748 1325 809 Lud.
1360 748 1434 809 Ant.
1467 752 1641 825 4434343443,

168 853 275 930 partim
293 864 413 925 quoque
431 848 460 906 in
483 845 570 906 bonis
591 847 687 907 literis
709 851 884 917 exerceret,
939 849 1027 920 prout
1045 843 1101 900 isto
1119 847 1250 902 testatur
1268 843 1297 900 in
1317 842 1505 919 praefatione
1522 843 1556 903 ad
1569 846 1643 907 Chro-

168 951 246 1004 tcste
271 941 460 1002 Crucimaoio
480 957 508 1015 p.
532 940 599 999 339.
622 939 704 999 ldem
727 942 885 1000 Montanus
940 939 1005 995 nica
1023 934 1184 1005 detensis,
1203 942 1274 994 tom.
1293 936 1335 995 Xl
1347 930 1380 996 S.
1398 937 1432 995 14.
1451 935 1518 996 1431.
1533 955 1560 1015 p.
1576 939 1629 997 434.

168 1036 337 1096 conatuum
356 1033 391 1091 11.
416 1033 460 1092 43.
480 1030 685 1111 Apolopeticon
707 1031 798 1110 hujus
819 1033 884 1092 libri
980 1027 996 1062 ⁵
1018 1028 1186 1087 Memoriaie
1204 1026 1376 1104 Raymundi
1396 1028 1489 1089 Turci
1508 1030 1580 1108 quod
1595 1038 1644 1090 tan·

168 1130 305 1207 scripsit,
326 1124 404 1204 quod
423 1122 544 1184 editioni
563 1126 773 1202 Rotomageosi
797 1124 883 1184 4003.
940 1124 979 1180 443
1008 1121 1082 1181 adeo
1112 1123 1190 1180 votis
1218 1121 1399 1199 efflagitavit
1427 1121 1470 1181 cl.
1493 1125 1644 1183 Muratorius

168 1231 200 1283 et
218 1224 305 1283 4651.
321 1220 476 1294 additum,
499 1220 599 1279 ltalice
621 1235 740 1296 quoqne
762 1233 884 1277 versum
937 1213 1000 1293 jam
1024 1213 1146 1274 tandem
1169 1213 1277 1293 prodiit
1300 1213 1453 1274 beneficio
1473 1214 1643 1276 doctissima.

168 1335 186 1376 a
206 1318 304 1375 Marco
325 1313 497 1384 6433444344,
521 1312 626 1370 Venet.
650 1311 828 1372 4633111313
850 1309 887 1368 de
943 1309 997 1366 vir.
1011 1309 1062 1386 qui
1080 1306 1159 1368 MSS.
1178 1305 1323 1368 Codicum
1341 1309 1528 1368 Taurinens.
1543 1310 1643 1369 iudicem

168 1409 224 1468 hoc
256 1423 346 1484 opere
373 1405 510 1482 iudicant
537 1406 664 1464 41344333
690 1403 887 1466 casaubonus
941 1400 1111 1461 ediderunt.
1126 1400 1200 1461 Vide
1216 1401 1273 1460 vai.
1290 1400 1326 1460 11.
1343 1399 1381 1459 341
1398 1400 1467 1461 cod.
1483 1401 1552 1462 617.
1566 1402 1645 1462 444331

170 1503 199 1560 43
225 1500 299 1559 libro
326 1499 448 1577 anglice.
476 1499 587 1574 scripto
608 1496 644 1557 de
664 1495 839 1557 credulitate
860 1502 888 1555 et
943 1495 1025 1553 vitur
1043 1510 1114 1554 vero
1133 1494 1208 1555 haec
1225 1494 1356 1557 Historia
1376 1510 1460 1579 anuo
1478 1497 1563 1556 4194.

167 1591 374 1653 incredulitate
385 1596 414 1670 p.
427 1594 474 1652 46.
485 1594 547 1651 433.
559 1591 741 1651 thomasius
760 1593 788 1649 in
802 1591 887 1650 Prae
985 1586 1206 1649 144141οΝ0145
1222 1586 1258 1647 de
1273 1587 1387 1664 Vincis,
1401 1589 1497 1667 vulgo
1507 1589 1541 1650 de
1557 1590 1645 1670 Capta,

170 1686 331 1747 rationibus
356 1704 383 1763 p.
410 1685 459 1744 77.
491 1691 521 1744 34
543 1684 676 1763 Theoph.
705 1682 889 1761 Raynaudus
945 1679 982 1740 ab
1005 1679 1079 1741 urbe
1099 1681 1213 1740 33414334
1230 1682 1347 1759 patria,
1378 1699 1416 1740 ex
1445 1682 1553 1745 familia
1578 1683 1643 1742 nobili

170 1781 198 1838 io
211 1778 313 1838 Theoi.
328 1779 453 1838 naturali
477 1778 695 1856 1143133380.
717 1777 888 1838 4131444333-
949 1772 985 1833 de
1008 1773 1102 1834 Viaeia
1118 1819 1124 1847 ,
1143 1773 1236 1833 ordini
1257 1773 1507 1837 Praedicatorum
1526 1780 1552 1836 in
1577 1778 1643 1856 patria

170 1869 399 1931 temComenius
411 1871 448 1930 dc
463 1889 522 1930 uoo
536 1871 706 1931 necessario
718 1887 743 1930 c.
757 1871 784 1929 6.
799 1889 826 1948 p.
842 1870 889 1928 49.
944 1867 1113 1945 adscriptus
1125 1911 1131 1939 ,
1145 1874 1246 1944 postea
1265 1868 1347 1926 Prior
1362 1868 1445 1947 apud
1473 1870 1644 1948 1133433434-

210 1964 225 1999 *
247 1961 734 2039 743313443333144341433444341343
753 1963 889 2023 authoris
946 1961 1061 2021 tianum
1080 1962 1156 2019 3443
1175 1966 1329 2021 conventu
1346 1962 1488 2022 Romano
1510 1963 1545 2023 ad
1566 1965 1644 2023 114334·

168 2066 288 2135 praeter
307 2057 451 2116 indicatas
470 2058 516 2116 iric
535 2058 591 2116 alia
613 2063 661 2116 est
682 2056 773 2116 editio
792 2057 819 2114 in
840 2055 887 2115 131.
944 2070 1030 2125 vam,
1043 2070 1128 2133 porro
1141 2055 1257 2129 {tegens
1268 2053 1363 2113 studii
1377 2055 1539 2134 Senensis,
1549 2055 1642 2115 demun

167 2152 350 2227 Argentioae
362 2166 409 2208 an.
425 2150 513 2209 4501.
526 2167 616 2226 quam
636 2148 887 2208 servatBiblioth.
945 2148 1117 2206 Provinciae
1136 2146 1330 2207 lombardiae
1359 2151 1529 2226 superioris
1553 2149 1641 2208 electos

169 2244 271 2304 Civica
292 2240 532 2302 vindobonensis
550 2251 583 2303 ut
600 2261 636 2303 ex
659 2246 725 2302 eius
747 2243 889 2322 catalogo
946 2241 1027 2299 Prior
1043 2247 1074 2299 et
1092 2241 1234 2311 Praenes,
1252 2239 1326 2298 obiit
1341 2239 1529 2320 Noribergae
1544 2259 1567 2302 3.
1583 2243 1612 2301 49
1640 2283 1645 2297 .

170 2339 196 2394 4.
217 2336 282 2396 469.
301 2337 456 2396 discimus.
475 2335 547 2397 Vide
564 2337 759 2402 Lambacheri
788 2336 888 2396 adnot.
945 2335 1073 2409 Scripsit
1091 2331 1254 2410 1393441344
1275 2333 1309 2391 B.
1326 2331 1506 2412 4933143413
1531 2336 1645 2413 11444343

172 2433 200 2486 io
219 2429 284 2487 eod.
307 2431 456 2508 catalogo.
946 2423 1055 2498 titana,
1072 2423 1295 2502 virpioismrd.
1315 2425 1646 2507 Ρνα34143.44433444404.

212 2522 279 2597 (384
294 2525 396 2582 Versio
408 2524 507 2583 1431433
522 2523 629 2600 prodiit
646 2539 710 2583 cur.
723 2526 751 2582 F.
768 2524 803 2582 Α.
821 2525 891 2583 Zac·
951 2519 1080 2595 Taegius
1097 2521 1128 2577 in
1146 2535 1232 2579 suam
1261 2519 1376 2581 Rerum
1404 2521 1522 2582 ordinis
1546 2520 1646 2581 Praedia

76 2686 79 2692 .
170 2619 247 2675 caria
262 2616 419 2675 iitFaenza
434 2617 519 2677 4789.
532 2620 560 2676 43
574 2617 685 2678 43431.
695 2619 723 2678 5.
735 2619 816 2676 etin
833 2619 894 2676 Mo·
935 2635 938 2642 ’
953 2612 1159 2672 collectionem
1182 2613 1282 2674 intulit
1300 2614 1351 2673 lib.
1371 2616 1403 2676 3.
1419 2616 1500 2676 14434.
1509 2616 1536 2675 9.
1548 2613 1589 2675 431.
1601 2614 1647 2673 tit.

171 2705 247 2765 dena
275 2712 286 2767 4
294 2710 361 2767 833.
384 2711 411 2768 8.
426 2711 681 2789 quamplurimum
700 2710 827 2785 diffusa,
849 2712 915 2769 uti‘
951 2723 987 2765 34
1006 2706 1042 2764 443
1058 2704 1361 2766 desumseruotdcta
1377 2708 1434 2769 SS.
1452 2715 1525 2769 tom.
1541 2710 1573 2769 11.
1583 2707 1646 2785 apri·

172 2799 250 2858 13344
274 2800 458 2877 digoissima.
951 2799 987 2858 lis
1007 2816 1035 2875 p.
1053 2796 1122 2858 793.
1139 2797 1304 2876 Lependam
1319 2800 1354 2859 B.
1372 2799 1647 2862 CctliariaoeScun

213 2892 242 2950 3.
261 2891 342 2952 Viola
353 2895 473 2954 animae
489 2897 571 2964 ‚sive
583 2896 618 2957 de
628 2901 742 2956 notura
755 2895 894 2970 43344343,
949 2891 1012 2964 aaa,
1034 2892 1135 2952 Calon.
1157 2893 1305 2952 4553131.
1323 2893 1406 2970 apud
1430 2895 1552 2960 Surium
1568 2894 1593 2954 d.
1616 2891 1648 2950 34.

176 2985 284 3063 prodiit
317 2987 410 3046 Toleti
446 2990 533 3049 4504.
555 2989 583 3050 4.
606 2987 707 3049 Calon.
742 2990 829 3049 4503.
863 2986 890 3048 4.
951 2982 1043 3061 April.
1060 2983 1244 3043 Antoninum
1264 2985 1411 3046 Summae
1427 2989 1511 3048 t.lll.
1526 2987 1650 3067 paona

173 3078 249 3157 Lug.
267 3081 354 3139 4563.
379 3083 427 3143 43.
451 3084 607 3161 llispaoice
630 3084 721 3141 vertit
743 3081 894 3141 Antonius
953 3079 982 3135 in
997 3078 1080 3136 Actis
1098 3078 1276 3138 Sanctorum
1294 3085 1368 3139 tom.
1383 3081 1435 3140 111.
1450 3082 1559 3161 Aprilis
1569 3078 1650 3161 past

177 3173 277 3247 Ares,
296 3175 478 3252 inmensis,
497 3176 559 3236 ord.
578 3177 647 3235 14143.
664 3173 754 3234 143414.
775 3175 854 3234 4647
869 3175 895 3232 4.
952 3169 1056 3229 1431433
1070 3169 1508 3253 versioBarduccii·Caoigiani
1519 3175 1650 3254 praemisa

208 3268 236 3324 3.
268 3269 465 3342 0333403434
492 3267 663 3348 disputatas
693 3267 802 3346 aliegat
832 3268 896 3326 Tri·
956 3269 1004 3320 est
1021 3263 1172 3341 Operibus
1190 3264 1221 3324 S.
1238 3263 1537 3347 Catharinae,quae
1546 3269 1621 3326 tomis
1630 3263 1650 3319 1.

169 3352 302 3420 themius
323 3362 360 3421 de
373 3365 483 3440 434444,
508 3363 622 3422 flectes,
641 3379 667 3421 c.
685 3361 753 3421 764.
954 3355 1138 3431 prodierunt.
1159 3356 1246 3415 Senis
1265 3357 1353 3417 4707.
1368 3360 1464 3420 1743.
1477 3378 1559 3440 seqq.
1570 3361 1593 3420 t.
1603 3355 1650 3436 4345

210 3455 346 3514 Plurade
366 3455 521 3533 ipsodaot
550 3454 612 3513 Ν43.
643 3454 791 3515 Antonius
819 3452 893 3512 144141.
953 3449 1055 3509 1431433
1079 3451 1179 3508 versio
1212 3451 1240 3508 in
1275 3450 1406 3510 Senensi
1431 3453 1507 3513 edit.
1528 3453 1650 3514 470744

170 3550 298 3625 Hispana
318 3549 384 3605 1134.
404 3550 439 3605 Χ.
464 3549 529 3603 33
561 3546 894 3623 446343341143443
949 3544 1023 3603 Can.
1056 3542 1199 3602 Bernard.
1231 3544 1327 3602 Pecci.
1374 3545 1539 3625 Antiquior
1580 3546 1649 3605 versia

170 3657 228 3701 nus
245 3639 381 3718 Appeod.
399 3638 435 3697 ad
450 3639 586 3698 Cavenm
601 3658 629 3715 p.
647 3639 695 3696 86.
712 3641 832 3699 Boetius
864 3641 892 3698 in
951 3636 1052 3697 italica
1075 3635 1183 3714 prodiit
1205 3636 1333 3699 Fi'renza
1355 3637 1387 3697 io
1404 3642 1438 3700 S.
1459 3642 1520 3701 lac.
1542 3640 1573 3700 di
1588 3638 1649 3717 nipe

169 3734 368 3801 Dictiooario,
386 3730 449 3790 Val.
469 3730 605 3791 Andreas
622 3732 651 3787 in
671 3731 810 3807 catalogo
837 3732 897 3790 cla·
953 3727 1074 3789 141477.
1087 3730 1117 3787 in
1138 3728 1165 3788 4.
1184 3729 1467 3794 314411311341431334
1488 3755 1538 3814 per
1551 3736 1590 3793 13.
1604 3734 1650 3792 tot

170 3839 272 3883 rorum
292 3821 454 3899 Hispaniae
466 3825 645 3901 scriptorum
661 3840 725 3900 pag.
741 3820 807 3882 400.
821 3824 892 3882 Cre·
952 3822 989 3882 de
1012 3823 1121 3882 honate
1136 3822 1224 3882 4189.
1244 3824 1270 3880 1.
1292 3840 1377 3898 cuso,
1403 3832 1536 3903 prorsus
1554 3828 1650 3888 (1443444.

172 3917 241 3974 nius
251 3914 413 3973 Animadv.
427 3916 689 3976 Historico-Pirilol.
703 3922 725 3973 t.
737 3916 778 3974 lX
791 3914 894 3992 piot.
955 3915 1117 3975 11344304.
1130 3915 1214 3975 Potiti
1232 3916 1418 3979 Catharinus
1437 3920 1469 3980 in
1488 3923 1574 3984 Sicnn
1590 3919 1649 3980 4531.

212 4008 436 4068 ualitudinis
453 4008 488 4068 de
503 4008 661 4088 Toranio,
681 4010 747 4069 aliis
762 4008 896 4085 reuapo
954 4014 980 4071 4.
1000 4016 1030 4069 34
1052 4009 1083 4067 in
1109 4008 1237 4067 Veaezr'o
1259 4011 1347 4069 1563.
1366 4019 1398 4070 34
1416 4031 1509 4075 33343
1528 4014 1649 4094 vulgarit}

161 4100 217 4158 *nx
248 4100 401 4174 iudaeae,
420 4104 686 4162 Dominicanorum
712 4099 817 4180 Ordini
845 4100 897 4160 ad·
955 4105 1127 4163 Tractatum
1147 4117 1238 4181 super
1263 4102 1650 4192 Mopnittcawfficioapn

172 4192 303 4268 scriptus
320 4208 345 4251 a.
367 4195 455 4254 4370.
473 4195 524 4255 sed
548 4201 666 4255 tantum
686 4198 714 4253 in
743 4196 897 4272 speciem,
951 4194 1217 4277 sestovisitctionta
1229 4196 1259 4254 B.
1283 4195 1435 4274 Pupinia,
1448 4201 1650 4278 Tractatunpn

174 4293 207 4344 ut
224 4284 413 4346 Christianos
432 4288 555 4347 13114444.
575 4290 704 4367 Scripsit
722 4289 830 4347 librum
862 4285 897 4347 de
952 4288 1165 4367 reformatione
1179 4289 1405 4366 conservanda,
1426 4295 1513 4355 11343.
1532 4293 1650 4357 istan

171 4378 352 4436 llaenranum
367 4378 568 4440 inuocatione:
588 4382 700 4456 alium,
724 4380 814 4456 cujus
843 4383 897 4439 ini·
956 4382 1035 4441 lusae
1055 4381 1143 4441 4605.
1163 4380 1360 4443 neroniana
1382 4386 1467 4447 inter
1484 4387 1650 4448 ordinationes

171 4473 245 4530 tium
270 4471 344 4530 luit:
364 4473 469 4532 Utrum
486 4470 610 4552 quilibet
625 4473 750 4552 infidelia
767 4479 826 4535 tam
850 4473 897 4533 di·
953 4474 1158 4552 Capitularum
1177 4475 1364 4551 generalium
1397 4481 1527 4542 inseruit
1556 4502 1581 4562 p
1604 4478 1649 4539 iil·

170 4562 262 4636 vinis,
279 4581 369 4642 quam
385 4564 560 4645 apostolicis
575 4565 739 4628 canonibus
755 4573 895 4628 teneatur
954 4565 1104 4644 Epistolat
1124 4566 1298 4647 Encpclicas
1312 4587 1355 4630 334
1371 4573 1524 4654 Capitulis
1537 4569 1652 4656 93334314-

171 4654 310 4716 odedire:
327 4658 363 4720 de
378 4659 500 4722 secretis
515 4664 663 4730 naturae,
680 4659 716 4720 dc
731 4659 895 4740 Alciymia‚
955 4659 1010 4722 dur
1032 4660 1177 4738 scriptas,
1196 4661 1271 4720 Acta
1290 4660 1476 4741 lepationum
1487 4687 1546 4748 pro
1560 4664 1652 4730 4334444

176 4754 207 4804 et
228 4746 284 4806 alia
302 4792 308 4822 ,
329 4769 406 4827 quae
424 4754 514 4830 jussu
532 4753 663 4831 Gregorii
687 4754 737 4814 Xl.
765 4772 781 4813 3
809 4754 895 4814 4373.
956 4752 1153 4832 Pontificibus
1168 4754 1312 4834 Greporio
1327 4760 1380 4818 XI.
1398 4760 1520 4822 Urbano
1534 4761 1652 4828 4113443

145 4839 398 4904 *tlamrnissunt
422 4854 540 4907 exusta.
574 4845 654 4905 llacc
683 4863 720 4905 ex
751 4854 822 4905 tom.
851 4848 898 4906 tv.
955 4845 1064 4924 rtifitcio
1086 4847 1210 4906 1444444
1230 4854 1257 4908 44
1281 4869 1339 4928 pro
1372 4853 1652 4917 stercorantur
