3368 5362
674 208 965 271 transilitis
1520 211 1558 274 tt

61 313 178 393 ampuri
194 312 340 375 historiis.
363 316 538 377 Martiniana
559 333 631 377 vero
659 316 781 379 historia

61 408 139 471 haud
161 425 292 487 magnae
307 410 399 469 molis
420 409 562 470 volumen
584 418 641 471 est.
664 412 712 472 hit
739 416 783 473 in·

59 520 152 581 super
173 502 368 562 Ptolomaeus
390 504 530 581 ignorare
542 519 576 564 se
598 521 707 564 nomen
729 506 784 567 hr-

59 598 243 677 chiepiscopi
258 597 418 658 cusentini
430 614 438 670 3
451 613 520 656 cum
537 598 668 658 vicissim
685 600 783 659 Potoni

61 709 170 751 nornen
192 690 231 751 ad
264 689 419 750 fastidium
445 706 544 767 usquc
567 698 710 752 recantet.
729 694 785 752 De-

60 788 151 863 nique
173 791 344 861 utrumque
370 799 447 862 opus
463 782 568 842 eadem
594 787 623 844 in
645 785 784 863 periocha

59 878 219 955 distinguit
238 880 280 937 ita
298 893 332 936 se
350 880 525 954 exprimens
542 877 646 938 eodem
669 879 717 939 lib.
737 880 784 940 48.

58 958 303 1049 rapiditate
331 968 430 1029 omnio
453 969 568 1048 purtim
594 968 742 1031 habentur
765 990 785 1031 o

59 1062 224 1136 llichordo,
238 1057 357 1141 purtim
373 1081 393 1121 o
411 1062 572 1124 cusentino
588 1068 615 1122 et
631 1065 747 1141 partim
765 1082 785 1123 3

61 1156 201 1217 Mortr'no.

97 1253 148 1311 llis
169 1252 264 1328 igitur
291 1252 332 1310 ita
360 1266 393 1310 sa
423 1249 603 1316 habentibus
624 1267 682 1310 non
705 1251 785 1310 inani

57 1345 231 1403 coniectura
247 1349 404 1420 permotus
415 1345 551 1420 suspicor
562 1359 598 1403 ex
610 1345 782 1420 argumenti

57 1435 784 1514 similitudinedeceptosquosdamduodlstincta

57 1547 144 1608 opera
163 1532 194 1589 in
213 1546 311 1590 unum
328 1531 535 1589 coniunxisse.
552 1531 636 1590 Unus
652 1547 722 1591 vero
739 1549 785 1589 er-

59 1642 108 1683 ror
136 1623 268 1683 alterum
293 1622 431 1695 induxit,
460 1639 530 1681 cum
560 1625 705 1684 Martinus
733 1640 784 1682 no·

59 1734 228 1777 mensuum
245 1716 386 1776 chronico
401 1733 417 1774 a
429 1731 462 1774 se
475 1717 589 1794 scripto
599 1718 781 1794 praefixerit.

59 1813 246 1872 Cusentinus
267 1826 341 1868 vero
363 1825 476 1868 nomen
506 1811 714 1873 tantummodo
738 1811 782 1870 di-

63 1907 190 1980 gnitatis,
203 1921 245 1963 ex
257 1918 328 1980 ¹quo
349 1903 460 1963 iactum
484 1910 551 1976 est,
573 1905 779 1971 utamborum

838 318 926 378 avelli
948 319 1109 396 potuerint.
1132 320 1269 397 Suspicio
1286 327 1388 381 autem
1400 319 1474 380 haec
1491 336 1558 382 maa

839 411 927 471 aliam
950 411 1083 487 inducit,
1107 430 1180 472 num
1203 414 1318 474 scilicet
1335 413 1457 474 eaedem
1494 414 1560 475 illae

840 521 967 580 manus,
986 522 1091 582 quaee
1109 508 1285 566 Martiniano
1302 524 1391 584 opere
1408 507 1559 585 portiones

839 599 913 657 istas
941 598 1149 659 subduxerant
1172 601 1275 660 tollere
1296 603 1386 659 etiarn
1408 602 1559 678 potuerint

839 691 977 751 laciniam
998 708 1014 751 a
1036 693 1170 751 Martinio
1197 692 1343 752 adiectam
1375 690 1412 751 de
1445 695 1561 753 toanna

842 787 973 862 Papissa.
1005 784 1180 844 AMartino
1213 784 1359 845 adiectam
1380 784 1463 861 dixi,
1490 801 1559 845 nam

839 878 934 937 codex
957 880 1015 938 iste
1038 895 1124 938 meus
1146 886 1207 937 tam
1229 880 1363 956 proxime
1384 879 1421 939 ad
1441 879 1560 940 Martini

841 972 940 1031 Poloni
973 979 1102 1032 aetatem
1136 971 1283 1031 accedens
1315 973 1451 1033 labellam
1479 970 1558 1031 hanc

840 1067 959 1141 retinet,
986 1081 1042 1124 nou
1066 1064 1187 1141 quidem
1211 1071 1244 1124 ut
1265 1068 1294 1123 in
1317 1067 1382 1126 aliis
1406 1063 1559 1124 codicibus

791 1188 794 1192 >
840 1162 975 1237 margine
996 1158 1164 1233 adiectam,
1186 1157 1239 1217 sed
1258 1159 1409 1236 scriptioni
1427 1158 1558 1234 reliquae

840 1253 1030 1311 coniunctam
1053 1258 1084 1311 et
1104 1251 1324 1311 cohaerentem.
1348 1252 1491 1329 Superest
1509 1266 1559 1310 co

841 1346 993 1404 niecturas
1025 1344 1204 1417 exhibeam,
1233 1361 1309 1420 quae
1332 1351 1447 1404 tantam
1473 1342 1560 1403 cliro-

842 1439 908 1496 nico
923 1438 1134 1514 antiquitatem
1154 1435 1316 1495 vindicant
1335 1436 1450 1495 Desinit
1463 1435 1559 1495 codex

841 1533 897 1589 iste
919 1533 947 1589 in
963 1530 1082 1591 Micelae
1103 1531 1151 1589 lll.
1174 1532 1260 1590 cuius
1282 1531 1343 1589 vita
1364 1524 1555 1604 describitur,

838 1632 902 1684 tum
925 1623 1029 1683 eadem
1052 1640 1142 1683 manu
1165 1624 1281 1684 nudum
1302 1625 1419 1684 Martini
1435 1623 1488 1682 lv.
1507 1639 1559 1682 no·

837 1734 906 1777 men
930 1718 1048 1796 legitur.
1067 1716 1241 1777 Succedunt
1263 1717 1367 1777 eodem
1386 1715 1509 1787 ordine,
1526 1724 1558 1778 et

836 1810 976 1871 methodo
999 1810 1103 1887 reliqui
1123 1809 1299 1884 Pontifices,
1316 1809 1368 1869 sed
1384 1827 1475 1870 manu
1490 1827 1555 1870 orn-

837 1906 945 1965 34333
966 1905 1055 1982 priori
1077 1903 1205 1963 diversa.
1228 1903 1293 1974 Quo
1310 1905 1483 1964 coniectura
1498 1905 1556 1965 ista

64 1996 250 2074 opusunum
274 1996 415 2073 idemque
445 2003 641 2070 censeretur3
669 1998 781 2058 iactum
837 1998 912 2058 ierat
942 1998 1020 2057 docti
1054 1998 1230 2075 intelligent.
1264 1997 1451 2076 Quamquam
1482 2014 1555 2058 vero

62 2092 147 2149 etiam
171 2093 281 2168 utqui
313 2090 522 2150 Martinianum
552 2106 628 2168 opus
656 2091 782 2169 legerint
837 2094 982 2152 Martinus
1015 2092 1183 2151 Chronicon
1217 2107 1306 2151 suum
1328 2107 1363 2151 ea
1394 2092 1556 2152 conlocarit

59 2202 111 2245 nec
131 2184 266 2246 alterum
289 2184 462 2244 Cusentini
479 2183 636 2244 habuerint
657 2188 686 2244 in
711 2202 780 2245 con·
838 2193 902 2245 arte
923 2193 957 2245 ut
979 2205 1016 2244 ex
1038 2187 1173 2263 opposito
1195 2186 1353 2245 l‘ontilires
1374 2186 1507 2257 Romani,
1525 2191 1557 2243 et

56 2286 182 2356 spectu,
205 2277 260 2338 sed
284 2275 491 2337 tantummodo
521 2279 620 2337 norint
640 2297 678 2338 ex
710 2283 782 2340 scri·
836 2278 958 2336 liomani
982 2275 1290 2352 itidemlmperatores
1310 2275 1452 2352 descripti
1471 2273 1555 2335 exhi·

54 2377 174 2450 ptorum
200 2379 341 2431 veterum
365 2372 556 2447 testimonio,
576 2375 780 2450 opinarentur,
835 2369 973 2442 beantur,
988 2369 1097 2429 author
1114 2376 1214 2428 tamen
1236 2371 1327 2427 nostri
1341 2369 1461 2443 codicis,
1474 2376 1555 2430 utro·

59 2466 224 2526 Martinum
249 2466 391 2525 Polnnum
414 2463 450 2525 34
472 2466 644 2527 cathedram
666 2470 781 2530 Cusan-
836 2480 912 2541 sque
934 2478 1071 2521 seorsum
1096 2464 1214 2538 posuit3
1234 2464 1337 2539 incipit
1352 2464 1431 2521 onim
1447 2462 1484 2521 ab
1499 2464 1555 2521 irn-

56 2562 149 2619 tinam
173 2557 359 2618 ascendisse.
833 2556 1040 2635 peratoribus‚
1056 2556 1165 2633 quihus
1180 2554 1325 2615 absolutis
1343 2562 1407 2613 tum
1428 2553 1552 2615 demum

91 2650 153 2712 Sed
176 2653 301 2728 quinam
321 2651 370 2710 ille
388 2651 705 2732 iuitrlrchiepiscopus
719 2658 778 2715 Cu·
836 2651 873 2708 ab
895 2650 1015 2709 exordio
1038 2649 1214 2708 l‘ontilrcum
1247 2650 1369 2708 llomani
1390 2649 1552 2710 chronicon

55 2747 198 2805 sentinus
218 2743 356 2805 Chronici
383 2745 509 2806 buiusa
538 2748 712 2807 Martiniano
736 2748 779 2807 44-
839 2746 957 2822 repetit.
975 2745 1007 2802 ln
1037 2744 1238 2821 praelatione,
1257 2760 1332 2820 quae
1349 2759 1418 2802 cum
1440 2758 1552 2803 excusa

55 2840 135 2897 versi
170 2835 310 2897 author?
339 2837 370 2898 ld
404 2855 477 2898 sane
508 2856 556 2899 me
583 2840 667 2919 fugit.
689 2840 718 2901 Si
740 2859 779 2901 ex
833 2840 1089 2896 omninocoaeret
1110 2838 1215 2894 recitat
1235 2837 1402 2913 catalogum
1424 2839 1553 2916 scripto·

55 2938 195 3010 tempore
216 2948 277 3010 qun
299 2931 449 2992 scribebat
466 2935 624 2994 coniectari
640 2933 710 2994 licet
727 2938 778 2996 vix
835 2949 900 2992 rum
918 2949 956 2991 ex
974 2930 1084 3008 quibus
1102 2931 1234 3007 proiecit,
1256 2932 1334 2990 inter
1351 2946 1427 3007 quos
1448 2938 1494 2991 est
1508 2947 1551 2991 aec

57 3026 133 3087 alter
163 3024 347 3104 judicandus
377 3032 459 3085 esset
479 3044 496 3087 a
517 3029 547 3086 P.
570 3024 654 3103 (forte
684 3031 779 3103 Petro)
836 3021 1121 3097 chrorrr'cr'sb'scodii,
1139 3023 1218 3100 quod
1231 3031 1261 3082 et
1274 3026 1301 3082 in
1318 3023 1406 3084 editis
1423 3031 1454 3084 et
1469 3023 1550 3085 tiss,

58 3118 222 3181 Cosmum
245 3117 394 3181 Corionico
408 3120 472 3177 viro
490 3120 580 3197 probo
594 3128 625 3179 et
642 3123 780 3196 litterato,
836 3119 971 3197 pluribus
992 3116 1083 3177 Codd.
1112 3118 1238 3195 legitur,
1259 3134 1442 3196 quamquam
1464 3118 1551 3179 multi

57 3215 159 3291 quiin
180 3211 328 3272 discordia
350 3227 366 3271 3
389 3213 525 3289 Capitulo
550 3214 702 3275 Ecclesiae
724 3219 782 3277 ilu-
835 3214 1056 3288 corruptionem
1079 3213 1273 3288 suspicantur
1295 3229 1347 3288 pro
1371 3210 1512 3271 orosii*

59 3306 199 3365 sentinae
220 3304 352 3378 electus,
374 3305 526 3365 aemulum
545 3323 652 3384 passus
673 3315 721 3367 est
740 3310 782 3369 al·
875 3303 1065 3364 Mllll'llMUS
1079 3300 1248 3381 Presbyter,
1260 3306 1480 3381 Manuscriptus
1492 3306 1551 3381 pri-

60 3406 159 3459 terum
184 3399 282 3458 virum
304 3405 458 3474 potentem
481 3405 511 3456 34
534 3399 710 3474 iactiosum,
732 3403 780 3462 coi
834 3397 901 3457 dem
922 3399 1050 3456 Viennae
1076 3395 1153 3472 apud
1185 3396 1393 3472 wolfgangum
1426 3398 1550 3458 Lazium

61 3494 152 3551 cessit
180 3499 312 3552 coactus·
342 3491 416 3551 Vide
444 3491 613 3568 Ughellium
637 3502 708 3554 torn.
729 3497 779 3555 lx.
835 3498 912 3551 teste
931 3492 1033 3549 Vossio
1051 3506 1115 3566 pag.
1134 3488 1202 3549 783.
1220 3487 1385 3549 Chrom'con
1400 3505 1489 3549 suum
1505 3490 1550 3549 di-

63 3600 127 3661 pag.
150 3584 219 3644 2ll.
242 3601 338 3644 novae
355 3583 506 3659 editionis.
522 3589 599 3646 llaec
615 3590 712 3648 omnia
725 3588 781 3648 sub
835 3587 916 3647 cavit
932 3586 1102 3643 innocentio
1115 3584 1162 3642 lll.
1175 3596 1264 3658 quem
1280 3587 1398 3639 constat
1411 3597 1460 3640 an.
1472 3580 1550 3642 tsttt

65 3677 256 3738 lridericoll.
269 3677 415 3738 accidisse
437 3677 514 3737 idern
529 3678 780 3757 Ughelliusadno
835 3680 925 3739 rebus
943 3677 1083 3737 humanis
1105 3674 1306 3735 valedixisse:
1330 3675 1429 3749 itaque
1449 3673 1550 3733 diver-

68 3776 125 3843 tat,
148 3788 203 3832 nec
235 3770 314 3831 ultra
348 3771 533 3831 Fridericum
558 3772 590 3831 ll.
623 3761 778 3834 cusentini
835 3774 962 3833 sustuli
988 3788 1044 3830 non
1071 3767 1475 3844 modoaMartrnoPolono,
1495 3768 1548 3829 sed

68 3859 216 3922 ilistoriam
228 3865 401 3924 excurrisse
413 3880 452 3924 ex
470 3865 637 3925 Ptolomaeo
653 3867 778 3927 lucensi
834 3868 922 3924 etiam
945 3869 962 3924 a
983 3867 1107 3925 Martino
1121 3864 1264 3931 Minonis,
1277 3868 1307 3920 et
1325 3867 1488 3939 utrumque
1501 3877 1567 3945 rte-¹

74 3953 153 4028 paulo
173 3959 313 4034 superius
334 3956 579 4017 animadversum
602 3963 660 4019 est.
834 3965 896 4025 tate
917 3959 1091 4017 antecessit.

105 4048 245 4111 Historiae
276 4050 363 4110 illae:
385 4049 420 4110 dc
448 4056 582 4129 qrratoor
611 4049 777 4112 Maioribus
873 4048 1065 4111 Mauritius
1083 4045 1262 4127 Muymirrtdi,
1278 4044 1550 4125 sirenopmuodro

78 4140 181 4217 requisi
202 4142 237 4204 de
258 4147 410 4204 Romanae
426 4143 512 4204 urbis
533 4144 658 4204 exordio
683 4147 779 4204 incre·
833 4139 1367 4221 4444444441[434433834313333034.
1384 4141 1484 4203 Praed.
1502 4144 1550 4203 vir

79 4239 165 4293 mento.
179 4235 328 4316 Aedificiis
345 4244 374 4298 ct
389 4239 531 4317 repimine
544 4255 639 4318 usque
652 4241 693 4298 uri
705 4241 776 4317 lmp.
832 4239 968 4298 cruditus
984 4244 1014 4295 ct
1032 4240 1146 4314 peritus
1173 4236 1340 4313 linguarum
1370 4233 1548 4312 Hebraicae,

80 4319 223 4400 tumtum
252 4338 361 4392 extant
394 4333 423 4390 in
450 4334 619 4393 Martiniani
646 4334 776 4393 chronici
833 4331 1008 4392 Chaldaicae
1025 4338 1056 4390 et
1073 4330 1215 4390 Arabicae
1234 4327 1270 4388 ad
1292 4344 1421 4406 quarum
1436 4328 1550 4406 lingua·

83 4422 285 4486 nentmoaceo
317 4426 420 4486 codice
451 4427 512 4487 MS.
546 4427 777 4488 Bibliotheca.
833 4443 899 4486 rum
917 4425 1052 4484 studium
1071 4422 1271 4501 liaymundus
1287 4422 1363 4481 alter
1380 4421 1417 4481 de
1435 4425 1550 4484 Penna-

84 4507 238 4579 tamisium
260 4535 342 4579 saec.
363 4517 444 4582 xiil.
464 4519 511 4579 lta
532 4537 605 4579 vero
621 4528 693 4580 sunt
709 4537 778 4579 con·
835 4519 900 4578 lorti
918 4535 987 4579 eum
1010 4520 1199 4578 invitaverat.
1224 4515 1383 4593 Pupionem
1396 4514 1469 4594 fidei
1482 4519 1548 4576 sive

85 4615 173 4686 ittae,
189 4614 280 4672 immo
302 4614 434 4674 insertae
452 4614 481 4672 in
500 4612 649 4687 chronico,
667 4618 777 4674 utnon
832 4627 909 4689 opus
923 4611 1110 4688 praeclarum
1131 4610 1280 4670 adversus
1306 4611 1424 4668 Mauros
1443 4615 1474 4667 et
1494 4610 1546 4669 Ju-

86 4688 210 4765 liverium
232 4706 304 4784 quid
326 4706 365 4767 ab
388 4708 451 4785 ipso
473 4706 585 4767 reterre
607 4706 776 4779 videantur,
834 4704 923 4765 daeos
940 4705 1096 4782 scripsisse
1114 4719 1146 4762 se
1164 4701 1320 4780 profitetur
1341 4701 1375 4759 Α.
1401 4701 1433 4760 C.
1457 4699 1543 4760 l278.

87 4787 290 4860 ltdin'unum
323 4816 392 4861 cum
427 4801 475 4860 illo
496 4817 571 4880 opus
598 4798 776 4860 coalescant.
833 4805 863 4856 et
880 4797 916 4857 ab
935 4799 1017 4856 initio
1032 4796 1130 4858 Mundi
1147 4813 1184 4853 ex
1202 4801 1341 4869 computo
1362 4791 1544 4854 iudaeorum

87 4876 161 4949 Quare
190 4898 304 4973 miror,
324 4910 379 4956 cur
399 4911 416 4955 a
442 4895 595 4957 nonnullis
625 4892 777 4953 codicibus
833 4890 890 4951 An.
908 4891 996 4951 5038.
1012 4893 1101 4967 Pugio
1121 4888 1189 4961 ille,
1211 4901 1270 4962 quo
1291 4892 1414 4946 strenue
1431 4887 1461 4946 in
1479 4889 1544 4949 suls
