3368 5362
97 167 157 228 art
737 140 952 226 usitnrx
1057 171 1059 181 ’

96 285 187 354 atquo
209 278 225 335 t
248 274 338 334 variis
371 274 444 333 viris
477 272 574 331 doctis
609 271 757 330 recenseri
780 277 810 328 44
907 275 947 331 lle
960 267 1078 328 rationo
1092 262 1262 326 visitandae
1274 260 1423 322 dioecesis
1434 265 1462 319 el
1475 276 1567 318 cureri-

102 371 243 431 illustrari
265 383 318 429 eos
338 368 469 443 contigit.
867 369 923 428 doe
943 360 1132 425 strenuorum
1152 357 1276 419 Salutis.

136 466 260 525 Summo
284 460 319 520 da
347 459 529 520 Poenilentio
554 464 583 517 et
603 454 1015 527 uonaamio,a10aos
1029 454 1115 534 Juste
1133 449 1306 529 neqotiondi
1321 449 1353 508 in
1365 450 1499 528 oration
1512 463 1574 507 ner-

97 558 194 617 divisa
212 554 297 615 libris
314 554 361 614 t·.v
382 560 413 610 et
434 554 465 612 S
482 551 633 611 Antonino
646 549 815 608 Florentino
876 557 1022 612 catorum.

96 654 132 709 in
150 652 273 710 Summa
296 644 406 722 majore
428 660 462 703 ao
479 644 636 703 Vincentio
658 643 791 702 Belloi.
785 656 814 698 m
911 639 1061 722 [4444444444
1075 637 1197 717 piures,
1215 634 1402 713 praesertim
1422 630 1577 752 3444444444

97 742 218 821 speculo
239 739 393 798 doctrinali
415 738 588 813 frequenter
615 734 752 808 laudata,
773 733 817 793 di·
871 737 912 798 od
934 740 1027 796 tulum
1050 730 1201 792 Ordinem·

96 836 160 894 visa
190 836 219 891 in
251 829 342 891 libros
376 834 525 909 quotuor,
559 844 686 906 quorum
719 830 745 887 4.
778 826 816 886 de
910 831 973 890 lton
991 823 1192 885 omittendum
1204 821 1284 899 quod
1297 821 1335 881 ab
1351 816 1578 896 irocllaymundo

96 928 227 1004 nectutis
245 924 392 984 adversus
410 923 532 994 04],4444
548 919 818 996 uadvorsuspro-
871 925 961 985 ettam
986 917 1215 982 constitutiones
1248 913 1374 974 ordinis
1409 910 1580 971 Praedium

96 1019 232 1085 simum
254 1018 281 1074 3.
302 1015 340 1075 de
371 1015 650 1075 Ecclesiasticorum
673 1011 812 1083 delictis,
871 1032 942 1075 rum
958 1011 1000 1072 ad
1019 1009 1169 1070 meliorem
1187 1007 1319 1088 formam
1336 1002 1482 1064 reductos
1497 1011 1525 1062 44
1537 1003 1580 1064 sul

94 1111 200 1170 officiis
231 1117 262 1168 ei
289 1108 426 1185 iuribus,
449 1108 527 1166 eti
556 1106 593 1164 dt
625 1105 813 1165 Maltintttttio
871 1109 989 1170 duabus
1011 1102 1262 1166 Drstinelrombos
1281 1103 1484 1160 concinnatae
1505 1106 1578 1167 sunt,

96 1208 215 1262 tractat.
246 1201 356 1260 Prodiit
387 1203 498 1260 Lovan.
531 1198 608 1261 44484)
632 1198 679 1257 lol.
712 1197 814 1258 Goion.
871 1208 1104 1280 acceptataeque
1125 1197 1162 1257 ab
1190 1193 1303 1257 Ordine
1324 1209 1380 1270 per
1412 1191 1555 1252 modom
1549 1207 1580 1249 44

97 1296 184 1354 ⁴595
206 1296 297 1353 Paris
321 1293 409 1353 45440
433 1294 449 1351 4
870 1295 1037 1356 choationis
1065 1292 1157 1350 Paris.
1191 1287 1282 1349 tatu.
1312 1291 1345 1345 et
1376 1285 1581 1362 approbationis

136 1389 310 1466 Apparatus
340 1388 409 1444 8in
442 1385 558 1461 glossat
590 1385 625 1446 ad
660 1385 816 1445 8444444444
872 1390 1020 1450 Bononiae
1043 1384 1131 1445 42444.
1153 1399 1188 1443 ac
1209 1379 1453 1441 confirmationis
1471 1377 1581 1514 deniquo

96 1476 334 1560 Ruymnndinam
356 1478 412 1537 sub
433 1478 590 1540 iustitiis
612 1476 743 1538 lectoris
760 1493 813 1538 seu
872 1483 964 1544 Paris.
989 1479 1077 1539 itit.

95 1573 131 1633 de
153 1569 323 1661 3444444444,
345 1572 415 1631 Ord.
441 1573 541 1632 l‘raed.
566 1574 686 1631 nomine
701 1570 738 1630 ab
755 1569 817 1629 edi·
910 1575 1121 1635 Bonaventurn
1135 1566 1342 1630 Badnoriusd
1358 1566 1490 1644 Peroqo.
1502 1564 1577 1641 Supra

96 1666 210 1726 toribus
231 1657 373 1725 Summae
398 1668 539 1725 llomanis
563 1666 647 1724 46443.
675 1664 766 1737 bllol.
784 1669 815 1721 et
872 1677 943 1728 tom
967 1668 994 1727 4.
1017 1682 1081 1743 pag
1104 1662 1174 1723 337.

95 1761 208 1819 Bonon.
230 1759 308 1818 44443
328 1766 419 1837 atque
450 1760 605 1820 dveniens
629 1758 717 1818 4745.
742 1756 768 1815 4.
789 1771 816 1813 c.
910 1757 1077 1821 Guilelmus
1087 1754 1293 1816 PERALDUS.
1310 1753 1385 1830 Sup.
1399 1761 1422 1811 t.
1435 1752 1464 1810 3.
1482 1766 1509 1828 ρ.
1526 1748 1577 1808 tsi.

94 1852 261 1930 vulgatae,
283 1858 314 1910 et
334 1851 396 1931 44444
422 1852 517 1912 lectae
538 1868 572 1910 ac
596 1850 730 1911 laudatae.
752 1850 767 1906 4
786 1850 816 1907 S.
913 1853 1053 1915 Pssfllilx
1075 1849 1305 1910 Mathematicus
1325 1845 1366 1906 de
1392 1861 1454 1923 qno
1486 1840 1578 1903 Sidoni

95 1945 228 2016 raons,
262 1962 368 2005 verum
404 1950 562 2003 auctorem
597 1943 708 2001 nauem
738 1940 818 1999 6444-
872 1955 904 2008 et
924 1947 1009 2007 niani
1033 1945 1096 2004 loca
1128 1942 1215 2002 attuli
1248 1955 1341 2017 sopra
1374 1940 1406 1998 to
1438 1935 1584 1998 claudiano

98 2037 253 2105 4444444444
267 2036 598 2115 lledonensem,l(vitiose
610 2033 819 2096 cadelonensem
873 2044 1016 2102 Mamerto
1037 2043 1109 2096 toro.
1133 2038 1159 2095 4.
1182 2051 1248 2112 pag.
1271 2031 1340 2093 358.

97 2132 175 2206 aliis)
196 2148 233 2189 ex
255 2130 359 2190 eodem
382 2130 513 2203 Ordine,
539 2129 653 2189 clarum
671 2131 706 2188 Α.
727 2125 814 2188 tito.
914 2123 1582 2208 4444444444,34444444444444144444444444·

96 2232 131 2283 ut
152 2224 239 2283 docet
259 2223 388 2284 lacobus
409 2223 512 2294 Quattt
532 2230 553 2280 t·
585 2226 613 2283 t·
630 2240 658 2301 o·
675 2222 727 2282 434
751 2221 819 2281 444.
873 2227 1077 2290 sanasset.
1099 2221 1353 2300 descriptoribus
1376 2218 1559 2280 4444444444.

134 2313 289 2378 Summulo
328 2314 495 2397 Roymundi
518 2317 583 2375 sive
608 2315 818 2393 compendium
915 2311 1433 2391 PEREGRlNUSAbdosseptimus
1448 2311 1583 2372 Ecclesiae

96 2411 239 2470 Summae
261 2411 400 2470 versibus
422 2411 605 2470 hexametris
632 2409 670 2468 ab
687 2408 819 2468 nunno
874 2421 906 2477 44.
922 2416 1030 2476 Martae
1045 2410 1083 2471 de
1100 2409 1261 2478 Fontanis,
1278 2406 1430 2466 dioecesis
1446 2406 1584 2465 Toronen

97 2502 227 2580 quodem
241 2518 329 2575 ,cum
343 2505 566 2564 commentario·
586 2504 710 2580 insipit:
729 2503 817 2562 8444-
874 2511 917 2568 sis
934 2506 1036 2566 Ordin.
1054 2505 1182 2565 cistere.
1198 2499 1320 2576 scripsit
1339 2499 1496 2558 tastonam
1514 2499 1583 2557 4444

96 2593 181 2654 nmio
201 2591 236 2654 de
267 2612 384 2656 summo
416 2594 585 2675 Ruymundi
610 2593 726 2675 prodiit
743 2595 813 2653 isia·
872 2601 1001 2661 latorum
1024 2604 1056 2655 et
1087 2594 1315 2655 Possessionum
1344 2590 1427 2650 illios
1458 2589 1584 2651 Astatiae

98 2688 203 2748 G0100·
229 2686 315 2747 tius.
337 2693 364 2755 al
388 2690 476 2752 4502.
499 2690 526 2747 l.
550 2689 654 2747 Venet.
679 2689 765 2747 4369.
788 2687 816 2744 8.
871 2692 982 2752 editam
1005 2694 1023 2750 4
1044 2688 1191 2748 Dacherio
1207 2693 1285 2744 tom.
1308 2685 1343 2744 V.
1367 2684 1513 2763 spicilegii
1532 2697 1584 2760 pag.

141 2781 273 2855 lienique
295 2781 449 2840 meliorem
472 2797 608 2841 summae
635 2777 819 2858 4444444444-
874 2784 939 2845 405,
965 2782 1043 2861 ledit.
1067 2796 1163 2840 novae
1196 2785 1270 2838 tom.
1291 2778 1319 2837 2.
1345 2786 1413 2856 p'ag.
1442 2776 1500 2838 573
1520 2776 1583 2846 stt.)

101 2889 156 2931 nae
187 2871 347 2931 editionem
378 2873 525 2933 debemus
555 2875 663 2951 Lageto
691 2873 717 2948 b)
747 2871 817 2931 Ord.
873 2880 906 2939 ln
930 2881 1013 2956 parte
1036 2876 1129 2952 prima
1149 2890 1213 2950 pag.
1237 2869 1305 2932 577.
1328 2872 1371 2930 ait
1392 2887 1428 2931 se
1457 2873 1506 2932 illa
1526 2870 1584 2929 sori·

100 2964 202 3025 Praed.
234 2971 320 3025 textu
352 2981 504 3026 sacrorum
540 2967 717 3038 (lenonum,
743 2980 820 3041 quos
874 2973 971 3050 psisse
992 2970 1049 3028 dn.
1073 2967 1149 3027 tutu
1172 2963 1241 3023 rode
1263 2969 1348 3041 parte
1369 2963 1504 3024 secunda
1524 2962 1580 3039 'pag-

102 3058 203 3118 laudat
235 3056 452 3135 [immundos.
483 3057 692 3135 locupletatam
720 3063 751 3114 et
781 3053 818 3114 ad
855 3060 943 3125 '577,
964 3063 1077 3122 mentio
1107 3066 1260 3136 gestorum
1284 3058 1341 3116 An.
1369 3057 1459 3118 taut.
1482 3065 1584 3134 etpag.

102 3157 241 3211 veterum
252 3149 394 3212 Codicum
406 3149 495 3209 noem
518 3152 700 3229 recognitam
718 3164 820 3209 emen·
873 3157 941 3219 574,
964 3157 1019 3216 nn,
1044 3156 1131 3216 4227,

102 3243 282 3322 datamque,
306 3244 417 3305 additis
447 3245 535 3303 etiam
562 3244 823 3304 observationibus
914 3248 1152 3311 PliilEGlllNUS
1174 3243 1367 3304 Bononiensis
1388 3243 1465 3307 Ord.
1497 3244 1583 3303 llinor.

102 3343 133 3394 et
154 3337 191 3397 444
212 3337 399 3417 disciplinam
414 3338 538 3400 Concilii
555 3337 721 3398 Tridentini
743 3337 822 3413 lisy·
875 3345 954 3404 circo
976 3343 1032 3403 dn.
1057 3341 1143 3402 4340.
1166 3339 1294 3415 scriptor
1317 3333 1587 3398 cnronnoronur-

103 3430 249 3491 mundum
269 3431 500 3493 moderantibus,
519 3430 653 3510 Lugduni
676 3432 754 3492 4748
775 3430 824 3490 iul·
877 3436 958 3497 dinis
979 3438 1026 3495 sui
1044 3435 1081 3494 da
1097 3434 1188 3493 rebus
1199 3430 1382 3490 notabilibus
1399 3429 1586 3493 Generalium

139 3526 213 3599 (446
232 3527 333 3587 Melior
344 3524 434 3585 editio
455 3526 614 3585 Parisiens.
636 3526 715 3584 litu
736 3525 784 3585 lol.
805 3543 822 3585 4
878 3532 929 3608 qui
951 3528 1186 3598 Gondisalvum,
1207 3526 1255 3584 cui
1278 3541 1356 3601 opus
1377 3523 1514 3584 dicatum
1534 3527 1587 3593 est,

99 3620 131 3676 P.
152 3620 261 3696 Pegai,
284 3636 389 3680 recusa
413 3625 445 3677 et
466 3626 553 3677 aucta
577 3618 711 3677 Veronae
734 3619 822 3680 4744.
878 3626 1119 3702 praecesserunt.
1144 3621 1222 3679 llaec
1254 3616 1406 3678 Chronica
1439 3611 1589 3694 Peregrini

103 3712 151 3771 iol.
174 3729 232 3771 non
255 3711 442 3785 omittenda)
878 3716 952 3776 Vide
976 3713 1177 3791 Waddingum
1199 3711 1237 3772 ad
1261 3711 1295 3770 lt.
1320 3710 1411 3770 43445.
1429 3726 1513 3781 num.
1534 3708 1573 3767 li.

143 3803 260 3863 lnedita
275 3804 415 3863 teruntur
431 3819 508 3879 quae
528 3804 557 3860 in
576 3803 673 3862 lucem
692 3804 823 3881 prolerre
920 3807 1133 3870 coruscantium
1147 3803 1408 3876 PilliEGlllNUS,
1427 3816 1518 3880 supra
1534 3809 1552 3858 t.
1567 3801 1588 3858 4.

106 3893 183 3952 idem
208 3897 337 3970 Lagctus
357 3897 382 3969 o)
405 3894 532 3954 libenter
551 3895 666 3956 voluit:
699 3886 823 3954 Dubito-
877 3917 944 3979 pag.
969 3901 1037 3960 334.

107 3981 198 4056 bilia,
231 4002 298 4045 cnm
332 3986 577 4065 responsionibus
607 3988 648 4048 od
674 3988 822 4068 quaedam
917 3994 1157 4054 PEllEGlllliUS
1179 3994 1244 4052 sive
1268 3988 1513 4049 PELEGRlldUS
1532 3984 1589 4066 spi

107 4076 311 4154 cupr'lomissa
328 4079 369 4137 ad
386 4080 561 4158 Pontificem,
578 4083 754 4160 Gregorium
770 4085 821 4143 lx.
875 4105 982 4166 scopus
1015 4087 1229 4149 laureacensis
1262 4079 1393 4157 (torci,
1418 4083 1446 4140 in
1479 4083 1587 4148 Norico,

150 4171 274 4230 Summa
291 4172 411 4249 quondo
424 4174 576 4251 poetritens
591 4175 705 4236 remitti
718 4173 825 4236 deberit
876 4183 1063 4256 Germaniae}
1084 4183 1162 4240 circa
1184 4180 1240 4238 dn.
1264 4176 1332 4234 9744.
1356 4171 1587 4252 scriotorbreris

109 4261 150 4321 “d
165 4263 359 4341 interiorem,
877 4272 1010 4354 symboli
1030 4273 1132 4346 Fieiea‘,
1154 4271 1234 4348 quod
1254 4271 1283 4328 in
1302 4267 1588 4346 Orthodorogmphis

152 4357 311 4416 Tr⁰⁰⁸⁰²¹⁸⁸
330 4356 366 4417 (44
383 4355 457 4417 44440
479 4365 508 4417 44
526 4358 630 4420 44444444·
876 4371 1015 4445 utrisque
1031 4375 1061 4427 et
1077 4370 1105 4426 in
1121 4364 1315 4426 Bibliothecis
1327 4364 1450 4422 Petrum
1463 4363 1585 4437 44444444

150 4614 175 4670 a)
193 4611 451 4676 Cuuedtmcrempia
479 4612 553 4677 hujus
582 4614 701 4667 editionis
724 4624 824 4667 Annum
873 4623 916 4667 tac
934 4616 1101 4675 Quettltom.
1118 4618 1128 4665 4
1148 4630 1208 4678 pag.
1225 4615 1279 4663 404.
1297 4615 1342 4662 4444
1369 4605 1584 4662 Antonianum!

108 4683 176 4739 tore.
194 4687 346 4752 presterum.
874 4704 921 4753 4444
945 4690 986 4739 tt·

150 4761 177 4819 o)
196 4766 302 4814 Journal
316 4766 359 4816 des
375 4769 434 4815 4444.
447 4761 664 4813 47444.’44444444444;
682 4777 707 4824 o.
724 4766 779 4814 5534
920 4765 947 4822 b)
965 4764 1097 4814 Nwttiitt
1113 4765 1249 4814 litterslres
1264 4771 1329 4813 4441*
1346 4765 1378 4812 ¹·
1396 4775 1422 4824 m
1442 4761 1496 4810 9⁰²

152 4835 176 4891 e)
195 4839 358 4901 Beuglrrmius
377 4841 499 4891 4444444444),
516 4839 665 4900 trangressi.
682 4854 737 4903 pag.
773 4840 827 4889 447.
921 4839 945 4898 c)
962 4842 1092 4887 usmotroa
1108 4841 1138 4888 de
1154 4843 1267 4888 Tretous
1288 4839 1360 4888 4747.
1379 4839 1454 4886 llere.
1469 4849 1494 4897 44.
1510 4830 1558 4880 444·
