3622 5406
735 227 956 292 PAULUS

131 339 179 399 adii
209 333 379 410 Godioihus,
411 337 490 396 sicut
523 337 601 414 opud
649 339 810 400 honorium
870 336 999 414 plurium
1023 336 1196 399 chartarum
1218 339 1352 403 ciusdem
1372 340 1510 402 Goanohli
1527 345 1587 405 coi-

126 447 225 510 quoqoc
244 429 278 488 ll.
300 427 349 488 7i.
367 445 419 506 pro
440 428 548 501 Paulo,
568 429 648 492 hunc
665 433 815 495 PEi'ltUii
871 429 957 491 lectio
978 430 1015 492 ob
1036 429 1092 491 hoc
1113 431 1255 492 liooacho
1284 434 1443 507 contrata,
1463 437 1511 496 cui
1543 437 1587 496 hi-

124 520 285 584 Poroiooitim
303 523 403 582 vocari
418 521 533 583 videas.
549 523 731 588 rathamim
749 543 813 608 cap.
871 526 980 586 storioa
1001 524 1150 602 quaedam
1175 527 1382 588 intermiscuit.
1404 529 1489 606 Opus
1505 529 1584 591 istud

124 618 178 678 ild.
196 622 317 676 sautem
339 614 406 694 eius
428 615 519 676 relect
539 615 577 676 ad
599 617 633 677 Α.
652 619 687 678 G.
706 620 774 682 iso.
871 619 901 676 iu
922 617 1013 678 libros
1032 617 1172 678 distinxit
1193 618 1288 692 duos,
1311 633 1445 698 quorum·
1458 623 1584 699 priorem

153 708 299 770 Philthll
320 707 356 770 do
376 707 533 770 roxiace.
553 711 649 788 Supra
676 715 706 772 in
730 713 817 776 Phii—
871 715 1041 789 inscripsit:
1073 709 1164 772 Liber
1195 713 1316 790 liuponi
1325 753 1335 784 ,
1360 714 1438 791 quod
1472 715 1588 776 scilicet

122 805 160 865 ιθ
177 799 428 880 udoahurpami.
582 853 585 860 .
650 843 653 854 ·
870 823 975 868 omncs
996 809 1150 867 contineat
1172 807 1343 882 largitiones
1370 807 1407 867 ab
1429 809 1587 886 liaganonc

153 893 287 956 ciuilis
315 895 351 955 ds
382 893 495 968 Ponto,
517 898 662 959 Patricius
690 900 815 962 iadren-
869 902 1018 980 Episcopo
1038 899 1216 961 &ructensi
1233 901 1411 961 ttooasterio
1432 901 1588 962 carthusi·

121 991 170 1062 sis,
184 991 267 1065 ouius
286 986 458 1050 homesta
470 991 508 1050 ab
519 990 555 1052 h.
566 991 653 1055 itii.
669 995 705 1055 ad
724 995 815 1058 iiiii.
868 996 934 1056 ensi
957 994 1128 1072 praestitas.
1151 993 1286 1054 Alterius
1302 993 1410 1054 titulus
1424 1001 1482 1054 cst.
1499 992 1588 1056 tiber

118 1081 356 1144 ediditlo.Luoius
367 1085 395 1142 in
410 1093 464 1145 suo
478 1085 734 1165 Dalmatiapiid.
744 1089 816 1151 iss.
870 1085 1058 1167 llopcrisredr',
1074 1090 1268 1164 continetque
1283 1087 1588 1168 similcalargitiooes

150 1175 285 1237 Plutus
298 1174 414 1248 Porro,
431 1179 459 1236 io
477 1177 584 1240 Schola
601 1181 747 1259 Syrorum
768 1175 837 1243 lii?
869 1182 916 1243 ob.
937 1183 993 1259 Ep.
1024 1182 1204 1242 Garooteosi
1235 1181 1301 1242 cius
1333 1183 1464 1242 nominis
1495 1183 1587 1244 lactes

118 1267 212 1328 siheosi
232 1267 375 1342 edoctus,
390 1267 479 1345 cujus
498 1273 616 1348 regulas
632 1272 669 1332 ad
690 1276 720 1335 S.
738 1273 817 1336 sori·
872 1277 1062 1336 monasterlo.
1096 1275 1179 1334 Vixit
1209 1287 1306 1353 usquo
1327 1274 1364 1336 ad
1386 1279 1500 1342 exitum
1523 1290 1588 1338 sae-

116 1368 217 1440 pturum
238 1362 462 1441 intelligendam
480 1363 582 1426 iaudat
599 1367 731 1429 lunilius
745 1367 817 1430 Alea
871 1369 933 1430 culi
955 1369 1006 1431 xi.
1029 1369 1046 1405 *
1173 1390 1177 1404 ¹

115 1455 191 1534 praei.
208 1455 242 1516 ad
267 1455 359 1516 libros
379 1455 417 1516 do
437 1457 573 1534 partibus
604 1461 729 1522 Diuinae
763 1464 816 1523 Lc-
922 1461 1069 1524 erutus
1091 1460 1231 1536 Piloros,
1248 1466 1296 1524 vir
1311 1465 1458 1542 elegantis
1483 1466 1592 1527 doctri-

113 1549 166 1625 gis:
186 1556 315 1612 testatus
348 1567 381 1610 se
413 1567 483 1611 eum
514 1552 679 1631 Epistulam
702 1555 738 1616 od
761 1558 817 1616 ilo-
873 1571 928 1616 nac
947 1555 1072 1617 Saeculo
1087 1557 1150 1618 XV.
1168 1559 1219 1632 qui
1234 1563 1354 1636 praeter
1367 1559 1538 1620 Orationem
1557 1562 1586 1620 in

114 1659 203 1704 manus
234 1646 486 1722 interpretantem
514 1646 676 1707 audivisse.
700 1649 743 1710 De
763 1652 817 1712 lu·
869 1649 976 1709 laudes
992 1650 1111 1710 Antonii
1127 1651 1236 1725 Lucci,
1254 1653 1400 1714 vicentini
1417 1653 1444 1728 a)
1457 1655 1589 1714 instituit

115 1735 172 1795 uilio
190 1739 239 1814 qui
262 1740 341 1799 circo
362 1738 398 1798 h.
418 1737 488 1800 550.
519 1739 626 1804 claruit
657 1743 686 1802 in
716 1741 814 1804 hirica
869 1741 1589 1824 helianomanapoematalatrocinari-aregio-

116 1827 173 1888 vidc
191 1839 282 1910 supra
305 1837 378 1891 tom.
400 1832 416 1890 i
441 1849 507 1911 pag.
529 1833 597 1892 i83.
871 1841 944 1898 riam
962 1839 1074 1897 nomini
1089 1846 1316 1917 comparaturus
1334 1853 1397 1898 suo.

147 1922 286 1986 rhuous
307 1926 464 1986 Solucuiu's
495 1924 531 1986 dc
560 1927 702 2004 Pcruoio,
723 1927 815 1992 icens
880 1947 905 1996 st
921 1949 1040 2008 coeptam
1059 1945 1156 1996 intorsi
1173 1953 1318 2007 opoa,ooo
1331 1947 1554 1996 carmiuaaommo

112 2023 138 2074 et
154 2019 291 2096 Magister
308 2018 505 2080 Bibliothecae
523 2021 646 2098 Ruperti
666 2022 756 2102 nagia
771 2025 816 2084 Sl·
845 2031 864 2038 ”
881 2021 1015 2072 romuleas
1028 2022 1096 2072 ⁸⁶¹0·
1109 2019 1212 2070 atheus
1227 2019 1339 2082 ingenua
1349 2022 1460 2083 icrlprit

111 2109 184 2170 cil'uc
207 2114 291 2172 circa
321 2113 378 2172 ho.
407 2111 493 2173 lato.
522 2129 613 2190 quem
643 2131 817 2177 memorans
915 2111 991 2172 Vide
1006 2111 1148 2172 vossium
1164 2127 1231 2188 pag.
1245 2110 1313 2170 797.

112 2203 285 2267 Trithomius
300 2221 366 2283 copi
385 2204 453 2266 ost.
472 2205 539 2284 ejus
557 2207 661 2268 lsudat
674 2189 816 2283 volumno
915 2203 1064 2266 PAULUS
1079 2200 1249 2284 Presbyter.
1266 2205 1361 2282 Supra
1379 2203 1495 2266 Potitus
1511 2206 1589 2266 Puri-

112 2297 213 2376 insigoc
232 2297 505 2372 cothcomomn
517 2303 735 2378 quomultaait
750 2321 817 2364 esso
873 2301 989 2371 nonius,

110 2391 229 2465 iucundo
247 2400 284 2454 ct
301 2394 384 2454 utilia
400 2392 438 2453 do
455 2395 518 2454 Diis
536 2396 715 2474 gentilium,
731 2414 817 2476 argu·
913 2391 1060 2455 PAULUS
1074 2396 1224 2454 Diaconos
1237 2395 1388 2454 lismonam
1403 2393 1590 2454 ctdardino-

110 2489 272 2564 mentisque
290 2486 365 2562 aliis,
383 2487 430 2547 lix
447 2486 503 2547 hoo
517 2504 608 2565 opere
636 2487 681 2548 io.
710 2493 820 2552 Bocca-
872 2489 910 2548 lis
925 2487 1017 2565 cuius
1034 2503 1067 2548 sc
1089 2487 1213 2548 historia
1232 2504 1321 2548 usum
1342 2491 1488 2548 Martinus
1507 2490 1590 2548 Polo-

109 2578 166 2638 cius
182 2579 287 2641 lessus
302 2586 350 2640 est
364 2581 526 2657 proiecisse
547 2593 580 2642 so
605 2583 636 2642 in
664 2599 754 2662 opere
780 2569 818 2646 dc
876 2597 934 2642 nus
953 2581 1085 2652 indicat,
1101 2597 1161 2642 non
1177 2582 1251 2642 ulios
1268 2583 1371 2659 utiquc
1388 2583 1442 2641 luit
1459 2585 1476 2642 a
1497 2579 1590 2642 Potito

109 2668 281 2752 Genealogio
300 2675 440 2734 Deorum.
463 2675 654 2754 Augustinus
672 2689 745 2738 vero
771 2678 820 2740 Ol·
874 2673 1058 2754 iquitcjcnsi
1070 2675 1107 2734 ds
1124 2691 1184 2752 quo
1196 2687 1287 2752 supro
1300 2691 1365 2754 pag.
1379 2675 1589 2752 liiii-etqucm

109 2763 207 2828 doinus
225 2771 254 2828 in
287 2769 441 2840 Athenaeo
466 2770 602 2848 Augusto
614 2781 615 2786 ’
629 2787 694 2850 pag.
725 2774 816 2832 etiam
873 2769 911 2830 ab
927 2770 994 2830 ollis
1013 2770 1122 2838 etiam,
1141 2770 1281 2848 quamvis
1299 2776 1417 2846 praeter
1441 2783 1524 2841 rem,
1554 2770 1591 2827 ti-

108 2874 153 2918 ras
169 2863 189 2920 ὰ
206 2862 368 2923 Ρεηιιίιιίι
383 2869 483 2940 pericu
501 2864 618 2925 tradere
648 2869 814 2927 instituisso
877 2863 941 2928 tulo
958 2861 1126 2923 cardinalis
1143 2868 1349 2940 noncupatum
1368 2863 1500 2922 memini.

108 2959 136 3012 et
148 2959 263 3018 rutum
271 2956 395 3036 patrios
412 2953 501 3018 Urbis
517 2955 673 3020 ordinasse
690 2961 814 3022 Paulum
833 2996 835 3002 ·
916 2954 1110 3017 PhULUSdo
1125 2955 1592 3035 ltomo.hugustioiauus,dequo

107 3050 246 3125 perhibet.
872 3052 1004 3111 ioannes
1033 3049 1277 3128 Sohiphoverus,
1295 3049 1536 3128 Augustinianus
1556 3056 1588 3108 et

142 3143 293 3207 PAULUS
319 3146 481 3206 Monachus
505 3148 535 3207 S.
567 3147 654 3206 Petri
676 3147 709 3207 io
736 3142 818 3208 anie
873 3146 955 3222 ipsc,
974 3146 1003 3204 iu
1029 3144 1177 3204 Chronico
1204 3143 1452 3205 urchi-Comitum
1478 3141 1589 3204 Oidon-
1687 3211 1690 3216 ¹

103 3235 184 3313 juxto
200 3237 613 3311 carnotum,0rd.ltcned.
639 3239 706 3300 sec.
740 3241 818 3301 xiil.
871 3238 1065 3313 burgensium
1085 3223 1588 3318 adhn.i'i5i.apudllcihomium

104 3331 218 3408 scripsit
235 3332 393 3392 historiam
411 3330 492 3391 illius
503 3332 641 3392 Gocnobii
655 3339 687 3390 et
708 3333 817 3394 librom
872 3337 945 3390 tom.
964 3330 983 3390 2
999 3342 1065 3407 pag.
1085 3327 1153 3388 ⁴78.
1170 3329 1314 3408 Magister
1329 3329 1486 3390 Paulusde
1497 3331 1589 3390 Roma

104 3423 260 3486 subtituto
280 3422 515 3496 ithANONlS,
533 3425 727 3486 Caroolensis
739 3429 817 3488 circa
873 3423 966 3486 Prior
982 3421 1130 3502 quondum
1146 3422 1188 3482 od
1206 3425 1238 3484 S.
1257 3422 1387 3484 Mariam
1405 3422 1441 3482 de
1460 3420 1588 3500 populo,

102 3513 153 3577 liu.
166 3518 237 3578 910.
247 3519 400 3597 Episcopi.
412 3517 486 3578 Vide
497 3519 540 3576 io.
553 3518 819 3580 hironiilibiiothc-
874 3513 1033 3595 rioiopio
1050 3520 1080 3575 st
1093 3514 1174 3590 luris
1193 3513 1343 3593 Pontificii
1370 3514 1478 3574 Ductor
1507 3531 1590 3591 spra-

35 3643 37 3678 ι
102 3623 161 3670 oum
178 3608 409 3673 Barnutsnscm.
438 3627 502 3689 pag.
532 3613 580 3671 si.
610 3619 642 3672 et
669 3613 820 3696 Summar-
871 3611 948 3688 pius,
968 3609 1067 3670 Diuirii
1086 3606 1298 3688 verbiprocco
1312 3605 1588 3680 eccellentissimo,

35 3685 36 3710 ¹
102 3700 204 3766 uanas
221 3713 302 3766 om.
320 3705 367 3765 ιιι.
386 3723 415 3782 ρ.
435 3705 504 3765 sco.
519 3719 582 3782 seq.
600 3705 671 3766 aori.
694 3709 818 3784 primae.
876 3693 991 3763 iaham
1010 3702 1109 3762 sosoi
1134 3700 1238 3780 rapas
1253 3697 1291 3774 'ni
1317 3699 1588 3780 poenitentiarios,

139 3796 157 3830 ⁸
176 3796 286 3860 Crebri
316 3797 439 3858 Fabricii
460 3799 563 3875 lapsus
585 3799 632 3859 hio
653 3799 819 3878 conigenoi
872 3793 980 3877 quide
997 3811 1055 3858 usu
1074 3793 1590 3886 ctexercitioclaviumopuspuod-

100 3895 168 3950 suot
184 3907 224 3951 ex
244 3891 373 3951 historia
386 3891 531 3952 litteraria
544 3890 694 3952 Gallicano
707 3901 729 3951 t.
742 3894 816 3954 viii.
872 3889 942 3951 ooo
963 3904 1103 3968 magnum
1120 3895 1149 3948 cl
1164 3887 1449 3950 eccellentissimum
1476 3903 1590 3968 compo-

101 3995 161 4060 pog.
186 3985 251 4046 soi
271 3986 535 4046 cto.Paulusists
555 3987 718 4047 Saeculum
736 3987 818 4048 xiil.
872 3983 1127 4061 auithpologiam
1150 3986 1242 4048 nostri
1281 3983 1414 4057 ordinis,
1437 3983 1588 4043 arvitam

98 4078 232 4156 attigisse
270 4092 461 4157 nequaquam
489 4083 609 4158 potuit,
636 4096 705 4142 cum
740 4088 819 4143 anno
873 4075 1083 4137 sanctissimae
1100 4081 1255 4135 matronae
1281 4078 1412 4135 hlooicae
1436 4093 1587 4156 pcrpuom

35 4241 36 4246 ἵ
102 4167 182 4231 ilis.
202 4172 270 4250 jam
293 4173 471 4234 ilooaohum
498 4182 610 4251 agerat,
632 4174 731 4249 ,Liber
762 4175 819 4236 lla-
882 4169 1000 4248 eprcpio
1025 4166 1185 4247 descripsit
1218 4167 1332 4228 Multos
1361 4168 1428 4228 irem
1456 4170 1590 4248 egregios

99 4267 221 4340 mutuis
245 4263 323 4325 nihii
345 4273 393 4324 est
413 4264 492 4327 aliud
515 4279 605 4344 quam
619 4269 678 4346 ¹qul
705 4267 754 4330 hic
774 4271 818 4330 ιῃ.
873 4260 1140 4321 troctotuccdldit:
1153 4261 1424 4321 cucumeroaetr'om
1434 4279 1590 4322 sermones

99 4357 262 4420 scribnur:
285 4357 422 4419 historio
442 4360 473 4422 s.
497 4359 580 4419 Psoi
599 4360 630 4420 in
655 4358 740 4422 volta.
761 4365 818 4424 lle-
870 4359 933 4416 tom
951 4353 993 4414 od
1009 4352 1170 4432 Collegium
1184 4354 1500 4416 moermdiasimorum
1513 4355 1590 4417 Gar-

97 4465 152 4526 que
172 4454 306 4531 insuper
327 4453 450 4513 historia
472 4455 530 4514 ista
550 4453 630 4515 aliud
657 4460 705 4515 ast
725 4471 816 4534 quam
871 4445 1032 4521 divitium,
1049 4461 1152 4508 curam
1167 4448 1293 4511 summit
1312 4445 1587 4526 Pancharianam

133 4693 159 4752 a)
177 4696 262 4755 liujus
283 4695 415 4755 inquisitio
432 4699 484 4748 siro
499 4702 565 4744 notu
577 4695 606 4746 in
619 4695 761 4745 Orationes
778 4696 821 4745 XI.
912 4700 940 4762 h)
956 4704 995 4752 Pil
1013 4705 1043 4749 it.
1061 4709 1089 4753 Α.
1105 4701 1173 4752 iiol.
1185 4707 1256 4767 cujus
1271 4704 1348 4750 ctiam
1361 4703 1529 4750 concionator
1545 4713 1591 4750 or·

96 4765 224 4817 Ciceronis
244 4769 364 4832 prodiero
380 4772 408 4819 lo
424 4772 534 4821 editione
557 4773 650 4820 Veneta
668 4775 696 4821 A.
715 4767 785 4818 1477.
804 4769 821 4819 i.
865 4771 981 4826 dlnorlus
1006 4775 1072 4836 luit,
1090 4790 1140 4838 quo
1158 4778 1187 4825 in
1204 4789 1311 4824 munera
1337 4772 1542 4835 dempserit,
1561 4780 1590 4822 ut

95 4841 228 4894 indeindc
244 4845 520 4905 saopluacilamaiihl.
533 4846 591 4908 ilius
610 4845 722 4894 nomam
738 4845 819 4908 pudi-
868 4855 954 4899 narrat
978 4851 1076 4900 itlsslui
1100 4863 1156 4913 pagv
1174 4851 1229 4898 lilio.
1250 4855 1281 4898 nr
1295 4843 1429 4896 roriiiiirut
1445 4849 1469 4898 S.
1489 4845 1602 4897 Pontus.

100 4913 176 4966 rictu
196 4926 290 4969 artare
306 4923 404 4970 notarit
419 4925 555 4985 hoealgius
574 4926 599 4972 ιιι
618 4921 680 4970 iiiiii.
868 4925 1000 4974 dicontur
1016 4929 1167 4986 ,superstas
1185 4924 1268 4975 adhuc
1288 4930 1333 4974 ιιι.
1351 4922 1420 4972 liii.
1517 4951 1520 4960 ·
