3658 5412
297 217 355 282 tot
919 213 1187 280 SIDONIUS

296 337 380 402 rato,
401 333 433 384 ct
454 311 577 402 quidum
601 323 687 384 titulo
708 322 775 402 ejus
801 326 877 385 male
910 327 1025 387 intelle·
1075 325 1143 386 dem
1164 326 1324 390 editionem
1345 331 1381 392 ab
1401 334 1543 412 aliquibus
1557 337 1754 400 Fraucuiurtiot

294 429 363 498 cto,
384 421 529 496 originem
554 415 651 476 babet.
674 415 759 477 Idde
781 416 933 478 Oudinum
953 427 1024 479 tom.
1080 418 1292 498 Heidelbergae
1310 431 1441 485 curatam
1463 444 1528 488 esse
1548 430 1681 508 legerant.
1705 433 1758 492 Edi·

293 517 343 576 444.
367 531 432 593 pag.
455 512 504 570 88.
546 505 550 514 '
767 511 775 524 '
1079 513 1189 570 tionem
1212 511 1252 571 Io.
1275 513 1433 576 Savaronis
1460 519 1573 580 Parisiis
1602 537 1637 580 ex
1662 524 1755 584 44444444
1796 581 1800 596 ,

334 608 430 686 Cujus
460 601 572 665 Sollius
601 600 791 684 Apollinaris
829 603 1023 681 SIDONIUS,
1078 604 1371 685 Plautioiana,apud
1392 607 1563 672 Hadrianum
1577 614 1756 688 Perianiiiil.

178 687 183 694 ’
295 700 386 779 vulgo
408 696 564 759 Sidonium
585 694 791 773 Apollinarem
815 704 944 764 vocant,
973 714 1023 773 pa·
1078 697 1105 754 4.
1127 695 1242 758 dudum
1265 699 1420 775 possideo,
1442 719 1478 762 ex
1506 703 1669 765 bibliotheca
1697 705 1757 765 ibo

294 795 351 852 tria
373 789 591 868 Lugdunensis
613 806 650 849 ex
673 788 799 864 Galliis,
821 795 911 850 natus
937 791 1022 849 circi·
1076 805 1142 848 mae
1158 790 1246 867 ittigii
1264 809 1455 871 capannore
1477 803 1754 875 comparatam,quan
1812 815 1813 840 4

294 893 341 944 ter
354 901 381 944 4.
399 883 473 944 436.
492 885 656 958 Postquam
674 881 772 942 studia
790 882 943 942 literarum
960 899 1018 942 noo
1075 882 1166 959 igitur
1185 899 1295 960 negare
1309 901 1367 945 noo
1382 886 1525 946 debebant
1541 889 1675 948 ductores
1688 888 1755 948 modo
1812 879 1813 882 ’

291 977 481 1038 mediocriter
503 980 710 1044 tractaverat,
730 973 819 1032 Avito
841 981 873 1066 et
904 973 1019 1034 444444-
1076 972 1202 1033 laudati.
1222 975 1262 1034 Et
1283 976 1356 1038 haec
1379 979 1440 1056 ipsa
1460 977 1546 1038 editio
1563 981 1755 1040 commentariis
1812 961 1813 980 ¹

291 1072 349 1130 mio
370 1069 517 1146 Augustis
548 1072 653 1143 gratus
686 1065 762 1140 iuit,
794 1065 830 1125 ad
863 1065 1018 1126 Senatoris
1071 1072 1119 1126 sat
1140 1068 1248 1144 spissis
1268 1069 1752 1147 ostiustruota.blteramejusden

290 1163 413 1222 44444444
434 1171 465 1219 44
488 1159 631 1219 Praefecti
649 1159 735 1218 Urbis
750 1157 928 1236 dignitatem
946 1173 1017 1218 eve·
1071 1161 1233 1220 Savarouis
1256 1161 1362 1222 ibIdem
1382 1163 1467 1222 4669.
1485 1163 1512 1221 4.
1530 1166 1689 1241 impressam
1704 1167 1753 1241 ipse

290 1269 377 1328 ctus,
400 1251 522 1313 4445444
544 1249 1016 1329 4474.Ερί44ο4444]44444444-
1069 1269 1189 1329 quoque
1223 1250 1304 1326 vidi,
1325 1260 1357 1312 et
1384 1271 1452 1314 cum
1485 1257 1627 1332 superiore
1653 1254 1752 1314 contuli.

289 1354 381 1405 tanus
402 1346 431 1403 io
454 1344 619 1416 Arvernis,
642 1348 781 1403 mortuus
803 1361 829 1402 a.
854 1343 925 1402 488.
956 1343 1015 1402 vel.
1069 1343 1239 1404 Editionem
1263 1361 1334 1406 vero
1357 1345 1434 1406 illius
1455 1348 1518 1405 siue
1544 1347 1752 1405 annotationibus

291 1439 358 1497 489.
382 1438 479 1496 Vitam
501 1435 567 1512 ejus
591 1435 728 1513 pluribus
750 1435 851 1495 verbis
872 1444 1014 1495 enarrent
1071 1436 1164 1496 iateor
1191 1436 1260 1496 mibi
1280 1453 1401 1514 prorsus
1422 1453 1488 1497 esse
1503 1437 1751 1517 ignotaml'audem

289 1533 403 1591 ductor
422 1545 640 1606 anonymusox
665 1531 723 1588 bis.
745 1528 897 1589 Orteiiano
912 1527 1012 1588 editus
1072 1527 1250 1588 sirmondus
1270 1528 1307 1588 de
1329 1527 1446 1588 Sidonio
1466 1530 1539 1590 bene
1560 1529 1750 1601 mererivoluit,

289 1623 346 1683 sub
368 1623 457 1682 finem
481 1621 619 1681 editionis
643 1622 854 1687 Wowerianae.
888 1636 915 1696 p.
942 1619 1009 1679 492.
1069 1621 1233 1698 ipsumque
1256 1623 1346 1681 Paris.
1371 1622 1458 1682 4644.
1479 1629 1509 1681 et
1528 1622 1610 1683 4652.
1629 1637 1690 1681 cum
1711 1638 1751 1680 ao·

288 1717 372 1775 ioan.
394 1715 527 1789 Savaro,
550 1717 689 1792 quicum
711 1716 875 1774 maximam
893 1719 1008 1789 partem
1066 1720 1128 1772 not.
1151 1712 1266 1787 edidit,
1288 1729 1365 1791 quas
1386 1715 1415 1774 io
1437 1721 1559 1790 utraque
1577 1729 1689 1792 operum
1703 1713 1750 1771 Sir·

288 1825 324 1867 ex
347 1807 468 1885 scriptis
489 1809 620 1867 auctoris
640 1806 769 1882 collegit.
791 1803 875 1865 Adde
904 1805 1011 1864 4444444-
1066 1805 1166 1865 moudi
1188 1805 1316 1865 editione
1332 1806 1475 1865 invenies.
1492 1807 1585 1866 Editio
1601 1807 1695 1884 ipsius,
1708 1804 1747 1864 sed

287 1919 319 1961 ra
336 1901 465 1960 literaire
487 1899 524 1959 de
547 1900 572 1960 la
592 1901 611 1959 F
616 1915 704 1959 rauce
722 1909 793 1958 tom.
808 1899 844 1958 ll.
859 1914 924 1975 pag.
941 1897 1009 1958 556.
1065 1899 1131 1957 4444
1151 1898 1420 1970 annotationibus,
1442 1900 1548 1958 inserta
1560 1907 1605 1957 est
1618 1897 1749 1958 Bibliotbe

288 1997 318 2052 l'.
339 1992 377 2051 de
398 1992 520 2051 Colonia
543 1991 612 2050 bist.
639 1990 769 2050 literaire
790 1989 827 2048 de
846 1989 1010 2051 4444144444
1065 2007 1117 2050 cae
1139 1993 1190 2050 Pr.
1210 1993 1356 2050 maximae
1378 1998 1399 2049 t.
1421 1991 1468 2050 44.
1488 2007 1515 2068 p.
1533 1989 1614 2051 4677.

290 2085 371 2142 Lion.
392 2100 423 2159 p,
444 2088 456 2142 4
464 2083 511 2144 52.
533 2083 684 2142 labbeum
706 2076 746 2141 de
765 2081 870 2159 Script.
894 2083 1010 2142 Eccles.
1105 2085 1281 2161 Sequuntur
1295 2081 1419 2142 Nomina
1441 2081 1597 2155 eorum,ad
1611 2081 1748 2159 qoosscri·

289 2183 380 2232 tomo.
402 2175 439 2234 44.
460 2190 488 2250 p.
510 2175 578 2234 ato.
601 2181 631 2233 et
652 2175 736 2234 alios.
1066 2181 1133 2252 ptae
1151 2175 1389 2252 suntEpistolac
1407 2172 1748 2249 Sidonii,exquibusp1e

280 2293 284 2303 ν
326 2267 371 2326 Ε4
393 2267 513 2343 scriptis
533 2266 600 2344 ejus
622 2272 787 2344 supersunt
807 2270 833 2327 4.
865 2265 1010 2329 Carmina
1066 2270 1151 2345 rique.
1170 2267 1293 2328 luerunt
1311 2265 1427 2340 eruditi,
1446 2265 1492 2325 vei
1503 2262 1667 2325 eruditionis
1678 2263 1746 2322 atrei

287 2357 386 2418 XXIV.
412 2359 578 2436 inquibus
605 2367 678 2420 sunt
699 2360 815 2437 aliquot
836 2361 1010 2439 panegyrici
1065 2359 1252 2421 Christianae
1277 2359 1417 2420 lautores.

287 2469 345 2512 non
368 2455 433 2511 sine
454 2452 558 2513 afflatu
582 2455 697 2530 poetico
720 2452 867 2532 producti
889 2450 1010 2530 2:13pi-
1104 2452 1271 2528 Agricolae,
1294 2449 1319 2509 I.
1339 2451 1366 2510 2.
1389 2451 1423 2509 44.
1449 2450 1495 2509 42.

284 2541 430 2604 stolorum
451 2541 590 2605 44644174.
611 2561 649 2604 ex
682 2546 791 2623 quibus
824 2561 872 2604 res
908 2550 1010 2620 gestae
1107 2544 1265 2622 Agroetio,
1289 2542 1350 2604 444.
1371 2545 1400 2604 5.

285 2637 402 2696 illorum
426 2645 595 2716 temporum
622 2653 679 2697 non
715 2638 904 2697 mediocriter
942 2637 1008 2695 illu·
1106 2635 1282 2710 Ambrosio,
1306 2637 1352 2695 44.
1374 2637 1401 2695 9.

284 2728 1003 2791 strautur.³.Sermot'nelectiouelienedictiSr'm·
1101 2729 1199 2806 Apro,
1222 2729 1271 2788 44.
1290 2729 1341 2790 24.
1360 2729 1394 2789 4.
1418 2729 1464 2788 44.

202 2871 208 2884 ,
279 2815 367 2898 plico·
380 2865 387 2892 ,
420 2821 648 2881 Br'turIcenainm
662 2821 800 2900 Episcopi
809 2819 943 2894 babitus,
961 2822 1002 2882 le·
1098 2821 1293 2899 Aprunculo,
1311 2823 1362 2881 tx.
1383 2822 1432 2881 46.

283 2913 363 2990 gitur
385 2921 451 2989 post
472 2915 628 2991 epistolam
641 2916 692 2975 IX.
709 2916 775 2975 iibri
788 2917 848 2976 444.
860 2916 1000 2992 Reliqua,
1096 2914 1267 2992 Apollinari,
1285 2913 1330 2974 444.
1354 2914 1400 2973 43.
1423 2911 1467 2971 44.
1490 2913 1516 2969 4.
1538 2911 1563 2968 6.
1588 2910 1618 2968 4.
1639 2911 1665 2968 3.
1683 2911 1706 2965 b.

282 3021 360 3080 quae
382 3005 420 3065 ab
441 3007 504 3083 ipso
525 3003 584 3067 'vel
617 3010 783 3085 promissa,
816 3009 863 3067 vel
895 3008 1000 3067 eiiecta
1097 3006 1256 3084 Aquilino,
1278 3007 1310 3065 V.
1332 3007 1360 3067 9.

283 3103 376 3170 sunt,
398 3098 446 3157 vel
468 3101 558 3158 etiam
582 3098 689 3175 injuria
712 3108 881 3178 temporum
907 3102 1002 3177 perie-
1098 3099 1284 3177 Aruogasti,
1305 3100 1353 3159 44.
1375 3097 1421 3159 47.

183 3207 186 3212 ·
289 3195 378 3262 runt,
401 3197 560 3250 recensent
581 3192 719 3266 Caveus,
749 3195 874 3253 ilistoria
907 3193 1005 3252 litera·
1098 3191 1219 3266 Attalo,
1240 3193 1273 3252 V.
1297 3192 1345 3252 48.

282 3281 322 3338 444
345 3283 453 3356 citata,
475 3289 505 3342 et
527 3283 639 3343 Auctor
661 3283 851 3362 praelationis
872 3284 909 3344 ad
931 3301 1001 3361 opo-
1096 3283 1205 3358 44444,
1228 3285 1276 3344 llI.
1303 3289 1333 3345 4.

281 3373 999 3454 raSirmondi,quiCaveumaliqootiesemendat.
1096 3375 1230 3453 Audaci,
1253 3377 1330 3438 4444.
1353 3375 1379 3435 7.

321 3464 473 3526 Editiones
494 3466 560 3543 ejus
581 3467 763 3529 adnotarunt
792 3471 937 3530 Daumius
970 3469 998 3527 in
1097 3469 1256 3546 Auspicio,
1278 3469 1343 3529 444.
1362 3472 1410 3530 46.

280 3558 400 3634 Syllaba
422 3557 581 3630 Poetarum
609 3560 868 3633 Christianorum,
901 3560 1000 3619 Fabri·
1096 3560 1220 3644 Basilio,
1243 3562 1304 3622 444.
1326 3563 1354 3620 6.

278 3652 344 3709 cius
366 3652 394 3708 iu
416 3651 595 3712 bibliotheca
619 3654 721 3712 Latina
738 3659 769 3710 et
789 3654 936 3713 ductores
953 3653 1000 3711 444·
1095 3653 1317 3730 Burgundioni,
1340 3654 1390 3713 IX.
1415 3654 1463 3710 44.

280 3745 389 3802 4444444
410 3743 556 3804 literariae
577 3747 693 3804 citatae.
720 3745 799 3817 Noe,
816 3761 910 3821 quum
941 3759 998 3802 non
1097 3745 1264 3817 Calminio,
1288 3747 1319 3804 V.
1343 3745 1391 3806 42.

278 3831 439 3894 admodum
463 3835 574 3895 multae
596 3839 679 3904 sint,
701 3853 753 3896 aas
772 3837 880 3913 paucis
914 3851 999 3913 repe·
1096 3838 1279 3915 campanio,
1303 3839 1323 3896 4.
1348 3837 1394 3897 46.

281 3932 390 3986 temus.
414 3929 510 3989 Prima
531 3938 578 3988 444
598 3930 643 3991 lo.
664 3929 747 4007 Bapt.
767 3929 806 3988 444
828 3943 898 3988 cum
919 3943 999 3988 com·
1094 3931 1295 4004 Candidiano,
1318 3931 1338 3990 i.
1361 3931 1388 3989 8.
1410 3932 1452 3991 14.
1474 3931 1502 3989 3.

282 4027 375 4076 ruent.
395 4019 509 4079 blediol.
531 4023 618 4081 4498.
642 4022 692 4082 iol.
713 4024 840 4100 repetita
861 4022 899 4081 ab
921 4022 998 4080 lien·
1094 4024 1256 4098 Censorio,
1279 4025 1327 4084 44.
1344 4024 1390 4085 46.

282 4110 341 4168 rico
364 4110 440 4167 Petri
460 4112 548 4170 64441.
572 4115 659 4174 4542.
682 4115 710 4173 i.
731 4115 906 4192 Sequuntur
926 4115 998 4173 744-
1093 4115 1310 4192 chariabaudi,
1333 4115 1392 4176 444.
1416 4115 1463 4175 46.
1576 4151 1579 4158 .

281 4200 440 4271 nuesiana,
463 4201 553 4278 Lugd.
578 4205 665 4266 4552.
677 4207 705 4266 8.
717 4207 897 4267 basileensis
910 4205 996 4267 4597.
1093 4206 1276 4270 Claudianus
1297 4207 1435 4278 Sidonio,
1456 4207 1502 4281 44.
1524 4205 1550 4264 2.

279 4291 307 4348 8.
330 4289 553 4352 Woiverianam
576 4299 702 4372 priorem
724 4315 795 4359 oum
817 4307 918 4359 annot.
947 4301 996 4358 l’e·
1092 4299 1275 4376 Claudiano,
1300 4302 1347 4361 44.
1369 4301 1396 4359 3.
1420 4299 1451 4358 4.
1473 4299 1500 4356 8,

281 4383 317 4440 444
339 4380 451 4458 Colvii,
476 4383 566 4460 bugd.
590 4389 636 4446 vei
657 4392 746 4464 Paris,
778 4392 866 4451 4598.
887 4393 906 4448 8
938 4406 995 4450 444
1095 4392 1278 4467 Constantio,
1296 4395 1320 4452 4.
1334 4396 1360 4452 i.
1377 4394 1422 4451 444.
1442 4393 1469 4450 2.
1489 4390 1546 4450 444.
1565 4389 1606 4449 48.
1629 4385 1694 4448 4444.
1708 4379 1738 4441 46

280 4474 361 4548 vidi,
382 4476 507 4536 alteram
530 4484 629 4536 tamen
653 4482 912 4561 llanoviao,typis
928 4483 998 4544 We·
1096 4485 1282 4560 Consentio,·
1301 4485 1377 4545 4444.
1398 4485 1424 4541 i.

278 4566 422 4627 cbelianis
444 4569 533 4630 4647.
554 4571 582 4628 8·
605 4587 620 4630 a
652 4573 846 4657 Ceverbardo
878 4577 997 4635 4444444-
1096 4576 1292 4644 Desiderato,
1316 4577 1351 4636 ll.
1374 4579 1401 4634 8.

281 4657 394 4718 irorstiu
413 4671 548 4722 curatam
571 4665 709 4726 manibus
730 4675 826 4728 tenco.
844 4669 917 4729 lude
934 4683 998 4728 ces·
1093 4671 1272 4740 Dommitio,
1296 4668 1342 4728 44.
1365 4667 1413 4726 26.

279 4749 357 4807 subit
378 4755 561 4831 scrupulus,
583 4775 673 4834 quem
707 4761 762 4820 sibi
790 4761 907 4840 fingunt
938 4771 996 4823 Au·
1096 4763 1238 4833 Donidio,
1262 4763 1296 4822 44.
1320 4763 1367 4820 26.

280 4846 379 4901 utores
401 4845 473 4904 llist.
497 4847 642 4910 literariao
666 4871 693 4929 p.
720 4853 786 4914 572.
821 4853 894 4914 dum
916 4841 994 4933 ,ean-
1092 4857 1259 4930 llarnnulo,
1283 4855 1329 4914 44.
1352 4854 1405 4913 25.
