3368 5362
171 219 233 282 650

173 328 312 389 dumab
338 328 424 388 hoste
455 326 664 408 negliguntur,
694 336 794 408 optato
827 327 885 388 fine

173 440 232 483 non
254 430 384 484 careant.
409 423 495 486 Nullo
525 432 625 485 autem
659 424 746 486 modo
777 424 883 484 barum

174 534 294 593 rerum,
313 521 390 578 sicut
408 536 462 579 nec
476 522 583 580 aconiti
604 520 769 599 periculum
789 522 818 579 in
835 519 886 579 bo-

163 613 254 690 ,mine
275 615 369 672 amico
392 614 453 673 fieri
476 615 595 674 vellem.

215 706 387 768 Curandum
409 710 465 768 erit
486 710 594 787 igitur,
615 716 646 770 ut
669 709 707 769 ab
728 709 886 788 iiscogila-
916 771 919 774 ,

175 801 305 861 tionibus
325 803 446 863 errulum
481 805 571 863 animi
604 811 798 879 avertantur;
831 819 886 862 nec

177 893 234 954 ulla
257 898 325 967 via,
347 913 423 973 quae
444 898 488 956 eis
508 897 673 971 conducat,
696 900 725 957 in
759 898 884 975 patriam

176 987 336 1049 reducendi
351 999 465 1066 erunt,
496 992 548 1052 sed
583 996 680 1072 potius
712 999 763 1052 aut
795 992 885 1051 variis

177 1085 303 1161 negotiis
327 1085 507 1164 occupandi,
529 1093 581 1147 aul
614 1088 642 1146 in
675 1085 801 1164 alicujus
834 1085 884 1143 libi

176 1180 411 1260 conjunctissimi
434 1184 531 1260 Regis,
546 1182 593 1242 vel
611 1181 797 1259 Reipublicae
811 1178 886 1239 fines

176 1277 336 1355 relegandi.
367 1277 466 1356 Atque
489 1285 522 1339 ut
550 1278 626 1338 lianc
658 1286 772 1356 partem
804 1275 886 1336 brevi

178 1373 370 1444 concludem;
392 1375 525 1434 omnium
543 1373 663 1451 quidem
678 1375 824 1451 optimum
839 1376 886 1431 est

175 1466 246 1527 dare
267 1484 408 1547 operam,
430 1485 467 1528 ue
489 1468 529 1529 illi
551 1468 623 1528 daut
643 1469 768 1529 exules:
791 1467 887 1546 proxi·

178 1577 260 1621 mum
282 1577 372 1639 vero,
394 1568 428 1623 ut
449 1564 473 1622 si
495 1563 545 1642 qui
564 1563 632 1623 iacti
649 1563 774 1636 luerint,
795 1575 884 1638 quarn

176 1654 348 1733 longissime
368 1662 624 1718 summoveantur.

215 1749 361 1821 Quoniam
381 1757 481 1812 autem
504 1750 532 1809 lii
554 1756 671 1811 tantum
694 1751 796 1828 inopes
827 1748 888 1808 eri-

179 1845 294 1905 elimari
311 1845 427 1920 solent,
445 1846 494 1925 qui
513 1846 616 1904 amicis
628 1849 752 1904 carent:
769 1849 799 1902 et
815 1856 889 1919 quo-

176 1934 249 1997 tidie
270 1939 449 2017 experimur,
471 1939 583 2001 nullam
603 1954 670 1999 esse
692 1939 796 2011 vitam,
812 1951 889 2014 quae

179 2032 308 2092 amicitia
331 2048 388 2092 non
411 2040 515 2111 egeat,
547 2049 612 2093 earn
645 2031 692 2091 vel
726 2032 754 2089 in
787 2029 890 2107 primis

177 2124 306 2203 regendo
329 2127 450 2204 imperio
472 2128 599 2187 maxime
621 2126 818 2187 necessariam
844 2139 890 2182 ar·

178 2217 279 2279 bitrari
300 2219 463 2281 debemus:
485 2224 647 2282 amicorum
677 2221 757 2279 enim
789 2232 890 2294 respe-

178 2318 265 2386 ctus,
293 2317 513 2392 auctoritasque
545 2319 635 2375 etiam
667 2315 734 2373 sine
766 2317 889 2388 sumptu

179 2418 303 2480 eorum,
320 2414 352 2466 et
368 2409 477 2468 auxilio
495 2424 637 2487 persaepe
655 2423 709 2466 nos
727 2413 808 2466 tutos
826 2403 890 2464 red·

179 2497 250 2559 dere
273 2507 388 2578 potest:
408 2519 487 2579 quos
507 2510 607 2563 tamen
629 2500 665 2561 ad
689 2500 764 2559 banc
787 2514 890 2557 neces·

179 2592 340 2653 situdinem
364 2595 414 2654 tibi
436 2595 592 2675 adjungas,
609 2594 765 2672 diiigenter
780 2594 891 2653 anima·

182 2685 381 2749 dveniendum
404 2691 468 2749 erit.
492 2691 563 2750 Nam
582 2692 606 2748 si
622 2705 690 2767 quis
703 2695 760 2760 est,
777 2688 827 2764 qui
844 2685 890 2745 vel

182 2796 270 2839 omne
293 2799 416 2859 regnum
439 2790 534 2860 tuum,
556 2784 603 2843 vel
618 2783 683 2859 ejus
698 2787 811 2859 partem
826 2797 893 2856 spe-

184 2890 249 2934 rare
271 2876 417 2946 videatur,
437 2894 505 2939 curn
527 2895 562 2938 eo
584 2884 744 2956 perpetua,
771 2882 801 2934 et
834 2880 893 2934 sta·

182 2967 249 3028 bilis
269 2972 398 3032 amicitia
419 2986 486 3032 esse
509 2972 589 3033 nullo
612 2969 697 3031 modo
720 2976 827 3048 potest.
861 2969 891 3028 Si

179 3067 247 3143 quis
262 3072 414 3142 praeterea
429 3083 498 3128 cum
517 3066 670 3126 veteribus
686 3065 773 3124 sociis
790 3062 893 3122 simul-

179 3164 271 3220 tatem
293 3161 460 3236 exercebit,
483 3178 585 3238 parum
609 3159 733 3221 idoneus
754 3160 819 3226 erit,
841 3157 890 3234 qui

179 3252 233 3313 sibi
255 3253 445 3314 concilietur:
469 3255 687 3332 nequeenim,
717 3260 749 3312 ut
781 3259 829 3310 est
861 3253 889 3310 in

179 3348 273 3408 veteri
296 3349 471 3424 proverbio,
493 3348 610 3409 duabus
631 3347 719 3407 simul
739 3346 890 3419 uxoribus,

180 3440 337 3502 duobusve
359 3445 435 3503 inter
457 3458 489 3504 se
511 3443 638 3503 aemulis
659 3441 813 3503 commode
831 3441 892 3519 pla·

179 3552 247 3597 cere
269 3539 396 3615 quisque
411 3545 526 3616 potest,
548 3537 621 3616 quin
637 3538 760 3597 alteram
778 3543 891 3613 partem

181 3632 330 3708 offendat,
351 3632 423 3692 dum
444 3633 527 3694 alteri
552 3649 663 3692 morem
695 3648 798 3708 gerere
829 3637 893 3689 stu·

180 3724 242 3786 det.
262 3726 345 3798 Quos
370 3733 469 3787 autem
502 3727 554 3786 tibi
589 3725 781 3799 devinxeris,
814 3723 892 3783 labo-

182 3818 309 3880 randum
331 3822 404 3894 erit,
428 3827 461 3879 ul
478 3837 580 3881 eorum
598 3821 724 3879 societas
749 3822 893 3895 perpetuo

183 3921 398 3974 conservetur:
417 3914 494 3992 quod
517 3915 626 3993 quibus
649 3912 813 3974 rationibus
831 3910 892 3970 beri

183 4006 315 4078 debeat,
341 4025 399 4068 uon
414 4026 481 4069 esse
507 4017 535 4069 te
562 4007 779 4068 admonendam
802 4006 893 4082 duxi3

183 4117 252 4162 cum
269 4103 381 4178 optime
398 4102 504 4163 callere
516 4103 622 4166 soleas.
639 4110 670 4161 ιι
686 4101 894 4170 domesticum,

184 4212 220 4257 ac
247 4212 351 4257 recens
374 4197 543 4276 exemplum
562 4198 712 4257 observari
731 4198 829 4257 animo
844 4194 897 4254 de·

186 4290 270 4351 beat:
290 4309 347 4351 nnn
365 4294 498 4371 ignorare
514 4302 542 4352 te
559 4302 639 4369 puto,
652 4294 793 4371 proximis
809 4291 896 4350 annis

185 4386 345 4448 Rubertum
362 4389 570 4447 Arminensem
590 4391 752 4466 principem
771 4387 807 4446 ob
824 4388 897 4445 ami-

185 4483 307 4556 citiam,
334 4501 425 4562 quam
457 4500 526 4543 cum
559 4485 746 4561 magnanimo
776 4489 897 4560 parente

186 4582 238 4636 tuo
263 4579 368 4638 inierat
389 4587 490 4639 contra
520 4580 744 4656 potentissimos
771 4576 896 4648 hostes,

185 4687 289 4749 agrum
324 4690 412 4734 suum
447 4674 626 4747 delendisse,
658 4680 782 4750 tutoque
816 4669 895 4729 domi

186 4770 350 4829 mansisse:
381 4788 440 4849 quo
472 4770 592 4850 quidem
628 4770 656 4828 in
691 4768 766 4827 bello
799 4765 898 4825 nullos

186 4871 326 4941 sumptus
338 4872 422 4941 pater
436 4868 498 4943 ipse
511 4875 581 4927 tuus
593 4866 646 4925 sibi
660 4863 830 4924 definierat:
845 4859 896 4919 sed

184 4971 253 5018 curn
272 4959 438 5022 servandae
459 4962 610 5024 societatis
631 4961 720 5021 linem
744 4958 897 5020 victoriam

608 219 883 284 DIOMEDIS
917 216 1208 282 claustrae:

938 330 993 391 sibi
1014 329 1237 408 proposuisset,
1274 343 1370 405 supra
1404 332 1530 386 tercenta
1555 325 1614 385 nillil

942 441 1098 485 nummum
1126 437 1287 483 aureorum
1323 418 1453 492 effudit,
1484 421 1617 497 priusquam

940 521 1025 581 amici
1042 534 1168 597 regnum
1184 519 1212 575 in
1232 522 1300 575 tuto
1319 515 1502 575 collocatum
1513 530 1569 573 esse
1578 532 1619 590 per-

939 615 1075 692 spiceret,
1093 611 1170 685 quod
1187 627 1280 688 quarn
1295 613 1472 687 proximum
1490 610 1571 666 exitio
1583 608 1623 666 lue

939 708 996 780 rit,
1019 723 1104 767 uerno
1121 712 1177 774 est,
1195 707 1247 782 qui
1267 707 1397 763 nesciat.
1409 702 1555 780 Quotquot
1566 703 1626 779 igilur

940 800 1040 862 baberi
1056 807 1196 879 poterunt
1210 800 1387 871 amicitiae,
1411 804 1458 855 tot
1474 794 1630 874 appetendae.

939 905 969 956 et
1002 894 1209 973 suscipiendae
1244 901 1359 954 eruut:
1394 909 1454 952 nec
1484 907 1629 968 quemquam

939 994 1068 1066 omuino,
1087 998 1119 1051 ut
1136 989 1293 1058 humilem,
1312 995 1370 1049 aut
1389 985 1545 1064 indignum
1570 1002 1630 1062 rep·

938 1085 1076 1158 diaveris,
1089 1083 1324 1161 fastidierisque,
1341 1084 1490 1160 quoniam
1505 1099 1536 1141 ea
1550 1088 1630 1158 tempo

939 1198 971 1243 ra
994 1197 1219 1257 nonnumquam
1249 1177 1410 1256 accidunt,
1434 1185 1469 1238 ut
1489 1178 1525 1237 ab
1543 1176 1631 1235 bonini-

940 1279 996 1339 bus
1018 1279 1104 1337 etiam
1135 1276 1257 1348 intimis,
1289 1274 1375 1352 quod
1411 1289 1567 1351 numquam
1586 1287 1635 1348 spe

942 1389 1061 1444 rasses,
1091 1369 1272 1431 beneficium
1292 1369 1435 1428 maxime
1454 1367 1574 1445 accipere
1584 1378 1634 1422 con-

942 1469 1044 1546 tingat.

981 1562 1066 1622 Sicut
1086 1566 1188 1622 antem
1206 1557 1336 1638 expedit
1351 1559 1508 1620 amicitias
1522 1569 1637 1633 conpara·

942 1671 983 1720 re,
1000 1670 1111 1732 easque
1128 1653 1245 1726 colere,
1266 1660 1366 1730 alque
1389 1669 1523 1732 augere3
1548 1652 1581 1709 ita
1595 1664 1639 1707 ιι·

942 1747 1021 1810 aime
1035 1746 1190 1808 conducit:
1209 1749 1430 1824 (posteaquam
1449 1763 1486 1805 eo
1508 1743 1636 1804 deventum
1676 1764 1678 1771 ·

943 1850 1008 1916 est,
1027 1849 1060 1904 ul
1076 1842 1112 1904 ad
1132 1843 1185 1901 bas
1200 1857 1325 1919 quoque
1339 1848 1429 1901 artes
1440 1835 1635 1918 confugiendum

940 1935 999 2015 sill
1030 1937 1107 2017 apud
1124 1953 1184 2008 eos,
1203 1952 1282 2014 quos
1300 1936 1358 1996 tibi
1380 1936 1520 1995 intensos
1534 1948 1591 1992 esse
1603 1944 1634 1988 no

946 2033 1025 2090 veris
1044 2073 1052 2100 ,
1069 2031 1197 2109 aliquem
1215 2030 1268 2089 tibi
1292 2047 1332 2090 ex
1355 2028 1633 2090 ramilrnnbnseonn

943 2124 1108 2196 conciliare,
1130 2121 1231 2202 quide
1249 2123 1412 2198 omnibus,
1431 2139 1511 2201 quae
1526 2123 1637 2180 mnino
1676 2136 1678 2167 ι

943 2225 1078 2296 agantur,
1101 2219 1212 2292 statim,
1235 2223 1266 2276 et
1293 2217 1422 2278 occulte
1455 2216 1598 2276 certiorem
1620 2213 1637 2263 ιι

945 2313 1050 2373 iaciat:
1072 2312 1149 2389 quod
1172 2310 1296 2389 quidem
1324 2313 1355 2369 in
1371 2317 1439 2370 tam
1455 2307 1593 2385 corruptis
1603 2301 1635 2359 be

941 2403 992 2483 jus
1013 2405 1121 2466 saeculi
1141 2405 1273 2465 moribus
1288 2404 1344 2463 tibi
1364 2403 1492 2463 difficile
1513 2418 1567 2460 nun
1587 2398 1630 2458 eit,

944 2500 968 2558 si
993 2497 1078 2558 modo
1101 2515 1157 2559 non
1171 2514 1239 2558 esse
1257 2504 1390 2575 argento
1411 2495 1628 2574 parcendumrll

945 2594 1175 2653 existimaveris.
1197 2593 1300 2669 Neque
1324 2598 1357 2651 le
1389 2588 1563 2669 hujusmodi
1584 2596 1635 2644 sun·

946 2693 1015 2764 ptus
1028 2694 1163 2765 gravent,
1180 2688 1249 2765 quia
1273 2685 1324 2744 vel
1343 2687 1467 2744 minimi
1497 2680 1589 2747 domni,
1601 2679 1637 2734 aul

948 2782 1014 2840 mali
1032 2783 1129 2843 lutura
1148 2782 1369 2856 notitia,quam
1388 2781 1448 2839 linc
1463 2774 1634 2839 rationetur-

947 2878 1113 2953 stigaveris,
1134 2892 1202 2935 cum
1224 2876 1306 2934 omni
1327 2875 1453 2934 solutae
1472 2863 1636 2952 pecuniario·

947 2977 1042 3041 cluna,
1064 2987 1121 3030 non
1145 2969 1219 3030 male
1240 2970 1439 3046 compensari
1464 2967 1573 3046 poterit.
1596 2954 1636 3019 Sed

946 3063 1198 3145 quemadmodum
1221 3079 1331 3141 magno
1350 3066 1422 3123 usui
1442 3065 1502 3122 erit
1527 3062 1552 3118 in
1570 3056 1638 3116 aliem

947 3161 1024 3236 regia
1046 3160 1121 3220 tales
1139 3159 1274 3218 homines
1293 3158 1475 3233 vendicare,
1498 3159 1539 3215 sic
1559 3163 1638 3212 mvru·

947 3251 1018 3313 dum
1040 3256 1116 3324 erit,
1139 3269 1174 3312 ne
1197 3253 1225 3310 in
1257 3258 1310 3312 tua
1345 3253 1535 3311 nutriantur.
1564 3247 1639 3320 lieqne

947 3362 1019 3407 sane
1034 3346 1212 3407 laboriosum
1240 3346 1297 3404 erit
1315 3344 1484 3424 diligenter
1504 3333 1640 3403 attendenti
1676 3399 1678 3411 ,

945 3456 996 3500 eos
1013 3439 1244 3519 deprehendere,
1266 3455 1340 3498 cum
1357 3440 1409 3498 vel
1435 3439 1555 3498 minimo
1574 3428 1641 3491 verbo

946 3534 1132 3615 plerumque,
1154 3534 1201 3595 vel
1221 3533 1278 3594 alia
1308 3532 1492 3610 conjectura
1513 3525 1640 3591 manifesto

948 3647 1016 3692 sese
1031 3632 1187 3709 aperiant:
1249 3694 1252 3701 ,
1619 3618 1622 3625 ’

986 3727 1028 3786 ι)ι
1046 3725 1186 3786 facilitate
1208 3739 1278 3784 vero
1300 3722 1332 3782 in
1355 3721 1508 3794 subditos,
1529 3717 1563 3778 de
1582 3725 1640 3774 mor·
1676 3760 1678 3777 .

947 3820 1130 3894 suetudine,
1156 3817 1253 3895 deque
1284 3816 1433 3877 audiendi
1468 3813 1640 3892 benigniore,
1676 3805 1678 3809 ’

949 3935 1026 3997 qnae
1052 3932 1121 3994 pars
1152 3912 1188 3974 ad
1219 3911 1403 3989 captandam
1430 3903 1639 3971 benevolentiam

950 4028 1007 4071 nou
1024 4010 1109 4070 modo
1131 4007 1222 4081 utilis,
1244 4008 1335 4066 etiam
1361 3999 1639 4082 pernecessariaesli

950 4122 1007 4167 non
1030 4104 1123 4164 multa
1141 4102 1211 4162 mibi
1233 4098 1360 4159 dicenda
1384 4106 1471 4171 sunt,
1489 4112 1555 4157 cum
1578 4094 1602 4148 in
1617 4101 1639 4144 tl

951 4208 980 4261 te
994 4201 1111 4261 cunctis
1128 4195 1304 4256 antecellere
1323 4201 1355 4252 et
1370 4201 1518 4252 constans
1534 4187 1636 4282 omniun

952 4398 1051 4451 natam
1071 4383 1246 4465 iampridem
1261 4385 1482 4460 cognoverim:
1503 4394 1559 4458 quo
1574 4373 1634 4463 elien

952 4485 1003 4545 tibi
1028 4484 1121 4558 magis
1143 4476 1337 4539 laborandum
1356 4485 1444 4554 pulo,
1465 4493 1501 4535 ne
1519 4469 1631 4549 majore

952 4578 1059 4638 delicet
1081 4573 1270 4652 reprehensio
1285 4578 1447 4648 sequetur,
1469 4571 1493 4629 si
1515 4571 1541 4626 in
1561 4555 1630 4622 enith

953 4673 1072 4740 leceris,
1094 4668 1129 4729 ad
1147 4665 1223 4746 quod
1243 4667 1399 4743 ingenium
1422 4674 1506 4726 tuum
1524 4653 1631 4738 ipsunt

952 4766 1043 4828 ducit.
1058 4766 1100 4826 Ne
1119 4771 1217 4824 tamen
1235 4759 1273 4820 ab
1290 4761 1384 4820 animi
1402 4762 1447 4820 tui
1467 4747 1630 4834 magnitudini

954 4861 1109 4939 decipiaris
1130 4865 1160 4918 te
1193 4857 1326 4916 breviter
1353 4852 1565 4917 admonendam
1589 4849 1629 4901 05³

952 4957 1034 5030 duxi,
1056 4973 1112 5014 nou
1128 4969 1196 5014 osso
1211 4966 1336 5011 necesse
1350 4969 1358 5027 3
1378 4953 1438 5012 imo
1456 4965 1508 5009 nec
1524 4942 1575 5005 lieri
1587 4945 1628 5014 pti
1676 4992 1678 5009 ,
