3368 5362
156 220 217 281 343
794 213 815 272 V
831 213 857 272 Ε
876 211 900 272 Τ
919 212 943 272 u
960 210 1019 271 US

151 334 186 385 ut
208 324 243 384 dc
266 320 628 383 Divinislitteristnceom
640 336 742 398 ,quas
759 323 878 378 utrum-
934 317 1115 377 translatum
1137 334 1203 395 pag.
1226 317 1316 377 4446.
1338 315 1445 393 (bugd.
1464 315 1551 376 4633.
1575 315 1641 376 suu

151 435 209 498 que
233 417 448 475 Testamentum
470 411 639 470 memoriter
659 409 832 485 retinendo,
846 411 879 469 in
934 412 976 470 sis
997 426 1075 488 quae
1097 411 1198 469 notavi
1222 411 1250 467 in
1273 407 1395 469 delectu
1412 415 1641 486 argumentomm

147 514 294 590 promptu
315 523 429 584 semper
451 502 644 582 bobetisquis
663 521 798 583 uuquam
809 500 880 563 Plo·
935 520 989 607 pro
1008 504 1135 562 veritate
1148 502 1228 562 Fidei
1241 518 1308 579 pag.
1321 501 1391 562 364.
1402 517 1468 579 seq.
1481 502 1642 578 atquainira

152 609 180 662 44
194 598 345 672 subtilius,
357 597 425 677 quis
438 597 614 657 Aristoteles
628 597 877 699 argumentosius,
936 596 964 654 in
988 594 1177 655 nonnam
1272 608 1274 610 ·

151 695 220 774 arcu
243 692 349 754 Cicero
376 689 543 770 pulchrius
564 699 617 749 out
639 688 793 767 copiosius
824 686 880 747 ali·
974 685 1134 764 Epistola,
1155 688 1235 760 sive,
1260 687 1425 746 Tractatus
1441 684 1644 746 accusasse-

88 769 92 778 *
150 785 270 868 quondo
291 785 454 864 quicquam
476 779 644 843 disseruit?
665 782 740 857 Quis
771 781 879 841 64444-
936 776 1644 857 trobrusianosbaereticos,pa1g.ttl8·(bugd.

153 879 285 938 moticus
306 876 509 948 instructior,
532 877 599 954 quis
620 874 802 935 3444444444
832 891 880 933 or·
935 889 1002 952 pag.
1026 873 1124 948 4033.)
1145 890 1182 932 es
1210 871 1342 932 46444444
1374 871 1544 949 4434444446.
1573 870 1643 933 4646.

143 969 279 1042 notior,
301 973 371 1048 quis
394 965 715 1048 Diabcticussortior,
730 965 875 1047 44444444-
937 966 964 1024 4.
987 983 1079 1042 quam
1101 983 1169 1026 cum
1193 966 1214 1025 S
1238 961 1581 1041 Bernardiquibusdsm
1592 965 1645 1024 su-

153 1061 311 1121 4444444444
331 1060 548 1130 numerosior,
577 1061 645 1139 quis
679 1058 880 1120 Geometrrcus
936 1058 1079 1118 monibus
1099 1066 1131 1118 et
1147 1056 1292 1135 Epistolrs
1302 1062 1470 1118 curaverat
1480 1059 1526 1116 Jo
1539 1057 1645 1117 Eoimei·

150 1138 346 1233 repulerim,
379 1154 445 1232 quis
473 1153 612 1213 Musicus
641 1150 875 1224 cantilenosior,
937 1158 1050 1211 sterus.

151 1248 231 1326 quis.
252 1245 477 1305 astronomicus
506 1245 715 1324 perspicacior
747 1196 877 1303 44444443
977 1244 1019 1302 De
1040 1243 1303 1322 transfiguratione
1324 1240 1363 1302 D.
1391 1243 1431 1303 N.
1452 1244 1483 1304 J.
1506 1243 1540 1306 C.
1556 1258 1642 1316 sermo,

152 1336 261 1400 Sedet
282 1336 312 1397 si
329 1338 365 1396 ele
387 1336 508 1397 Sanctis
530 1335 677 1421 Patribus
698 1334 819 1415 aliquid
833 1334 880 1395 di·
936 1352 1004 1413 pag.
1028 1335 1116 1395 4334.
1145 1333 1248 1411 (bugd.
1269 1350 1336 1412 pag.
1359 1333 1462 1409 4686.)
1486 1341 1519 1395 44
1540 1336 1567 1394 44
1585 1335 1642 1394 Bibi-

151 1448 218 1491 cers
235 1429 418 1503 audeamus,
436 1447 487 1489 ros
503 1426 542 1488 ab
561 1427 883 1509 unoqubquequaluor
937 1430 1164 1491 concionatoria
1183 1429 1368 1490 Cambefisii.
1385 1431 1484 1508 lncip.
1496 1427 1598 1503 144644,
1609 1426 1643 1487 di·

149 1522 312 1602 [luminum
326 1521 773 1601 Paradisi,quoepcst8onctos
784 1520 885 1580 44444-
938 1521 1099 1597 lectissimi,
1117 1520 1205 1584 solito
1216 1521 1353 1584 44444444
1373 1520 1464 1584 nabis
1477 1521 1643 1584 6444444444.

151 1614 277 1694 galistus
300 1619 392 1674 totum
414 1611 516 1675 orbern
538 1615 686 1694 irripant,
713 1611 833 1692 aliquid
845 1629 885 1672 st·
981 1613 1027 1675 De
1048 1614 1207 1676 miraculis
1228 1615 1279 1676 sui
1298 1616 1466 1695 temporis,
1489 1613 1562 1677 libri
1583 1614 1643 1685 duo,

150 1705 219 1766 mite
230 1709 512 1786 reportastis:quia
524 1725 593 1768 cum
605 1709 788 1786 Hieronymo
798 1705 884 1766 oeloa
938 1725 966 1786 p.
983 1707 1072 1769 4347.
1095 1707 1198 1786 (Lugd.
1221 1706 1412 1786 pagtoat.)
1435 1711 1640 1787 saepiusetiau

151 1817 219 1860 cam
239 1799 409 1878 Augustino
426 1794 597 1882 profusus,
620 1816 688 1861 cum
719 1796 886 1861 Ambrosio
939 1815 1075 1860 seorsum
1098 1801 1223 1872 excusi,
1244 1806 1278 1860 ut
1299 1800 1393 1860 Duaci
1417 1801 1577 1863 469343.

146 1890 335 1974 profundus,
358 1910 427 1952 curu
449 1893 597 1969 Gregorio
614 1891 717 1953 cbrrus
733 1891 882 1952 inceditis.
978 1890 1119 1971 Rbytbmi
1131 1938 1140 1965 ,
1162 1890 1283 1965 Prosa,
1309 1894 1421 1953 Versus
1441 1899 1472 1954 et
1494 1892 1599 1974 Hymni
1606 1908 1642 1971 ,p

192 1989 325 2063 Operum
347 1988 491 2058 Mauritii,
519 1985 681 2046 editionem
716 1986 881 2062 pleniorem
939 1986 1027 2047 4338.
1050 1984 1153 2063 (Lugd.
1176 2001 1243 2064 pag.
1267 1985 1367 2060 4436.)
1379 1987 1415 2046 44
1431 1986 1482 2047 his
1495 1985 1643 2064 primoloco

152 2077 454 2154 emendationemque
483 2085 514 2136 et
537 2081 616 2137 notis
637 2079 728 2136 etiam
751 2077 883 2137 illustra·
937 2080 1068 2138 occurrit
1089 2079 1219 2139 Carmen
1242 2077 1418 2156 Elegiacum
1440 2084 1551 2138 4444444
1572 2075 1643 2140 cuc

151 2178 216 2230 tam
240 2167 377 2244 ejusdem
391 2168 590 2229 Bibliothecae
603 2170 810 2231 cluniacensis
822 2169 881 2229 Cu·
935 2180 1099 2233 mutatores
1118 2169 1288 2230 carminum
1307 2172 1422 2231 PETRI
1443 2169 1641 2242 Pietocienn's,

155 2260 305 2322 ratoribus
325 2260 493 2335 debemus,
516 2263 674 2340 repetitam
694 2262 722 2319 'm
742 2260 879 2320 biblioth.
937 2263 965 2321 in
989 2281 1048 2342 quo
1071 2265 1175 2342 piures
1198 2262 1303 2325 laudat
1325 2263 1355 2322 iu
1388 2263 1529 2325 Ecclesia
1560 2265 1643 2324 batim

154 2357 278 2415 Petrum
302 2354 395 2431 Lugd.
419 2361 491 2414 tom.
513 2356 609 2415 xxti.
632 2355 660 2412 in
694 2352 806 2431 quibus
839 2353 880 2412 la·
934 2357 1055 2433 scriptis
1077 2361 1107 2415 et
1127 2355 1317 2432 poematibus
1339 2352 1641 2433 inclytostntmtm

152 2446 266 2507 4444444444
288 2447 404 2507 644444
426 2465 490 2524 pag.
513 2448 582 2508 634.
601 2445 703 2527 444436.
717 2464 784 2524 pag.
798 2445 877 2520 836.)
934 2444 1103 2508 salvatoris
1124 2448 1297 2526 Rhythmus
1318 2447 1643 2526 luciprtzdPatremit·

154 2539 366 2620 Epistolarum
378 2536 452 2600 libri
464 2540 510 2600 Vl.
525 2540 651 2617 (vulgati
664 2538 811 2618 pridema
828 2540 881 2597 Pe·
936 2539 1031 2614 titur,
1053 2540 1084 2599 in
1106 2540 1198 2601 terris
1215 2542 1354 2602 44444444
1367 2542 1463 2602 DEus
1485 2541 1522 2602 de
1547 2541 1643 2620 Vimine

150 2640 197 2693 444
220 2632 257 2692 64
280 2635 378 2692 Monte
400 2633 570 2710 Martyrum
594 2633 685 2692 Paris.
708 2630 796 2692 4633.
820 2630 879 2704 441.)
936 2633 1078 2692 Humana
1097 2633 1238 2713 patitur,
1261 2633 1345 2694 docet
1363 2640 1394 2695 et
1413 2635 1549 2695 moritur
1568 2633 1642 2695 libans

153 2724 323 2800 subjunctis
345 2742 412 2802 pag.
433 2727 501 2785 959.
525 2722 882 2802 (Lugd.pag.967.)Epi-
932 2740 993 2802 pro
1015 2724 1141 2800 bomine,
1171 2727 1269 2787 Habes
1302 2726 1350 2786 hic
1380 2729 1476 2807 etiam
1514 2728 1641 2805 hymnum

158 2817 244 2878 stolis
265 2825 332 2877 octo
354 2819 432 2876 Petri
456 2819 522 2877 sive
543 2816 580 2877 ad
603 2818 725 2877 Petrum
749 2830 827 2893 quae
850 2817 879 2874 in
938 2826 1101 2896 utrumque
1123 2817 1211 2881 des.
1234 2818 1389 2880 4444464444
1410 2825 1441 2880 44
1462 2818 1502 2881 de
1532 2816 1643 2880 44444444

152 2911 255 2973 Veteri
276 2909 407 2968 editione
428 2909 693 2969 desiderabantur.
726 2906 880 2985 Epistolas
935 2909 1013 2970 444444
1035 2912 1066 2972 8.
1088 2910 1247 2971 Benedicti
1265 2928 1358 2988 quem
1375 2912 1544 2993 ‘exbibeut
1571 2913 1643 2973 etiem

152 3003 313 3064 historicas
330 3000 379 3062 vt.
397 3019 436 3060 ex
454 3003 586 3079 vulgatis
603 3001 770 3079 excerpsit,
788 3005 878 3076 atque
935 3001 1090 3064 Aruotdus
1113 3003 1202 3064 Wion
1223 3012 1300 3064 tom·
1319 3004 1392 3084 ligni
1407 3006 1497 3067 Vitae
1513 3023 1578 3084 pag.
1590 3003 1641 3064 443.

154 3099 185 3157 in
206 3094 404 3172 scriptoribus
417 3110 518 3153 rerum
531 3095 712 3153 Francorum
725 3091 878 3152 recensuit
933 3101 965 3154 ct
985 3097 1118 3155 ioannes
1143 3097 1160 3155 a
1181 3099 1312 3156 Boscoin
1323 3096 1467 3157 biblioth.
1480 3094 1642 3159 Floriaeeusi

154 3187 334 3248 Franciscus
355 3184 397 3245 du
418 3185 582 3246 Chesnst.
605 3185 641 3245 1v
664 3202 691 3262 p.
715 3183 858 3244 saa-tsi.
934 3203 999 3264 pag.
1023 3187 1089 3247 376.
1114 3205 1169 3248 nec
1191 3206 1250 3248 non
1272 3187 1361 3248 Petri
1371 3186 1546 3250 Abuelardl
1559 3187 1643 3268 Epito

197 3275 333 3359 Epistola
367 3275 409 3335 ad
439 3277 565 3336 Petrum
586 3274 621 3335 de
642 3282 743 3336 sancto
763 3277 878 3336 Ioanne
931 3276 1038 3358 pbium
1058 3279 1139 3356 quod
1166 3283 1289 3358 incipit:
1323 3276 1485 3341 cottonem
1513 3283 1643 3344 8444444.

158 3377 263 3434 contra
294 3385 344 3430 eos
376 3368 432 3449 qui
456 3366 577 3428 dicunt:
600 3370 756 3430 Christum
790 3386 878 3430 num-
932 3371 1005 3431 Nam
1028 3370 1176 3447 aiterum,
1199 3373 1288 3453 eujus
1319 3375 1463 3436 initium:
1494 3376 1599 3436 Petrus
1619 3371 1643 3430 44

154 3483 245 3546 quam
268 3481 301 3524 se
324 3466 353 3523 in
384 3462 547 3540 Evangelio
578 3468 681 3540 aperte
709 3463 812 3522 DEum
835 3461 877 3521 di·
931 3461 988 3523 bac
1006 3468 1103 3542 petro
1125 3460 1246 3539 latitat,
1262 3468 1291 3525 in
1308 3466 1451 3527 biblioth.
1469 3463 1642 3531 Cluniaceusi

155 3561 259 3629 sisse,
281 3573 347 3635 pag.
371 3555 440 3614 966.
464 3551 567 3631 (Lugd.
588 3570 653 3630 pag.
677 3552 755 3626 976.)
933 3562 965 3615 44
982 3557 1122 3617 Biblioth.
1144 3561 1265 3619 Patrum
1289 3557 1383 3636 Lugd.
1397 3575 1458 3619 non
1473 3557 1643 3640 reperimur

195 3651 356 3709 Tractatus
377 3645 526 3707 adversm
558 3642 744 3704 ludaeorum
767 3644 877 3704 invete—
931 3647 983 3708 bet
1001 3665 1072 3708 vero
1089 3650 1259 3711 Ludovicus
1273 3649 1405 3712 lacobus
1416 3651 1455 3711 de
1468 3650 1642 3732 scriptoribus

154 3747 256 3802 ratam
278 3739 439 3815 duritiem,
461 3756 490 3818 p.
509 3737 578 3796 983.
601 3735 714 3816 (44436.
735 3755 765 3815 p.
787 3735 875 3811 977.)
932 3741 1233 3824 6444444444444444.
1256 3743 1324 3804 443.

154 3832 288 3893 exedit
305 3830 470 3911 lngolstad.
488 3830 575 3891 4646.
968 3833 1090 3893 Statuta
1107 3834 1641 3914 ConprepationisClumacensiscuu

189 3922 326 4007 Epistola
347 3921 448 3984 adS.
485 3921 695 3997 Ecrnardum,
727 3919 876 3981 Abbatam
934 3924 1156 4003 diplomatibus
1173 3934 1204 3987 et
1225 3926 1353 3988 chartis'
1361 3927 1501 3990 LXXVI.
1527 3935 1558 3989 et
1577 3941 1642 4006 prae

151 4014 441 4089 Claroeoallensem,
463 4002 500 4075 de
518 4017 716 4076 translatione
734 4031 789 4076 sua
793 4031 876 4093 ,qua
934 4020 1045 4079 tatione
1068 4020 1294 4079 satisfacturus
1317 4020 1383 4079 siva
1405 4022 1640 4102 apologeticaetc

150 4107 224 4167 iecit
245 4107 408 4166 transferri
428 4123 465 4165 ex
487 4107 642 4168 Arabico
636 4125 665 4168 m
688 4109 828 4168 Latinum
850 4107 876 4188 44)
932 4129 959 4190 p.
983 4112 1072 4172 4334.
1095 4111 1204 4190 (36.444
1226 4129 1255 4189 p.
1275 4112 1376 4186 4433.)
1478 4124 1481 4133 “

151 4206 267 4259 sectam
291 4200 357 4256 sive
380 4198 528 4257 baeresim
551 4201 768 4262 Saracenorum
790 4200 878 4263 Anno
975 4203 1111 4262 Totam
1098 4217 1194 4283 ipsam
1215 4202 1365 4263 44444444
1383 4201 1640 4269 4444444444444444

154 4290 245 4352 4443.
268 4305 337 4348 cum
359 4290 511 4349 summula
534 4290 619 4352 brevi
645 4302 750 4354 contra
775 4295 880 4354 haere·
934 4297 1033 4372 inquit
1050 4295 1170 4356 Andres
1191 4295 1230 4357 du
1253 4295 1374 4357 Chesne
1397 4314 1466 4376 pag.
1495 4292 1639 4361 illibi

153 4399 205 4443 ses
226 4388 257 4441 et
276 4389 390 4442 sectam
414 4380 578 4442 diabolicae
611 4385 725 4446 traudis
758 4387 880 4448 Sarace·
933 4392 1118 4460 attenuere,
1139 4385 1334 4466 superfluum.
1359 4387 1641 4469 communitionis

153 4491 285 4546 norum,
308 4475 372 4532 sive
391 4472 879 4556 44444444444444,4444434469
935 4477 997 4559 ipsc
1025 4480 1135 4540 Petrus
1171 4477 1355 4541 Venerabilis
1387 4478 1478 4543 libris
1510 4483 1636 4563 quium.

152 4566 259 4645 (Lugd.
284 4583 353 4644 pag.
375 4564 475 4637 4636.)
488 4581 557 4625 cum
570 4565 734 4630 4408444474
746 4569 883 4632 Retinen-
935 4585 1008 4648 quos
1031 4570 1106 4648 quta
1117 4570 1263 4647 necdum,
1282 4571 1348 4632 licet
1360 4571 1520 4653 diligenter
1530 4566 1636 4654 44444446

142 4659 187 4720 444
211 4659 404 4738 praefatione
429 4659 458 4716 in
484 4656 596 4718 librum
628 4661 769 4723 Alcorani
800 4665 817 4724 b
848 4680 882 4723 se
935 4660 1069 4739 reperiri
1083 4667 1267 4741 potuerunt,
1291 4667 1396 4725 Lector
1417 4664 1465 4727 bic
1478 4667 1563 4728 444444
1579 4660 1633 4723 nsi·

186 4856 212 4916 44)
228 4855 317 4906 center
334 4855 444 4907 44444444
461 4855 558 4907 ebron.
580 4869 639 4920 pag.
656 4855 715 4908 364.
977 4859 1004 4918 b)
1021 4864 1055 4909 444
1073 4861 1120 4911 baa
1137 4861 1204 4911 444444
1221 4864 1247 4912 tn
1264 4862 1404 4911 4403444440
1420 4864 1564 4915 delineari.
