3368 5362
97 188 157 249 660

93 290 245 355 interdum
267 288 426 360 videmus;
448 286 484 348 ad
507 286 575 347 boui
597 296 697 350 autem
721 285 810 365 [legis

92 385 303 466 tranquillam,
332 387 527 462 pacatamque
559 383 806 460 gubernationem

93 481 260 564 permultos
270 494 359 557 saepe
369 479 530 540 couiiuere.
542 479 580 539 iit
596 479 725 556 prolecto
737 495 806 538 cum

95 593 213 640 mecum
234 575 333 634 animo
354 572 558 650 contemplor,
581 573 660 635 nulla
684 572 809 650 clades,

96 671 212 734 nullum
244 668 406 733 infortuni,
435 673 488 728 aut
520 668 601 728 esitii
634 684 731 740 genus
758 667 809 727 ho-

96 766 167 827 mini
191 762 388 823 miserabilius
415 758 540 830 accidit,
573 779 663 840 qnam
698 767 732 821 ut
762 779 810 823 sa-

98 862 183 940 piens
203 856 307 930 stulti,
328 863 358 916 et
376 855 479 934 justus
501 858 592 934 iniqui
617 866 737 926 regatur
754 874 808 916 rm·

97 959 196 1038 perio;
218 970 254 1014 ert
277 953 386 1030 quibus
407 969 497 1024 sane,
520 954 618 1012 inclita
650 954 809 1023 Eltanora,

98 1051 236 1127 colligere
258 1055 362 1126 putes.
384 1064 474 1124 quam
499 1046 685 1108 fructuosum
705 1048 812 1125 princi·

98 1145 184 1225 pibus
205 1144 244 1201 sit
266 1142 390 1218 vectigal
414 1145 453 1202 ita
475 1158 508 1200 se
527 1159 649 1217 regere,
672 1148 704 1202 ut
740 1142 810 1201 sub

96 1237 174 1300 ditos
207 1234 332 1313 spoliare
371 1252 428 1293 non
466 1243 619 1314 cogamur.
659 1234 809 1296 suaserim

100 1332 192 1392 multo
229 1329 324 1405 magis
356 1327 410 1388 hoc
441 1328 524 1399 loco,
556 1336 748 1406 posteaquam
782 1331 811 1390 in

541 177 819 242 btoltttbls
853 177 1146 242 conterati

866 285 921 346 dae
942 294 1015 348 sunt
1036 286 1183 355 officinae.
1206 298 1240 349 et
1263 288 1301 349 ad
1329 307 1385 352 eas
1413 292 1549 354 exeundo

862 380 1047 452 adhortandi,
1069 390 1161 460 atque
1176 382 1373 462 adjuvandi:
1396 386 1431 445 iis
1445 388 1509 446 enin
1520 403 1549 447 tr·

865 477 945 536 tibus
966 477 1139 553 locupletari
1172 482 1221 538 eis
1255 496 1441 542 concessum
1469 485 1552 544 estsi

866 589 937 630 vero
959 573 1097 650 princeps
1117 590 1244 653 quoque
1266 592 1324 636 eas
1342 576 1556 654 prelibatum

866 664 1026 727 deferenda
1055 673 1102 725 est
1135 667 1193 727 illis
1231 677 1430 731 mercatura:
1459 680 1487 731 at
1511 673 1557 733 nili

865 761 986 820 omnino
1009 761 1144 820 utilitatis
1168 759 1241 819 inde
1279 764 1487 839 sperandum,
1512 783 1556 826 rus

867 871 964 932 neque
985 853 1113 925 emendi,
1129 873 1231 935 neque
1251 858 1412 918 vendendi
1429 860 1561 920 commodis

867 951 990 1026 principi
1013 967 1098 1026 pares
1120 968 1189 1010 esse
1213 957 1362 1029 possint:
1385 962 1473 1032 atque.
1497 958 1562 1015 etitu

868 1045 891 1102 si
911 1046 1035 1119 possint.
1050 1055 1211 1122 expectare
1224 1054 1336 1107 tamen
1349 1049 1501 1128 oportebit,
1514 1049 1565 1110 dud

868 1137 948 1199 illius
970 1156 1083 1200 merces
1104 1139 1282 1200 divenditae
1308 1143 1435 1202 luerint.
1465 1146 1566 1219 Negotis

869 1235 910 1291 tio
930 1240 1031 1293 autem
1050 1236 1056 1308 l
1076 1234 1154 1311 quod
1178 1241 1209 1292 te
1235 1253 1296 1296 non
1325 1237 1423 1298 latere
1445 1239 1567 1306 arbitror}

868 1343 923 1386 nec
961 1344 1063 1404 nugus,
1096 1345 1150 1388 nec
1184 1345 1307 1391 moram
1345 1332 1440 1393 ullam
1473 1336 1561 1410 potitor.

98 1423 225 1501 hujusce
247 1422 287 1481 rei
310 1422 493 1481 mentionem
517 1420 694 1494 incidimus3
725 1421 811 1482 fisca·
867 1420 1065 1493 Quamobrem
1088 1424 1112 1482 si
1134 1431 1304 1501 quaestum
1332 1429 1476 1504 princeps
1495 1428 1566 1504 sequi

98 1518 144 1581 les
164 1515 330 1577 calumnias
350 1515 433 1589 gravi
449 1516 696 1576 calumniantium
716 1532 809 1591 paena
869 1522 926 1588 tur,
951 1516 1043 1576 multn
1066 1519 1160 1593 magis
1183 1517 1233 1577 ille
1257 1520 1391 1597 quidem
1414 1537 1485 1599 opes
1502 1535 1568 1589 suat,

98 1626 165 1672 esse
187 1606 414 1686 reprimendas:
434 1617 464 1669 et
486 1610 643 1669 ilomitiaui
672 1610 808 1670 Caesaris
867 1626 957 1688 quam
979 1612 1061 1670 cives
1079 1612 1143 1688 ipsi,
1160 1613 1346 1689 amplificat.
1364 1613 1570 1676 videndumst

99 1721 202 1766 vocem
226 1704 365 1764 memoria
388 1701 570 1763 tenendum:
593 1706 740 1782 princeps,
758 1703 809 1782 qui
867 1711 979 1776 tamen,
1002 1720 1056 1764 nec
1078 1703 1155 1765 idem
1189 1706 1325 1777 accidet,
1361 1709 1443 1788 quod
1475 1708 1569 1768 domun

99 1798 247 1860 delatores
268 1813 325 1855 nou
347 1803 484 1873 castigat,
508 1797 612 1856 irritat.
866 1795 1096 1857 aedificantibus
1118 1801 1285 1871 nonnullis,
1311 1806 1368 1881 qui
1391 1802 1464 1863 dum
1484 1800 1569 1878 lapidet

137 1895 213 1955 Cum
234 1897 335 1951 autem
359 1893 470 1965 Regum
494 1891 555 1951 lere
578 1894 711 1953 omnium
747 1909 811 1968 pro·
868 1888 1072 1950 fundamentis
1085 1893 1202 1970 parcius
1222 1896 1460 1971 suppeditando
1476 1895 1567 1956 utilitati

101 1994 261 2048 ventusex
280 1987 427 2062 portoriis,
445 1985 589 2051 decumis,
607 1986 719 2057 salinis,
737 2003 813 2046 mer·
868 1999 941 2043 suae.
961 1984 1117 2046 consulere
1139 2001 1172 2044 se
1194 1986 1355 2065 credunt3
1380 1989 1409 2049 id
1434 1996 1526 2068 agunt
1548 1994 1568 2046 tl

104 2089 244 2152 caturae,
266 2085 297 2138 ct
316 2096 473 2139 annonnse
490 2079 615 2154 publicis
633 2078 812 2156 habeantur;
869 2077 1008 2154 quiequid
1043 2093 1131 2155 supra
1168 2089 1435 2152 construxerunt.
1471 2089 1567 2144 corrutl

102 2192 163 2249 eos,
186 2174 279 2234 multo
299 2171 516 2233 conducibilius
537 2179 596 2242 est,
622 2172 813 2251 redemptori·
869 2170 1061 2233 subditorum
1090 2174 1200 2250 quippe
1239 2176 1412 2238 facultates
1451 2179 1565 2256 peculia

103 2267 160 2329 bus
183 2268 291 2338 locare,
312 2283 401 2344 quam
424 2283 479 2327 suo
502 2269 620 2326 nomine
637 2268 768 2340 erigere,
783 2274 814 2326 et
870 2267 966 2341 regiae
989 2266 1217 2328 fundamentum
1237 2271 1420 2332 existimari
1440 2276 1558 2350 oportent

100 2366 150 2441 qui
173 2362 258 2422 aliter
278 2363 380 2432 egerit,
405 2378 461 2420 non
481 2368 528 2420 est
562 2362 657 2422 bonus
689 2362 813 2422 admini·
868 2357 1035 2436 Optimates
1057 2378 1135 2436 ergo,
1154 2371 1357 2436 mercatores,
1373 2362 1555 2443 opificestq'e

103 2463 213 2517 strator
229 2454 531 2519 existimanduscum
547 2455 692 2532 publicani
705 2455 816 2531 majore
868 2454 960 2527 colae,
975 2470 1030 2513 suu
1047 2457 1173 2532 quisque
1193 2474 1326 2517 munere
1349 2459 1559 2538 longanimis

101 2551 268 2621 sedulitate,
291 2550 504 2627 vigilantiaque
538 2553 688 2625 negotium
721 2568 809 2611 suum
869 2564 928 2625 que
949 2549 1028 2606 enim
1051 2551 1204 2626 cuiquam,
1227 2553 1278 2628 qui
1304 2562 1390 2630 agat,
1413 2555 1565 2630 deessent

100 2656 200 2727 agant,
220 2663 310 2726 quam
331 2645 472 2704 alienum.
497 2645 611 2721 Quippe
642 2646 691 2722 qui
725 2646 811 2706 modo
869 2643 1568 2721 testiiexipsrquoqueiusuaarteversetur.

102 2743 254 2824 praefinita
276 2738 374 2800 studio
396 2755 451 2798 suo
474 2755 624 2813 mensura,
648 2741 812 2802 velandus
868 2737 940 2797 Nam
963 2737 1041 2797 sicut
1065 2736 1218 2815 indignum
1243 2746 1292 2799 est
1316 2758 1334 2801 a
1358 2744 1481 2805 civibus
1502 2743 1570 2803 edm

101 2841 205 2902 salaria
237 2843 411 2913 sequantur,
446 2851 502 2893 nnn
538 2833 666 2894 multum
706 2834 814 2896 laboris
870 2831 1001 2907 regentis
1023 2829 1138 2904 invadi3
1161 2833 1199 2892 ita
1222 2833 1343 2895 civium
1369 2841 1490 2915 negotia
1508 2852 1570 2897 octo·

102 2935 241 2997 adhibere
261 2937 497 2993 consueverunt.
518 2929 583 3000 Quo
611 2928 652 2999 sit,
689 2935 721 2990 ut
753 2947 811 2989 nnn
868 2926 967 3004 paria
989 2926 1066 3002 [lege
1090 2943 1146 2984 non
1169 2925 1267 2988 decet.

103 3037 218 3090 tantum
236 3027 342 3101 exigue
361 3025 410 3083 tibi
431 3021 555 3083 redeant
574 3025 738 3103 vectigalia,
755 3024 808 3085 sed
910 3019 1068 3096 Postquam
1090 3027 1190 3080 autem
1212 3027 1245 3079 et
1266 3021 1456 3098 redditibus,
1469 3033 1499 3087 et
1512 3039 1573 3086 surr

103 3127 166 3204 ipsa
192 3137 311 3200 quoque
335 3118 511 3195 negligentia
546 3119 641 3194 spatio
673 3121 814 3195 temporis
869 3112 989 3192 ptibus,
1018 3119 1161 3189 utsupra
1187 3113 1345 3193 diximus,
1370 3127 1440 3182 tum
1474 3119 1576 3187 modus,

103 3218 244 3299 paulatim
266 3214 480 3274 diminuantur.
498 3213 558 3273 Nec
577 3211 700 3272 moleste
719 3212 814 3274 leren·
870 3215 933 3270 tum
954 3205 1028 3267 ordo
1049 3206 1222 3283 praefinitus
1243 3211 1324 3272 erit:
1348 3222 1468 3292 quanto
1500 3216 1577 3294 plores

105 3315 175 3376 dum
198 3316 255 3384 est,
277 3310 301 3370 si
325 3309 500 3383 mancipites
523 3322 746 3386 nonnumquam
778 3325 813 3368 eo
871 3302 969 3362 baberi
991 3308 1131 3379 poterunt
1151 3300 1187 3361 ad
1210 3319 1278 3362 eam
1304 3323 1372 3368 rem
1399 3309 1497 3369 idonei
1516 3324 1579 3385 prae

106 3416 232 3488 quaestu
250 3403 459 3483 patrimonium
475 3407 612 3478 augeant.
631 3402 663 3462 ln
681 3418 716 3460 eo
732 3420 813 3464 nam·
872 3395 1005 3467 liniendi,
1028 3398 1077 3474 qui
1097 3403 1128 3457 ut
1146 3413 1180 3455 ea
1196 3399 1299 3459 omnia
1320 3399 1487 3477 diligenter
1501 3403 1580 3463 obser·

104 3520 163 3583 que
193 3502 365 3571 lucrantur,
400 3497 427 3555 in
457 3511 515 3574 quo
548 3495 638 3556 fiscus
665 3494 812 3573 jacturam
872 3498 998 3561 ventur,
1019 3489 1249 3551 &budelli-De
1272 3509 1337 3569 quo
1355 3497 1482 3574 quidem
1499 3497 1581 3576 pactis

106 3614 162 3658 non
186 3596 263 3666 lacit,
284 3600 315 3652 et
335 3608 394 3670 quo
417 3590 557 3668 mojorem
579 3608 617 3650 es
638 3592 674 3650 iis
700 3592 815 3653 redem·
870 3585 1019 3662 agendum
1051 3601 1118 3645 esse
1149 3584 1241 3658 duxi,
1264 3603 1339 3649 cum
1376 3593 1446 3652 istic
1473 3609 1489 3653 a
1518 3589 1581 3648 robis

105 3692 201 3770 pluris
222 3689 351 3748 tructum
376 3692 616 3763 consequuntur,
646 3702 680 3745 eo
713 3687 815 3761 plures
872 3681 959 3761 plane
983 3680 1104 3760 intelligi
1127 3688 1248 3760 putem,
1270 3699 1354 3760 quae
1375 3685 1414 3744 ad
1439 3685 1466 3745 id
1490 3696 1580 3745 munus

104 3785 257 3846 locationis
278 3788 412 3858 tempore
433 3779 595 3839 licitatores
616 3780 735 3841 adsunt.
755 3780 816 3843 Un-
871 3777 982 3853 optimi
1003 3773 1215 3852 praestandum
1238 3791 1427 3839 concurrere
1449 3784 1572 3857 oporteat·

105 3874 604 3954 deetproventusipsiaugentur.
624 3875 713 3936 Multa
733 3894 815 3954 prae·
913 3867 959 3930 ild
980 3868 1116 3930 alendam
1146 3885 1217 3929 vern
1249 3869 1398 3932 familiam
1432 3876 1490 3935 etsi
1517 3866 1578 3931 ond

106 3978 187 4032 terea
209 3969 373 4047 publicanis
396 3968 491 4026 iacere
515 3967 594 4038 licet,
617 3987 693 4047 quae
712 3971 818 4047 princi·
872 3970 1094 4024 commeatuum
1117 3979 1225 4041 genere
1248 3963 1347 4024 eilias
1369 3975 1453 4037 luas,
1474 3976 1504 4027 ⁰²
1530 3967 1578 4025 ¹¹⁰¹·

108 4068 135 4147 pi
159 4065 254 4140 turpia
277 4069 357 4122 sunt.
379 4061 507 4120 Omnino
528 4068 639 4135 autem,
657 4066 706 4142 qui
726 4067 817 4127 vecti·
872 4075 921 4118 tea
952 4073 1072 4131 semper
1102 4057 1274 4127 sbundarc,
1312 4077 1374 4120 nou
1410 4061 1578 4124 dubitarem

105 4160 179 4240 galia
193 4153 818 4235 conducunt.ensadjuvare,etlavorepro
874 4161 973 4213 tamen
995 4151 1066 4230 quid
1090 4151 1143 4211 hac
1164 4153 1253 4211 etiam
1277 4151 1317 4212 de
1340 4172 1374 4214 re
1396 4157 1576 4221 sentiremle

107 4255 190 4333 sequi
201 4252 337 4322 decet,ut
349 4248 817 4326 locuplettoresfiant,monocon-
872 4249 1003 4308 breviter
1029 4260 1218 4306 commonere
1240 4245 1336 4306 volui.
1370 4248 1442 4310 Scio
1472 4257 1576 4323 namque

107 4346 296 4417 suetudinis,
318 4350 349 4404 et
371 4343 535 4402 honestatis
557 4346 630 4403 ratio
654 4344 807 4405 habeatur.
876 4341 985 4402 multos
1006 4355 1093 4414 esse3
1123 4339 1173 4418 qui
1206 4339 1235 4398 in
1266 4338 1373 4413 diem,
1407 4349 1444 4403 ut
1475 4342 1575 4403 dicitur,

146 4441 252 4502 Omnis
271 4445 372 4501 autem
394 4443 539 4513 quaestus
560 4439 700 4515 principis
724 4437 819 4516 digni·
873 4451 963 4513 quom
1000 4436 1093 4495 totius
1129 4435 1197 4494 anni
1237 4443 1458 4512 praeparatum
1494 4434 1573 4496 haben

106 4537 158 4597 tati
183 4532 351 4602 indecorus,
374 4535 404 4588 et
425 4528 563 4590 sordidus
586 4528 677 4588 videri
708 4529 816 4591 debet:
875 4532 1002 4602 victum,
1025 4528 1110 4605 longe
1132 4527 1238 4588 melius
1259 4530 1440 4605 opinentur,
1462 4538 1492 4591 et
1516 4541 1570 4607 pne

106 4631 215 4707 quippe
237 4628 287 4704 qui
311 4623 543 4703 negotiatoribus
572 4626 726 4700 imperare,
759 4642 816 4685 nou
873 4623 992 4698 dicent3
1014 4625 1082 4702 quia
1104 4623 1217 4682 scilicet
1239 4625 1346 4683 minus
1368 4626 1515 4704 stipendia
1529 4635 1568 4683 stt

107 4724 170 4800 ipse
191 4720 345 4798 negotiari,
367 4734 422 4777 nec
444 4717 558 4778 lucrum
583 4718 687 4790 ullum,
704 4719 760 4777 nisi
779 4735 817 4779 ex
873 4719 1009 4790 tiuntur,
1032 4732 1102 4777 cum
1124 4716 1161 4776 de
1182 4716 1270 4793 pleno
1292 4733 1420 4796 semper
1442 4720 1570 4780 hauritur:

108 4814 240 4891 diligenti
262 4829 384 4873 suorum
414 4819 624 4889 proventuum,
654 4818 685 4870 et
717 4811 818 4889 legiti-
873 4813 923 4887 qui
947 4811 1045 4886 potius
1066 4809 1263 4871 conservandi
1284 4812 1480 4884 molestiam,
1498 4808 1572 4871 diste

108 4924 223 4969 morum
245 4906 500 4968 administratione
520 4906 575 4966 sibi
597 4907 753 4966 instituere
767 4903 818 4964 de·
873 4903 1043 4983 buendique
1065 4905 1192 4965 laborem
1216 4903 1287 4963 mihi
1311 4906 1419 4985 lugere
1442 4905 1569 4966 videnter.

108 4998 167 5061 bet.
188 4999 321 5062 Subditis
341 5014 413 5060 vero
438 5007 637 5077 quaestuosae
670 4998 818 5078 reliquou-
874 5016 964 5080 quam
980 5000 1138 5060 veritatem
1154 5012 1212 5058 non
1228 4996 1422 5077 dignusners.
1440 4994 1569 5074 Noun&
