3368 5362
572 199 634 259 ott
669 200 951 261 PRINCIPIS
984 202 1233 264 OFFICIIS

160 326 263 370 emrtre
285 306 405 379 studet,
427 307 507 368 bunc
521 324 610 388 saepe
624 308 707 388 cogi,
729 326 806 388 quae
822 327 872 370 ne·

159 406 291 465 cessaria
315 410 395 471 sunt,
418 403 556 464 vendere.

200 497 259 558 Sed
282 514 350 557 cum
373 496 550 574 dlligentes‚
571 504 602 558 et
626 497 769 560 moderati
791 517 873 560 sum-

157 598 233 672 ptus
254 590 365 651 multas
385 591 611 653 commoditates
633 593 661 651 in
683 610 716 653 se
742 596 874 655 contine-

157 693 235 757 ant:
256 692 319 745 turn
343 702 414 744 vero
436 684 506 745 illud
531 688 559 744 in
593 688 696 763 primis
725 689 873 762 afferunt,

158 785 194 841 ut
217 786 268 839 tua
291 778 342 837 tibi
365 779 438 837 satis
460 780 539 847 sint,
562 796 616 838 nec
637 781 763 840 alienam
787 799 873 859 opem

156 873 343 951 implorare,
364 880 416 933 aut
438 889 490 949 per
518 874 578 933 vim
610 876 710 952 copias
741 875 874 935 subdito-

157 983 230 1027 rum
252 965 391 1039 auferre,
420 982 496 1043 quae
529 973 655 1044 utraque
686 966 873 1029 detestabilia

157 1065 254 1129 sunt,
275 1075 310 1118 ao
332 1060 514 1135 pernictosa,
535 1063 660 1136 cogaris.
682 1062 788 1121 llultos
822 1080 876 1124 au-

157 1158 223 1213 tern
247 1150 406 1217 videmus,
427 1154 479 1230 qui
500 1153 582 1213 nullo
605 1152 690 1213 modo
712 1155 811 1215 scelus
828 1173 874 1215 ar·

159 1244 331 1319 bitrentur,
349 1243 443 1305 aliena
461 1248 609 1320 mutuari,
632 1264 736 1308 necea
754 1252 875 1313 restitu-

160 1356 232 1403 ere.
252 1345 306 1398 aut
327 1339 351 1397 si
373 1341 555 1414 restituant,
578 1341 709 1401 velsero
729 1343 755 1401 id
774 1353 874 1419 agant,

159 1433 209 1495 vel
232 1440 317 1510 parte
348 1440 474 1493 retenta.
508 1433 564 1494 Sed
599 1435 730 1513 profecto
761 1437 874 1499 alienas

159 1528 305 1607 pecunias
325 1527 480 1602 achpere,
501 1533 533 1586 et
553 1544 604 1587 eas
626 1546 787 1607 numquam
811 1532 876 1591 red-

159 1620 253 1693 dere,
276 1617 346 1698 quid
369 1619 447 1679 aliud
470 1623 634 1681 existimari
656 1622 762 1696 debet,
785 1643 873 1702 quam

158 1720 262 1777 tulum
285 1712 433 1790 quoddam
457 1717 596 1792 rapinae,
617 1733 652 1775 ac
671 1717 738 1777 furti
756 1716 876 1795 genus?

158 1806 206 1871 Ad
229 1816 398 1869 extremum
421 1817 521 1870 autem
544 1810 710 1871 subsidium
733 1828 768 1870 eo
800 1820 875 1872 tem-

160 1919 234 1981 pore
255 1901 413 1962 dumtaxat
426 1902 658 1981 confugiendum
676 1912 733 1981 esl;
755 1922 813 1984 quo
831 1923 877 1965 re-

161 1996 285 2074 pentino
308 1996 442 2058 fortunae
464 1999 511 2057 vis
530 1998 646 2075 aliqua,
665 2006 778 2060 tantam
795 2016 876 2060 sum-

165 2104 246 2149 mam
276 2090 426 2168 postulat,
457 2100 599 2168 quantam
633 2109 669 2152 ex
704 2100 774 2165 tuo,
807 2096 875 2171 quia

167 2181 243 2242 forto
262 2183 391 2245 nondum
413 2194 517 2245 exacta
540 2187 601 2244 sint
632 2187 806 2265 vecitgalia‚
828 2206 877 2265 pa-

164 2292 233 2337 rare
252 2294 385 2355 nequas,
407 2279 443 2340 ad
466 2297 542 2358 quos
568 2288 667 2341 tamen
701 2298 791 2342 casus
824 2284 875 2342 ali-

159 2369 234 2451 quid
268 2378 411 2451 pecuniae
443 2378 607 2451 sepositum
640 2393 708 2435 esse
740 2384 875 2454 oportere

160 2484 252 2547 surpra
274 2468 469 2529 ostendimus.
492 2471 574 2530 Tunc
595 2473 684 2529 etiam
714 2471 875 2548 petendum

163 2562 290 2623 fortasse
310 2564 530 2634 concesserim,
551 2580 620 2624 cum
644 2565 689 2623 vel
714 2564 789 2623 fines
822 2566 876 2623 im-

162 2656 234 2735 perit
256 2660 408 2736 emptione
429 2658 591 2732 dilatandi,
614 2658 660 2719 vol
684 2659 805 2736 prandii,
823 2666 875 2721 aut

160 2750 272 2815 domus
291 2754 526 2831 comparandae,
549 2753 645 2813 oblata
669 2753 756 2814 luerit
771 2772 875 2832 oppor-

159 2849 298 2923 tunitas3
321 2855 354 2908 ut
370 2849 487 2926 petendi
500 2849 601 2929 justa,
619 2856 650 2908 et
666 2856 769 2928 aperta
784 2866 872 2909 causa

159 2942 289 3004 subesse
311 2942 456 3004 viduatur.
479 2946 553 3005 Cum
577 2961 647 3003 vero
678 2944 872 3022 profundendi

160 3038 319 3099 temeritas
339 3039 368 3096 in
391 3054 455 3098 earn
479 3044 507 3098 te
541 3039 750 3116 negligentiam
782 3038 875 3099 addu-

160 3135 261 3202 xerit,
285 3137 317 3192 ut
337 3131 449 3191 alienas
476 3149 549 3210 opes
582 3150 683 3209 rogaro
715 3140 870 3210 oporteat,

161 3229 301 3291 laelllime
327 3227 466 3287 omnibus
488 3229 656 3302 patefactos,
679 3233 872 3305 posteaquam

162 3330 230 3385 tuas
250 3321 408 3384 facultates
429 3324 601 3385 attriveris.
625 3321 702 3380 velle
720 3325 808 3381 etiam
828 3338 873 3380 re·

163 3416 310 3497 liquorum
339 3417 498 3474 lnsontium
533 3415 606 3474 bona
640 3415 787 3491 perditum
821 3418 872 3475 ire.

158 3510 235 3584 Quid
258 3510 340 3570 enim
365 3510 506 3585 profuerit
528 3517 749 3584 temperanter,
772 3509 872 3570 mode·

162 3612 288 3684 rateque
311 3606 441 3678 vixisse,
467 3615 498 3663 et
519 3607 559 3664 rei
584 3606 733 3666 famliiaris
755 3606 874 3666 babuis-

157 3720 193 3764 se
221 3703 386 3772 rationem;
409 3703 432 3759 si
455 3718 509 3771 ea,
530 3717 606 3778 quae
631 3701 776 3778 parcendo
807 3720 873 3763 cor·

159 3798 310 3866 raserint,
330 3795 443 3855 alienae
465 3795 609 3855 stultitiae
644 3794 772 3854 vivendo
802 3814 873 3857 con·

158 3887 312 3954 sumant?
331 3890 391 3951 llut
411 3888 481 3967 quid
504 3891 594 3949 animi
624 3890 743 3950 tandem
774 3892 872 3951 credis

158 3988 205 4046 eis
228 3984 376 4056 futuram,
398 3985 447 4061 qui
471 3984 713 4060 locupletioribus
732 3993 870 4045 mutuum

158 4076 271 4149 dando,
286 4077 340 4138 boc
353 4081 493 4139 amittere
510 4095 577 4138 sese
595 4079 775 4157 Intelligant3
793 4078 870 4157 quod

160 4174 336 4251 saepissime
357 4176 478 4251 genium
497 4190 585 4233 suurn
604 4171 817 4233 defraudantes
834 4190 869 4233 ex

162 4268 350 4328 tenuissimis
371 4266 561 4328 facultatibus
583 4267 781 4343 superlucrari
810 4273 873 4327 stu·

163 4356 309 4421 doerint?
334 4359 415 4421 llaec
433 4363 521 4439 igitur
539 4362 636 4421 omnia
654 4363 725 4421 vitia
743 4361 872 4422 sustule-

164 4454 212 4527 rit,
228 4457 278 4533 qui
299 4454 326 4513 in
350 4440 513 4515 redditibus
534 4454 748 4516 distribuendis
764 4455 873 4515 medio-

161 4550 299 4609 critatem
322 4548 470 4621 servabit,
492 4549 722 4629 modestumque
743 4566 810 4610 seso
836 4550 871 4610 ad

163 4659 270 4703 omues
300 4645 452 4720 impensas
482 4644 643 4721 praebebit.
677 4646 735 4705 b'ec
768 4663 870 4722 parum

162 4739 253 4798 etlam
276 4738 305 4796 ln
327 4754 361 4797 ea
386 4756 416 4799 rc
436 4739 554 4801 civibus
575 4740 710 4817 exemplo
732 4737 874 4817 proderit,

162 4834 213 4913 qui
234 4849 305 4894 cum
324 4834 361 4891 iis
378 4835 509 4895 mortbus
523 4837 692 4895 institutum
710 4850 779 4893 esse
796 4835 872 4910 prin·

162 4931 260 5008 cipem
284 4927 470 5007 intelligent;
492 4931 546 5007 ipsi
569 4945 688 5007 quoque
703 4928 792 4990 rebus
809 4928 873 4988 suis

161 5019 345 5089 consulent:
366 5028 397 5082 ct
417 5038 450 5083 se
475 5022 655 5100 locupletare
686 5020 876 5093 studebunt;

929 334 983 378 nec
1006 320 1143 376 metuent
1164 315 1285 375 divitius
1307 320 1478 391 ostentare,
1500 339 1576 402 queis
1603 326 1642 388 ibi

925 412 1080 485 occulere,
1112 417 1143 472 et
1175 410 1364 471 dissimulare
1396 428 1637 497 consueverunt,

926 509 975 569 ubi
998 525 1049 568 eas
1070 525 1084 567 a
1108 508 1239 584 principe.
1261 513 1395 579 rogatum
1419 509 1461 568 ire
1488 513 1645 589 suspican-

928 611 986 664 tur.
1007 601 1152 678 Quicquid
1175 616 1245 675 ergo
1266 599 1407 677 deinceps
1436 603 1491 664 sibi
1522 622 1644 687 compa.

929 698 1058 771 raboni,
1081 696 1203 772 principi
1227 711 1281 755 suo
1303 702 1459 772 acceptum
1482 699 1623 764 referant,

967 792 1147 854 Caeterum.
1165 795 1198 851 ut
1219 791 1236 847 ii
1261 790 1388 849 maxima
1407 791 1639 867 reprehensione

926 884 1006 961 digni
1029 890 1119 954 sunt,
1141 884 1191 961 qui
1214 881 1270 942 sub
1292 883 1411 941 nomine.
1430 887 1525 946 mutui
1541 887 1638 951 alienu

927 981 1066 1054 rapiunt3
1089 980 1127 1036 ita
1149 979 1238 1037 etiam
1262 976 1457 1037 vehementer
1473 979 1641 1057 Improban.

928 1071 955 1131 di
978 1073 1028 1151 qui
1050 1089 1118 1133 cum
1141 1088 1228 1147 egere
1249 1071 1420 1146 coeperint,
1443 1089 1500 1132 non
1522 1090 1557 1135 ea
1572 1076 1639 1153 qui·

928 1164 994 1226 dem
1019 1165 1138 1244 petendi
1162 1167 1207 1225 via
1230 1172 1427 1242 grassantum
1449 1164 1502 1225 sed
1525 1168 1554 1226 in
1578 1168 1640 1231 fisci

928 1260 1056 1322 latebras
1078 1276 1145 1319 sese
1168 1261 1368 1335 immergunt3
1389 1266 1420 1318 et
1440 1258 1508 1318 inde
1524 1260 1639 1324 obsole-

927 1361 955 1413 ta
975 1352 1057 1431 jam,
1088 1359 1118 1410 et
1150 1352 1306 1430 antiquata
1336 1349 1426 1430 jura,
1461 1352 1638 1434 tabulasque

927 1450 1042 1508 curioso
1064 1445 1239 1525 indagatas,
1262 1462 1342 1505 more
1363 1446 1549 1523 egeutIssimi
1579 1448 1642 1510 fao·

928 1542 1073 1600 necatoris
1093 1546 1221 1601 eruunt:
1243 1545 1274 1598 et
1291 1539 1314 1595 si
1333 1537 1403 1616 quid
1420 1541 1497 1599 nacti
1513 1539 1639 1616 fuerint,

929 1634 1007 1695 unde
1029 1634 1161 1693 aviditati
1185 1649 1257 1694 suae
1279 1631 1407 1692 fomenta
1430 1632 1641 1710 suppeditent,

928 1728 1117 1805 pertinaciter
1139 1726 1165 1786 id
1189 1723 1436 1803 apprehendunt3
1454 1732 1484 1785 et
1503 1734 1535 1787 ut
1553 1728 1634 1790 locu-

929 1823 1110 1898 pletissimos
1131 1822 1257 1899 quisque
1281 1818 1418 1891 videtur,
1442 1821 1479 1878 ita
1499 1820 1636 1896 plurima,

929 1922 959 1973 et
981 1932 1122 1992 persaepe
1144 1915 1295 1974 levissima
1317 1913 1441 1974 crimIna
1459 1914 1485 1973 ei
1500 1911 1644 1991 objiciun-

930 2016 998 2079 tur;
1019 2025 1126 2086 operae
1148 2009 1276 2086 pretium
1298 2013 1439 2067 est-tunc
1462 2007 1584 2085 videre;
1605 2009 1643 2069 ab

929 2103 1012 2173 aliis,
1034 2103 1083 2180 qui
1107 2109 1176 2161 ante
1198 2103 1237 2160 rei
1260 2103 1384 2161 DivInae
1406 2108 1527 2179 tempus
1545 2102 1642 2164 baesi-

929 2199 1078 2255 taverint:
1100 2196 1137 2256 ab
1154 2197 1219 2255 aliis
1237 2198 1286 2274 qui
1304 2197 1332 2255 in
1351 2197 1513 2256 amicorum
1535 2213 1638 2259 aurem

930 2291 1218 2363 Insusurravernnt3
1240 2295 1292 2350 aut
1312 2289 1349 2349 ab
1376 2288 1574 2369 hujusmodi,
1605 2292 1645 2351 ri-

930 2384 1043 2444 diculas
1079 2383 1247 2444 calumnias
1283 2382 1412 2455 grandes
1449 2386 1642 2460 pecuniarum

930 2493 1065 2538 summas
1086 2477 1259 2553 efflagitari,
1281 2493 1358 2552 quae
1380 2477 1505 2535 sialiter
1522 2477 1641 2538 solven-

929 2571 966 2630 do
988 2588 1047 2631 non
1071 2573 1152 2633 sint.
1172 2569 1207 2629 od
1231 2569 1444 2645 supellectilis,
1462 2576 1492 2629 et
1509 2569 1642 2648 praedio·

928 2685 993 2727 rum
1017 2665 1204 2724 venditiones
1226 2663 1458 2739 compelluntur.
1479 2664 1540 2726 Eas
1557 2663 1640 2725 dein·

927 2759 964 2819 de
986 2763 1127 2837 pecunias
1142 2757 1309 2817 inconsulto
1321 2759 1459 2836 princeps
1470 2757 1636 2838 dissipabIt.

928 2873 962 2916 ac
977 2852 1144 2932 profundet,
1160 2852 1230 2913 nihil
1249 2854 1423 2912 existimans
1440 2861 1553 2932 quanto
1566 2871 1636 2916 cum

929 2949 1035 3017 labore,
1054 2949 1240 3025 miseriisque
1259 2945 1373 3005 illorum
1393 2953 1493 3023 partae
1513 2947 1639 3010 fuerint:

928 3050 959 3102 et
978 3041 1108 3120 qnotidie
1130 3040 1216 3101 modo
1235 3042 1262 3098 in
1282 3038 1381 3111 bunc,
1400 3039 1486 3100 modo
1508 3043 1536 3101 in
1556 3042 1638 3104 illum

929 3153 1022 3196 novas
1036 3142 1134 3196 struet
1152 3134 1290 3195 insidias:
1310 3138 1391 3212 prius
1410 3152 1540 3213 namquo
1557 3135 1637 3199 undo

927 3237 1112 3306 extorqueat,
1131 3229 1218 3288 finem
1234 3230 1357 3298 Invenit,
1370 3246 1460 3306 quam
1474 3244 1545 3290 suas
1555 3231 1640 3308 cupi-

927 3323 1034 3382 ditates
1050 3323 1216 3381 refraenare
1234 3325 1335 3400 possit.
1353 3323 1448 3394 Quam
1464 3322 1640 3384 diuturnum

926 3427 1025 3478 autem
1039 3418 1171 3477 futurum
1186 3418 1225 3476 sit
1244 3419 1298 3477 nnc
1317 3419 1473 3495 imperium
1495 3425 1557 3477 tam
1578 3417 1643 3478 ari·

926 3510 1008 3579 dum,
1030 3518 1119 3588 atque
1142 3511 1315 3585 violentum,
1335 3515 1403 3590 quis
1424 3517 1480 3581 est,
1501 3511 1553 3589 qui
1575 3526 1634 3570 non

926 3604 1025 3663 videat
1037 3603 1053 3665 ἱ)
1064 3607 1135 3665 llam
1148 3604 1230 3664 brevi
1245 3608 1376 3680 optimus
1392 3606 1520 3683 quisquo
1534 3610 1587 3664 aut
1604 3604 1633 3663 in

925 3702 998 3762 alias
1019 3705 1154 3776 regiones
1176 3701 1332 3777 migrabit3
1354 3709 1406 3760 aut
1434 3716 1492 3778 qua
1526 3699 1640 3761 rollone

927 3807 1041 3860 mutare
1064 3802 1192 3877 Regem,
1214 3804 1244 3855 et
1265 3813 1299 3854 eo
1328 3803 1408 3857 metu
1442 3795 1567 3857 liberare
1603 3810 1645 3857 se·

925 3903 1032 3974 queat,
1055 3896 1197 3954 rationem
1220 3892 1311 3951 inibit.
1333 3891 1398 3962 Quo
1418 3893 1495 3952 circa
1511 3907 1569 3951 noo
1588 3897 1633 3979 2⁰7

927 4007 1006 4050 mero
1027 3988 1151 4059 dicitur;
1174 3988 1222 4048 ubi
1247 4004 1377 4064 aequum
1410 3988 1506 4064 vigeat
1533 3978 1636 4065 ‘impe-

924 4086 1019 4156 rium,
1042 4083 1077 4141 ibi
1100 4082 1203 4142 llorere
1226 4080 1331 4150 urbes,
1353 4085 1384 4137 et
1414 4082 1524 4141 civium
1556 4095 1629 4158 opes

925 4194 1068 4238 crescere.
1090 4177 1197 4237 Contra
1220 4174 1268 4233 ubi
1291 4173 1319 4230 vi
1337 4179 1460 4248 agatur,
1478 4172 1516 4233 ibi
1534 4178 1634 4235 omnia

926 4274 955 4330 iu
977 4270 1108 4330 detectus
1131 4285 1238 4329 ruere:
1260 4283 1294 4327 ac
1315 4267 1452 4327 celeriter
1478 4282 1641 4328 evanesce·

927 4385 966 4426 re.
989 4366 1061 4425 b'am
1084 4365 1107 4422 si
1136 4362 1247 4423 malum
1284 4363 1415 4422 vicinum
1449 4361 1525 4422 ferre
1559 4361 1642 4423 nolu·

927 4475 1013 4532 mus,
1035 4455 1182 4535 quomodo
1204 4457 1326 4516 tandem
1350 4457 1496 4536 injustum
1528 4455 1637 4533 princi·

927 4571 993 4632 pem
1016 4567 1110 4628 aequo
1132 4552 1232 4611 animo
1253 4551 1403 4617 feremus,
1425 4550 1474 4626 qui
1504 4564 1562 4609 non
1592 4565 1641 4610 so·

928 4648 989 4708 lum
1011 4645 1085 4704 bona
1104 4644 1185 4705 nobis
1200 4645 1333 4721 eripere3
1358 4640 1409 4702 sed
1429 4644 1518 4703 etiam
1533 4643 1562 4702 in
1577 4658 1643 4704 oar·

927 4756 1025 4800 cerem
1048 4754 1102 4797 nos
1123 4737 1276 4798 retrudere
1291 4736 1427 4798 facillime
1443 4731 1568 4815 potest?
1585 4737 1641 4798 Ne·

928 4836 998 4893 mini
1009 4849 1079 4903 ergo
1090 4834 1196 4892 mirum
1208 4847 1276 4890 esso
1291 4830 1389 4901 debet,
1400 4831 1424 4890 si
1438 4839 1635 4910 tyrannorum

929 4928 995 4989 odio
1005 4928 1128 5008 patriam
1142 4925 1278 5004 lugentes
1292 4925 1406 5005 aliquos
1424 4927 1451 4987 in
1467 4924 1641 5000 abstrusas,

933 5022 1246 5099 reconditissimosquo
1259 5021 1430 5100 provincias
1447 5035 1515 5082 seso
1533 5012 1658 5084 abdere
