3368 5362
93 155 155 223 628

104 269 416 354 antea’eapresserot;
430 289 496 333 cum
516 273 712 335 itinerarium
728 290 786 335 iion
798 281 867 338 oute
883 292 995 338 4444444444
1014 278 1090 339 4444
1122 272 1162 336 ab
1187 273 1318 336 cultiore
1343 289 1397 336 suo
1416 269 1534 353 saribipo·

94 364 191 426 tuisse
209 365 253 428 ct.
270 365 374 427 44444444
391 366 650 429 demonstraverit.
668 368 823 431 Variantes
841 367 997 431 nonnullos
1013 366 1147 428 maeimi
1161 366 1319 439 momenti,
1331 383 1408 447 quoe
1421 366 1530 426 44444444

101 476 173 541 sque
188 457 340 519 collatione
356 459 536 540 deprehendi
550 460 652 523 sedulo
667 463 696 522 444
713 463 848 542 4444494444
865 462 1026 538 adnotoui‚·
1042 461 1120 523 sicut
1147 464 1175 521 et
1202 459 1350 520 admonui
1364 458 1436 519 unde
1450 477 1533 520 444444·

103 569 157 614 sus
172 554 225 613 iste
241 552 399 633 utriusque
417 553 553 634 opusculi
570 555 712 636 incipiat,
730 561 758 615 et
771 573 828 637 quo
843 556 967 619 desinat.
993 555 1073 616 ldem
1098 551 1142 617 Cl.
1160 553 1267 614 blebus
1287 552 1317 612 in
1330 551 1533 632 praefationem
1586 548 1588 583 ³

104 647 298 709 itinerariam
315 665 353 707 ea
370 645 489 709 duobus
509 647 636 730 Pbilelpi
651 649 783 730 epistolis
797 649 926 730 4494444444
944 647 992 710 lib.
1011 652 1040 710 V.
1057 666 1137 709 aum.
1155 649 1208 712 22.
1235 646 1291 712 23.
1323 645 1483 707 collectionis
1495 647 1533 726 epi

103 741 248 804 stolorum
262 742 326 822 ojus
338 741 471 803 adstruit
485 749 554 803 oute
568 743 683 804 emitum
695 744 768 804 444444·
782 745 872 806 tito.
889 744 1048 824 Cyrtiorum
1063 742 1167 804 Asiam
1181 740 1406 824 Graeciamque
1414 757 1538 820 pesopru

101 854 142 900 sc.
162 837 237 898 Cum
256 843 354 896 tannen
370 856 411 897 eac
428 837 568 917 epistola,
588 856 678 918 94444444
697 837 743 899 bic
761 837 883 919 44444494,
900 838 1014 918 scripta
1038 855 1087 897 aii.
1116 838 1199 899 4444
1227 835 1385 897 discamus
1412 833 1535 914 4944444444
1586 830 1588 869 l

97 949 174 992 aiino
204 930 254 991 illo
273 928 440 1011 Cycladas,
460 931 567 992 Delum
594 931 729 1014 aliasque
759 932 892 994 Graecas
909 931 1000 993 nrbes
1016 931 1170 1006 invisisse;
1188 930 1258 990 binc
1287 946 1346 988 non
1378 932 1460 988 totam
1473 926 1536 988 siant

96 1023 135 1086 ab
153 1044 185 1086 eo
201 1024 360 1086 lustratam
379 1024 469 1105 facile
486 1025 667 1088 deducimus.
687 1024 830 1108 ttelipaa,
847 1044 926 1109 94444
943 1045 985 1089 eac
1002 1026 1049 1088 bis
1066 1023 1198 1105 epistolis
1218 1027 1375 1084 eruuntur
1389 1022 1449 1084 sine
1463 1019 1535 1081 lobon

95 1138 153 1202 per
166 1137 198 1181 se
215 1120 318 1180 Lector
333 1118 478 1200 4444444944.

156 1216 205 1274 tlt.
226 1216 368 1295 Superest
386 1213 560 1293 opusculum
582 1217 701 1276 tertiam
720 1213 852 1295 reliquos
871 1213 945 1276 duos
973 1210 1168 1294 amplitudine
1193 1228 1274 1279 sua,
1294 1216 1325 1271 et
1342 1209 1497 1290 4494444444
1508 1207 1538 1269 di·

92 1307 205 1387 94444444
224 1324 372 1386 4494444444
400 1315 522 1369 anctore
541 1309 723 1372 DiomedoC
699 1311 826 1389 Caraffo
847 1306 958 1371 Comi'te
976 1304 1165 1386 4449444444ιί,
1185 1312 1215 1367 et
1233 1303 1427 1366 Ferdiiiando
1447 1306 1467 1364 4.
1488 1302 1542 1363 tro·

96 1401 183 1480 944444
204 1398 329 1480 Apelleae
349 1401 421 1480 ttepi
437 1399 475 1461 ab
496 1402 606 1464 intimis
631 1403 770 1466 consiliis.
801 1401 948 1465 Diomedis
968 1400 1153 1478 Coraffae'
1140 1418 1171 1460 444
1200 1397 1405 1481 Neapolitana
1427 1398 1543 1469 ilistoiio,

98 1511 151 1554 nec
170 1495 301 1573 ipnotiim
321 1512 374 1554 iiec
394 1495 538 1557 incelebre
557 1516 659 1558 nomeu
686 1504 736 1560 444.
770 1499 822 1560 Ea
853 1495 965 1556 illustri
994 1493 1045 1556 illa
1071 1500 1133 1555 toto
1164 1494 1291 1574 Eiiropo
1308 1491 1429 1574 familia
1441 1490 1588 1585 prodicit

97 1587 251 1648 Diomedes
271 1589 399 1667 Caraffo
418 1589 646 1652 perstrenuus
641 1610 717 1672 qia
713 1590 881 1672 Alpboaso
902 1591 925 1650 4.
945 1590 1094 1670 4444944444
1124 1587 1323 1668 Neapolitano
1355 1588 1427 1668 44494
1451 1584 1539 1647 odali-
1586 1598 1588 1651 4

94 1688 161 1743 tans
179 1681 326 1742 adversus
346 1687 490 1744 4444444444
510 1685 748 1765 44444449444444444
765 1691 835 1767 post
857 1683 950 1746 niiilto
969 1684 1084 1764 4944944
1105 1688 1135 1744 et
1151 1689 1277 1744 strenue
1293 1689 1404 1762 944444,
1422 1699 1481 1743 cuni
1496 1686 1544 1741 ton·

97 1773 194 1836 dem
181 1793 212 1833 in
232 1773 381 1837 obsidione
400 1775 539 1858 Neapolis
559 1777 598 1838 ab
616 1778 761 1860 ittpbonsi
782 1779 868 1860 444944
886 1778 977 1859 copiis
996 1779 1136 1838 incursus
1152 1776 1273 1856 fieret
1259 1795 1292 1837 in
1311 1776 1442 1848 moenia,·
1458 1773 1519 1835 illi
1509 1791 1541 1833 in·

99 1873 142 1927 cer
164 1868 279 1948 primos
308 1868 440 1930 militans
468 1870 698 1934 accurrentibus
724 1870 857 1934 hostibus
889 1872 1277 1952 dejectus,oppressusque
1299 1869 1364 1952 fuit
1381 1889 1428 1932 on
1448 1864 1545 1930 444444

96 1961 170 2042 fides
189 1960 336 2022 babeatur
356 1963 517 2024 loiirentio
547 1966 751 2027 ttonincontrio
780 1965 951 2028 ttiniatensi
976 1965 1008 2024 iii
1035 1961 1195 2025 annalibus
1215 1981 1235 2025 a
1254 1965 1426 2025 Muratorio
1443 1960 1545 2042 4444494444

8 2126 13 2133 ,
98 2060 168 2119 tter.
188 2056 284 2116 Italic.
306 2059 386 2117 Toni.
407 2059 473 2119 XX!
486 2077 554 2140 pap.
578 2062 633 2122 tsi
656 2059 742 2140 cip‘us
762 2059 833 2122 liaeo
853 2065 923 2122 sient
939 2057 1049 2122 verbo:
1068 2057 1124 2120 Sed
1143 2060 1184 2119 itti
1204 2075 1220 2118 a
1239 2060 1358 2119 Reaato
1380 2058 1543 2137 repulsi,ta·

99 2160 144 2210 444
165 2150 265 2210 hortos
293 2150 377 2210 Urbis
405 2152 523 2228 quidam
549 2157 654 2213 aiortui
669 2171 676 2227 ;
694 2155 741 2214 atii
760 2155 964 2231 praecipitati3
984 2153 1142 2232 inquibus
1169 2152 1334 2214 Diomedes
1362 2153 1487 2215 Curatius
1504 2156 1546 2209 etc

101 2245 187 2306 4444444
206 2243 372 2304 Diomedem
392 2243 459 2304 olim
480 2244 596 2324 quietern
616 2263 667 2325 494
686 2251 837 2308 aiictorem
856 2264 955 2328 opusc.
974 2251 1210 2326 reputaveram,-
1229 2262 1300 2306 cum
1322 2250 1422 2306 tamen
1443 2245 1552 2323 Scripttt

101 2339 157 2399 iste
175 2357 248 2418 opus
267 2357 355 2399 suum
375 2340 526 2401 direxerit
541 2341 704 2402 Eleoiioroe
719 2338 888 2420 4444944444
904 2339 1030 2401 44444444
1048 2341 1069 2400 4.
1090 2339 1223 2401 Atestino
1235 2339 1408 2400 Feriuriae
1426 2337 1551 2418 Ducifois

102 2438 232 2511 nuptae;
250 2433 337 2513 i‘dque
351 2435 483 2514 primam
503 2437 671 2514 coujupi'um
690 2433 860 2496 conuenerit
876 2452 926 2494 an.
945 2436 1036 2496 4465.
1051 2437 1087 2494 ut
1103 2450 1146 2493 ex
1164 2431 1279 2494 diariis
1298 2431 1498 2513 Neapolitanis
1513 2429 1553 2490 lli·

105 2527 194 2588 ctoris
216 2527 372 2606 Pipiiotelli
395 2528 462 2588 otim
493 2529 596 2599 iti'ctis,
616 2536 643 2590 et
662 2530 692 2589 iii
711 2528 809 2590 eodem
836 2527 984 2590 uolumine
1002 2546 1023 2588 a
1040 2528 1215 2590 Mercatorio
1233 2527 1390 2607 4444944444,
1412 2525 1550 2596 discimus,

103 2623 196 2684 olium
215 2623 310 2703 fuisse
328 2629 445 2703 oportet
463 2623 627 2684 Diomedem
651 2623 727 2685 bunc
745 2641 765 2682 a
784 2620 875 2683 Milite
903 2641 943 2684 on
973 2622 1049 2685 4444
1072 2620 1237 2703 i'nterfecto.
1258 2621 1358 2682 Filius
1376 2620 1552 2703 fortassean

103 2737 141 2779 aa
162 2716 237 2778 Filio
258 2720 354 2796 Nepos
368 2716 483 2799 prioris
501 2716 582 2779 iltius
611 2716 713 2798 fuerit.
743 2716 927 2797 Quicumque
946 2715 994 2776 ille
1013 2722 1109 2776 tamen
1128 2714 1268 2776 estiterit
1287 2713 1444 2776 Diomedes
1461 2710 1549 2773 libriin

101 2830 190 2873 siiiiin
216 2811 366 2874 scribebat
382 2817 448 2893 post
464 2829 575 2871 anuum
597 2811 677 2872 4469
696 2815 725 2870 44
741 2821 811 2870 ante
828 2828 940 2871 aunum
962 2811 1051 2873 4485.
1072 2809 1192 2870 Narrat
1212 2809 1291 2870 euim
1310 2808 1342 2868 in
1360 2827 1395 2870 eo
1416 2807 1547 2872 itobertiiu

106 2906 291 2969 dtalatestam
313 2924 405 2984 opero
424 2912 453 2967 et
470 2905 587 2966 auritio
607 2902 793 2965 Ferdinandi
809 2905 896 2984 444944
914 2904 1051 2986 adjutum
1070 2903 1210 2965 ditionem
1228 2919 1319 2965 suam
1343 2901 1517 2985 defendisse.
1531 2901 1551 2959 44

100 3020 229 3084 pacasse
259 3002 424 3083 imperium.
459 3001 495 3061 ld
522 3018 593 3061 vcro
623 3004 691 3060 tuac
706 2997 860 3076 4444494444
879 2999 987 3074 credo,
1007 3016 1074 3060 cum
1095 2995 1134 3058 ab
1155 2996 1392 3078 Arcliiepiscopo
1411 2995 1550 3078 spalatensi

104 3096 263 3160 Marabina
281 3095 452 3176 praefecto
472 3101 560 3176 atque
579 3093 732 3155 exercitus
762 3091 908 3197 Pontificii'
927 3094 1048 3154 ductore
1067 3091 1173 3152 ditione
1192 3091 1258 3172 ejus
1279 3097 1448 3172 occupata,
1467 3094 1493 3152 et
1506 3082 1555 3148 444

106 3209 183 3253 mino
202 3194 257 3251 stri
261 3201 311 3249 cta
330 3186 478 3249 obsidione
497 3186 607 3268 afflicto
626 3204 641 3246 e
657 3183 902 3266 praesentissimo
917 3185 1091 3248 discrimine
1108 3182 1148 3245 ab
1162 3184 1307 3246 eocercitu
1327 3182 1505 3247 Festinanti
1517 3183 1554 3241 ne·

103 3287 149 3367 944
169 3303 235 3345 curii
255 3282 436 3345 Florentinis
455 3287 484 3340 44
502 3283 580 3340 Duce
611 3276 828 3341 Mediolanensi
852 3279 970 3361 foedere
995 3277 1096 3359 functi
1123 3283 1242 3359 ereptus
1272 3277 1344 3360 fuit.
1368 3281 1448 3341 Haec
1472 3276 1555 3337 44444444

106 3380 216 3442 autbor
236 3384 336 3438 noster
357 3376 387 3436 in
406 3392 494 3456 opusc
482 3373 547 3433 4444
566 3391 629 3448 suo,
650 3371 781 3451 nibilque
797 3371 901 3434 subdit
917 3372 952 3434 de
971 3389 1079 3435 conver
1080 3388 1122 3434 444
1142 3389 1162 3432 u
1181 3368 1311 3434 noterio
1332 3374 1431 3435 armis
1450 3373 1479 3433 in
1495 3368 1556 3430 biae

105 3476 249 3558 factorem
279 3489 368 3534 sunm
401 3471 424 3530 Γ
412 3468 642 3539 erlinandum
661 3467 739 3546 quod
770 3466 879 3528 accidit
909 3475 998 3529 entre
1001 3485 1045 3527 mo
1072 3464 1195 3528 Roberli
1211 3484 1292 3527 anno
1312 3468 1428 3530 scilicet
1445 3465 1556 3530 istiu

11 3622 16 3645 ,
107 3590 164 3654 quo
180 3569 304 3650 plantem
323 3566 436 3647 factum
456 3580 519 3624 esse
537 3560 693 3637 arbitror,
713 3581 745 3623 eo
764 3562 937 3624 i’ntermedio
957 3567 1085 3642 tempore
1110 3562 1324 3623 interminum
1346 3563 1430 3625 4469
1449 3567 1477 3622 44
1491 3555 1556 3620 itti

108 3663 274 3727 Diomedem
295 3661 371 3721 4444444
390 3658 431 3719 ad
447 3656 636 3719 scribendum
655 3675 686 3718 se
705 3657 872 3720 contulisse
895 3656 995 3719 Videri
1011 3655 1059 3718 ille
1075 3661 1176 3738 posset
1189 3661 1426 3736 praeposterum
1442 3653 1497 3719 sibi
1508 3666 1555 3712 444·

109 3759 209 3821 silium
228 3755 378 3822 statuisse
397 3753 467 3814 disin
487 3769 560 3832 opus
578 3750 614 3813 de
635 3752 693 3811 4444
676 3755 774 3830 gentis
803 3759 834 3814 44
860 3754 927 3812 boni
947 3751 1091 3829 Principis
1109 3751 1234 3826 officiis,
1255 3748 1407 3828 Mulieri,
1432 3750 1495 3811 Viro
1510 3745 1556 3826 citt

109 3854 206 3914 adbuc
225 3849 430 3930 siiparsistite,
451 3846 581 3930 etunico
612 3846 732 3926 imperii
760 3844 1026 3917 administratore,
1043 3842 1211 3905 destinauit.
1233 3843 1271 3906 td
1289 3845 1396 3926 utique
1416 3842 1491 3926 ferri
1509 3837 1555 3902 444

107 3953 209 4028 posset
227 3945 286 4005 nisi
303 3945 448 4004 sciremus
475 3941 650 4002 Eleonorom
679 3940 761 4002 illam
786 3939 969 4019 drepanium
988 3937 1087 4002 uirilis
1107 3936 1202 3997 animi
1219 3935 1386 4019 foeminam
1403 3937 1508 4020 fuisse,
1521 3944 1557 3991 4444

112 4041 232 4111 4444444,
249 4038 282 4097 ut
296 4049 399 4117 pariis
419 4037 482 4116 ejas
503 4036 532 4096 tn
550 4036 807 4097 administratione
825 4034 952 4114 Imperii
966 4031 1221 4095 desiderarentur.
1240 4030 1346 4094 Habes
1365 4032 1450 4116 opud
1466 4034 1557 4094 eun·

115 4134 284 4213 0944444444
305 4133 336 4190 444
354 4129 564 4190 commentario
593 4131 627 4191 de
657 4128 735 4190 Bello
756 4127 948 4189 Ferrariensi
958 4177 966 4204 ,
985 4125 1145 4188 orationem
1165 4125 1233 4207 ejus
1251 4125 1295 4187 ad
1315 4127 1460 4208 Populum
1476 4126 1557 4187 tero

111 4228 239 4288 riensem
256 4225 365 4286 animis
384 4231 622 4299 consternatum,
642 4242 704 4303 94444
722 4241 773 4305 spe
791 4220 923 4284 melioris
940 4221 1080 4304 fortunae
1101 4218 1166 4282 illos
1184 4221 1298 4282 erescit.

173 4318 354 4400 Opiiscntuiii
375 4317 456 4378 istud
475 4335 525 4395 494
545 4318 574 4378 ia
595 4317 664 4380 Coit.
685 4320 745 4380 MS.
770 4315 921 4379 Felinioiio
945 4314 1092 4395 offendens
1112 4313 1198 4375 lioesi
1212 4313 1350 4394 primum
1371 4317 1485 4391 animo,
1501 4323 1552 4372 4444

111 4414 185 4476 milii
203 4413 423 4489 describerem,
444 4419 530 4472 ratiis
542 4413 609 4491 joui
633 4413 710 4492 tppis
726 4411 872 4491 prodiisse
884 4431 893 4487 ;
907 4428 943 4472 eo
961 4409 997 4471 de
1014 4426 1049 4470 re
1069 4425 1127 4468 non
1141 4424 1237 4468 unum
1259 4409 1368 4471 Virum
1385 4410 1494 4473 docturi
1503 4418 1554 4487 put·

113 4515 269 4571 cunctatus
287 4525 376 4584 sum,·
394 4505 530 4567 consului
548 4505 684 4566 Bibti'otli.
714 4503 939 4585 Neapolitanam
966 4502 1066 4585 Toppii
1081 4520 1149 4564 cum
1166 4501 1376 4568 additionibus
1398 4498 1552 4569 Nicomedis,

112 4603 264 4681 altumque
283 4602 314 4661 in
341 4606 466 4680 utroque
490 4599 638 4660 silentium
666 4600 793 4679 offendi:
812 4599 957 4683 Tafurnm
974 4601 1062 4660 etiam
1078 4614 1137 4657 non
1153 4595 1299 4677 4449444444,
1315 4619 1370 4662 nec
1387 4619 1431 4663 mo
1445 4597 1507 4682 fecit
1518 4590 1553 4653 44

113 4699 254 4769 ctioreni,·
271 4713 365 4775 944444
383 4702 535 4775 ternariam
553 4694 658 4756 inedito
674 4693 768 4755 4444444
784 4693 830 4755 bio
844 4694 890 4755 illi
903 4694 977 4754 dore
991 4689 1137 4752 constitui.
1153 4689 1292 4771 Profecto
1318 4694 1512 4775 dipnissirnnni
1523 4688 1554 4749 444

113 4797 148 4852 ut
173 4791 204 4851 in
224 4789 317 4850 lucem
342 4788 449 4849 edatur
461 4810 471 4866 ,·
484 4805 547 4849 sivo
565 4786 635 4868 styli
652 4787 827 4869 elepontiam
841 4831 848 4855 ,
864 4787 926 4850 siue
943 4786 973 4848 in
989 4788 1150 4864 interprete
1172 4783 1263 4847 latini
1291 4786 1406 4870 44494444·
1429 4785 1553 4852 antius

114 4890 243 4966 spectes,
262 4883 326 4944 sioe
338 4890 568 4962 praeceptorum
598 4882 728 4964 copiam,
746 4880 962 4961 utilitatemque
989 4876 1177 4952 consideres,
1207 4877 1283 4942 baec
1304 4882 1400 4945 simul
1418 4875 1553 4953 initiat

101 4975 306 5065 pomirmi'oni
313 5026 323 5058 ,
340 4976 520 5060 imitationi,
536 4975 693 5042 commodis
709 4976 858 5039 bominum
872 4980 1077 5057 proponantur
1093 4970 1286 5055 4494444444
1303 4984 1379 5041 sunt
1393 4983 1442 5043 ae
