3368 5362
95 188 152 250 obt
542 177 1138 243 bloussnlscmuturuu

94 299 221 373 babeat3
243 312 277 359 ea
299 296 364 357 dicu
378 292 562 372 praesertim,
581 310 658 372 quae
676 307 808 352 333313-
861 291 1035 352 violabiliter
1056 290 1213 353 colendam
1232 310 1305 353 esse
1323 298 1491 356 censuerint
1505 301 1543 358 Pri

94 412 152 476 gno
176 392 315 473 paratura
338 400 419 455 suut.
440 396 470 449 31
493 389 620 448 militum
644 388 712 448 telis
734 387 808 449 1313-
862 404 945 447 13331
964 389 1052 460 igitur
1065 387 1155 448 debet
1168 390 1321 466 princeps,
1333 397 1388 450 aut
1404 393 1545 470 quicumque

95 508 154 570 quc
176 488 334 549 tormentis
355 486 496 544 resistere
517 489 679 560 nequeunt,
697 500 755 559 quo
777 484 805 542 in
862 480 1007 559 regendos
1018 482 1143 559 populos
1158 486 1367 559 susceperint.
1384 502 1434 544 eus
1450 486 1548 550 11331313

96 602 204 666 genere
226 588 298 643 sunt
317 578 423 660 jacula,
444 594 542 648 arcus,
569 579 812 655 scorpionesque,
859 573 1064 653 juridicendo
1096 577 1273 650 3133113313,
1295 580 1348 656 qui
1372 587 1404 639 et
1429 582 1552 642 ileumti

96 679 205 758 quibus
226 676 350 751 sagittae
368 673 530 749 jaciuntur.
552 669 628 730 Nam
649 672 673 729 si
698 668 808 748 majora
863 678 973 740 133331,
993 680 1023 731 31
1045 679 1236 745 praesentem
1262 689 1368 732 rerum
1393 676 1554 737 3131313111

96 769 302 851 33333131131;
337 763 502 825 verendum
534 771 590 835 est,
623 781 659 823 ne
691 766 734 824 sic
766 766 809 823 in·
862 772 943 841 gant.
964 765 1075 826 Deinde
1095 768 1146 843 qui
1176 766 1292 843 ingenii
1326 775 1555 843 praestantiam

97 865 202 928 structi
225 864 285 924 sint
302 858 470 938 aliquando,
488 859 637 936 31333133
655 865 723 919 tuas
739 875 809 918 con·
862 859 1053 938 dignoscendi
1073 859 1151 937 juris
1183 861 1316 920 scientia
1350 865 1476 922 caeteris
1500 872 1558 925 3313

98 966 231 1020 13133313
254 955 378 1033 possint.
400 951 474 1014 lllud
506 954 586 1012 enirn
618 955 809 1033 perspicuum
862 955 981 1027 3311331,
1002 971 1078 1032 quae
1095 962 1128 1015 ut
1146 958 1176 1012 13
1196 971 1258 1014 uno
1277 966 1466 1016 3333311331
1480 959 1560 1035 omnia,

96 1062 152 1127 est,
170 1051 281 1132 quibus
296 1047 411 1110 ertibus
427 1054 627 1109 assueverunt
646 1047 753 1125 populi,
772 1048 808 1108 31
863 1049 990 1126 optabile
1011 1055 1071 1123 est3
1095 1056 1313 1108 verumtamen
1337 1050 1365 1108 si
1391 1067 1475 1110 memo
1502 1069 1561 1129 repe·

95 1147 216 1210 easdem
238 1145 390 1224 proniores
412 1159 530 1219 semper
551 1157 628 1202 esse.
660 1142 762 1220 ltaque
784 1143 808 1203 si
864 1145 966 1215 riatur,
988 1143 1037 1221 qui
1065 1141 1208 1202 omnibus
1240 1142 1279 1200 iis
1311 1141 1410 1202 rebus
1442 1146 1562 1220 praeditus

96 1241 226 1309 bellicosi
242 1238 331 1297 nimis
348 1236 514 1310 evaserint3
532 1234 728 1296 metuendum
742 1238 809 1312 erit,
862 1239 915 1313 sit3
938 1244 972 1299 ut
992 1239 1120 1314 quisque
1141 1237 1281 1313 optimus
1298 1238 1563 1316 existimantique

97 1354 134 1397 ne
161 1337 185 1395 si
219 1330 338 1412 quando
369 1330 533 1391 necessitas
563 1329 724 1402 incumbat,
757 1337 810 1392 tua
863 1334 978 1411 primus
1004 1328 1202 1400 adhibeatur,
1224 1331 1319 1407 eiquo
1356 1329 1560 1406 3133131333

96 1430 228 1511 33133113
261 1423 389 1486 cohiberi
425 1430 595 1501 nequeant:
633 1425 808 1502 praesertim
863 1427 959 1504 ipsum
979 1424 1029 1501 jus
1053 1430 1112 1483 tam
1136 1422 1357 1501 locupletibus,
1380 1443 1473 1503 quarn
1498 1433 1559 1489 teau·

97 1540 221 1601 magnae
242 1520 342 1598 copiae
364 1524 430 1579 tum
453 1523 571 1596 propter
593 1518 700 1576 nimios
726 1535 809 1581 sum·
862 1519 972 1581 loribus
991 1525 1190 1580 conservetur
1210 1518 1402 1595 aequabile3
1427 1537 1478 1581 nec
1500 1538 1564 1599 pecu

97 1625 179 1697 ptus,
200 1623 264 1676 turn
284 1619 403 1690 propter
419 1618 590 1687 suspectam
609 1611 810 1673 multitudinis
862 1616 919 1686 313,
941 1620 992 1674 331
1013 1613 1104 1689 gratia
1128 1613 1277 1672 varietur.
1301 1614 1380 1673 Nam
1406 1615 1454 1677 ubi
1475 1614 1521 1674 boe
1535 1613 1567 1673 di-

97 1710 184 1772 sidem
207 1706 327 1768 assidue
350 1707 377 1765 in
402 1704 526 1766 urbibus
543 1705 580 1765 311
604 1722 661 1764 non
684 1709 808 1784 possint.
862 1707 986 1785 ligenter
1014 1705 1083 1780 liat;
1116 1705 1153 1766 ibi
1188 1708 1240 1766 bei
1278 1710 1399 1769 summi
1434 1710 1567 1786 patrocinio

95 1801 261 1868 Exercendi
284 1805 356 1861 sunt
378 1801 466 1877 igitur
487 1797 597 1859 subditi
620 1799 720 1872 iestis,
737 1801 809 1860 otio·
862 1802 1044 1862 1313331313
1065 1816 1142 1873 esse,
1166 1816 1201 1860 ac
1224 1801 1290 1860 1313
1313 1802 1498 1879 3331331331
1524 1809 1567 1862 331

97 1900 201 1975 sisque
220 1894 326 1956 diebus
347 1909 482 1965 arcuum,
503 1893 732 1968 scorpionumve
763 1911 809 1956 sa·
861 1895 945 1967 Quae
963 1901 1065 1956 autem
1087 1894 1230 1966 violenta,
1254 1903 1310 1956 aut
1335 1897 1442 1973 iniqua
1461 1904 1565 1971 333133

95 1992 267 2071 3111311333,
298 1986 376 2066 quod
409 1987 497 2048 etiam
520 1985 660 2046 libentius
692 1985 808 2063 1331331,
861 1990 914 2051 113
934 2006 1107 2068 3311333313
1130 2006 1188 2047 333
1213 1996 1359 2068 possunt.
1379 1990 1564 2069 Nequesolum

96 2085 120 2146 si
149 2082 278 2164 praemia
308 2080 471 2141 victoribus
503 2077 652 2140 interdum
682 2097 698 2140 a
730 2083 808 2159 llege
858 2083 910 2163 jus
930 2102 1017 2146 suum
1041 2084 1204 2160 unicuique
1226 2083 1432 2145 tribuendum
1450 2082 1565 2159 est3sed

98 2183 317 2257 proponentur,
339 2180 391 2235 aut
413 2174 437 2231 si
459 2190 562 2232 eorum
588 2172 703 2233 lusibus
734 2192 809 2234 non·
861 2179 1037 2246 curandum,
1058 2184 1091 2238 ut
1109 2175 1222 2254 judicia
1247 2180 1324 2255 ipsa,
1359 2186 1508 2258 quantum
1533 2194 1567 2256 33

97 2286 263 2348 numquam
284 2284 317 2328 se
338 2285 457 2347 quoqne
479 2268 617 2338 miscere,
638 2285 672 2328 33
693 2277 809 2347 specta·
862 2275 953 2334 tietur
974 2273 1117 2351 aequitas,
1140 2270 1336 2332 celerrimam
1361 2274 1392 2331 in
1421 2272 1563 2334 discernar

94 2365 161 2426 culn
183 2366 328 2425 interesse
350 2379 407 2421 nnn
430 2361 620 2438 gravabitur:
652 2361 706 2423 boo
727 2365 808 2423 enim
862 2366 908 2426 dis
930 2365 1155 2437 controversiis,
1187 2365 1459 2445 terminandisque
1490 2366 1558 2426 litibs

96 2465 181 2537 33313
202 2464 232 2516 31
253 2457 311 2516 1313
332 2455 563 2535 comparabunt,
583 2463 614 2516 et
635 2456 702 2517 huic
723 2476 808 2518 exer·
862 2461 989 2522 babeant
1010 2459 1261 2534 dissolutionem
1284 2478 1320 2521 ac
1344 2463 1370 2521 si
1395 2459 1514 2538 quando
1526 2475 1561 2518 33

95 2553 226 2614 citationi
248 2550 361 2629 absque
384 2551 522 2629 priocipis
552 2558 675 2629 sumptu
709 2551 805 2630 (quod
861 2555 961 2632 plioris
983 2555 1047 2625 3111,
1068 2552 1205 2633 ejusque,
1223 2556 1276 2631 qui
1296 2554 1381 2631 apud
1400 2557 1519 2632 Regem,
1532 2557 1566 2612 aul

94 2647 129 2708 ad
152 2645 389 2707 conservandum
413 2646 569 2724 imperium
589 2648 717 2706 maxime
738 2665 808 2708 con-
862 2650 890 2708 io
912 2648 1068 2726 Republica
1093 2664 1200 2724 magna
1223 2650 1264 2707 sit
1286 2651 1566 2720 auctoramentis

97 2742 198 2807 ducit]
221 2740 341 2800 idoneos
362 2757 395 2799 se
418 2739 610 2818 praebebunt.
629 2741 688 2800 Nec
709 2742 806 2803 solnm
861 2750 986 2821 agetur,
1008 2750 1079 2802 tunc
1101 2744 1262 2819 praecipue
1284 2742 1389 2803 danda
1411 2747 1469 2803 erit
1489 2758 1565 2820 opem,

95 2854 129 2898 ea
152 2837 264 2897 utilitas
285 2843 446 2913 sequetur3
470 2853 575 2897 verum
603 2839 702 2908 311331,
734 2839 806 2900 dum
862 2845 895 2897 ut
916 2843 1123 2897 conservatam
1147 2836 1398 2913 aequabilitatem
1421 2837 1568 2899 31333313

97 2930 152 2991 boc
174 2930 243 2992 ludo
264 2938 353 2990 erunt
373 2933 508 3009 occupati
540 2934 625 2991 vanis
657 2935 808 3012 cogitatio·
863 2931 1015 3007 telligant:
1038 2928 1208 3008 hujusmodi
1231 2933 1315 2991 enirn
1351 2949 1455 3007 casus,
1477 2934 1500 2992 si
1520 2931 1566 2992 1311

96 3027 193 3102 nibus,
214 3025 444 3102 levioribusque,
467 3033 518 3087 aut
539 3025 688 3087 seditiosis
720 3046 809 3106 nego·
862 3033 971 3105 posset,
984 3028 1182 3102 praesentaria
1199 3028 1328 3102 pecunia
1342 3029 1567 3099 emendiessenl

96 3122 145 3180 tiis
168 3137 225 3179 non
249 3119 502 3199 inquietabuntur.
526 3120 623 3192 Quare
646 3122 713 3182 huic
747 3123 809 3184 loco
863 3126 896 3179 ut
918 3119 1012 3196 331331
1035 3118 1127 3190 lieret,
1151 3119 1222 3184 nibil
1257 3123 1452 3201 principibus
1481 3123 1568 3189 carius

96 3213 285 3294 proverbium
310 3213 380 3274 illud
402 3216 512 3291 optime
538 3214 685 3292 quadrare
717 3215 808 3278 duxi:
862 3220 953 3290 atque
974 3201 1125 3292 acceptius
1147 3229 1214 3272 esse
1232 3213 1379 3291 justitia:
1401 3217 1490 3296 cujus
1520 3217 1568 3293 qui·

97 3307 216 3386 quando
248 3325 373 3386 puerum
407 3308 513 3369 mulier
544 3312 711 3387 pepererit.
742 3328 808 3373 earn
863 3308 932 3369 dem
955 3315 1036 3368 tanta
1059 3308 1105 3366 vis
1123 3315 1181 3380 est,
1198 3315 1230 3370 ut
1246 3326 1285 3368 ne
1301 3309 1440 3372 latrones
1457 3310 1569 3390 quidem,

99 3420 167 3462 nom
192 3401 287 3478 modo,
309 3404 377 3482 quia
400 3403 554 3466 masculus
576 3411 665 3465 natus
685 3406 733 3475 sit,
754 3404 808 3466 sed
861 3419 896 3463 33
917 3403 1029 3479 piratae
1050 3402 1114 3462 sine
1135 3401 1284 3480 aequabili
1306 3405 1391 3467 inter
1412 3424 1446 3467 se
1462 3404 1570 3485 praedae

96 3498 196 3570 etiem,
218 3497 286 3576 quia
309 3496 457 3560 1331311331
480 3514 538 3558 333
560 3496 686 3559 ediderit
700 3497 808 3562 debere
862 3497 1007 3558 divisione
1029 3497 1125 3577 (quae
1143 3496 1281 3575 justitiae
1314 3503 1466 3578 particula
1495 3516 1570 3580 quae

97 3589 209 3661 laetari.
351 3666 353 3668 ¹
863 3591 930 3652 dam
952 3593 1019 3668 esti
1041 3595 1142 3653 vivere
1165 3602 1340 3672 nequeant:
1364 3597 1444 3657 etsi
1478 3610 1568 3656 verum

861 3684 1018 3765 diligenter
1038 3689 1147 3762 animo,
1168 3692 1348 3769 rationeque
1382 3692 1566 3761 lustraveris3

294 3796 467 3861 SECUNDA
505 3798 610 3858 PARS,
862 3782 925 3843 sole
945 3781 1061 3860 justitia
1082 3783 1117 3842 ad
1142 3783 1322 3845 mutandum
1349 3788 1507 3866 imperium
1528 3800 1567 3863 per

863 3878 1239 3956 33331133313111311333
1261 3880 1354 3941 simul
1387 3884 1487 3942 ommia
1517 3882 1566 3939 siue

128 3988 173 4052 De
193 3989 263 4072 jure
283 3985 414 4063 dicendo,
435 3993 462 4048 er
475 3986 600 4068 justitia
621 3985 779 4048 servanda,
864 3972 920 4034 hac
938 3971 1008 4032 nibil
1025 3971 1061 4032 ad
1077 3989 1142 4033 3313
1165 3989 1227 4032 rem
1251 3974 1364 4033 virium
1389 3974 1508 4035 11311331

905 4069 1087 4140 1113331331,
1108 4068 1159 4143 qui
1177 4067 1237 4143 juri
1260 4065 1392 4126 dicendo
1414 4067 1562 4146 313313133-

865 4169 923 4236 131,
944 4168 1025 4222 33113
1048 4176 1201 4221 31313333
1223 4159 1304 4235 fisco,
1329 4162 1379 4222 vel
1403 4162 1440 4222 de
1471 4161 1565 4242 publico

138 4193 310 4348 Quoniam
332 4258 488 4332 derebus,
517 4258 646 4337 quaead
665 4255 810 4320 tuendum
863 4257 1023 4316 constituta
1046 4271 1112 4315 esse
1145 4252 1274 4325 debebit,
1311 4272 1370 4316 nec
1404 4258 1466 4318 ullo
1498 4252 1563 4316 modo

99 4354 254 4430 imperium
294 4359 431 4431 spectant
467 4355 560 4426 satis,
596 4358 630 4414 ul
665 4352 810 4424 arbitror,
862 4349 1086 4412 concedendum
1108 4349 1174 4423 erit,
1195 4355 1228 4408 ut
1248 4363 1266 4406 a
1288 4348 1490 4429 litigatoribus
1506 4347 1563 4411 utili

98 4449 190 4510 multa
212 4448 352 4523 diximus,
371 4448 433 4526 jam
462 4455 582 4525 ternpus
599 4447 749 4526 postulare
768 4446 811 4504 vi·
864 4447 933 4504 tatis
954 4442 1063 4521 aliquid
1085 4443 1211 4518 capiant.
1233 4442 1309 4502 Nam
1325 4443 1399 4505 licet
1412 4447 1441 4503 13
1457 4441 1564 4506 terendis

97 4542 185 4605 detur
205 4551 239 4604 ut
259 4543 296 4604 de
313 4542 429 4621 justitia
451 4541 607 4614 servanda,
635 4544 687 4620 qui
708 4545 787 4619 (non
796 4543 809 4617 )
842 4533 845 4538 ’
863 4540 1021 4598 3331331113
1042 4554 1172 4615 aequum
1194 4542 1355 4599 statuant:
1379 4546 1479 4599 tameo
1500 4551 1560 4598 3333

97 4636 172 4697 31131
193 4639 333 4715 propositi
367 4639 458 4698 nostri
491 4637 574 4697 locus
604 4642 686 4705 3131,
717 4653 808 4714 quem
863 4640 912 4711 pta
939 4632 1064 4709 pecunia
1093 4632 1295 4707 corruptionis
1317 4635 1490 4711 suspicione
1520 4642 1557 4690 313

96 4729 218 4792 brevius
241 4731 301 4791 lieri
318 4734 434 4811 poterit,
451 4727 643 4791 disseramus.
661 4731 716 4791 Est
728 4732 809 4790 enim
863 4734 975 4788 331331.
997 4727 1060 4798 Qua
1081 4725 1203 4804 quidem
1223 4728 1252 4784 in
1269 4744 1312 4801 re,
1328 4730 1411 4790 sicut
1426 4736 1456 4788 et
1473 4729 1499 4787 13
1515 4740 1560 4784 coe

12 4825 19 4840 ⁴
93 4821 209 4902 justitia
236 4841 335 4886 omnis
357 4825 505 4886 felicitatis
527 4825 673 4886 humanae
705 4824 810 4887 funda·
863 4823 935 4883 teris
955 4822 1103 4892 omuibus,
1123 4821 1426 4897 circumspectissimi
1453 4819 1559 4902 parentis

95 4927 243 4998 mentum,
265 4919 321 4995 bie,
341 4920 393 5000 qui
413 4934 478 4979 earn
501 4917 670 4992 dilexerint,
698 4927 729 4979 et
761 4920 806 4981 in·
863 4920 906 4978 tui
927 4915 1102 4994 sapientiam
1125 4913 1331 4978 3331331313
1355 4926 1555 4995 pomposum
