3568 5414
682 242 970 310 utcotntts
1514 255 1572 317 449

94 341 197 407 nmmo·
212 343 351 425 optineam
364 343 535 427 judicavit,
552 363 630 426 quoe
646 353 704 410 olto
719 347 795 410 latte-
822 383 842 438 't
889 351 1079 416 Nicotaus
1098 355 1183 431 Nus,
1205 355 1292 416 ouius
1309 355 1444 415 carmina
1461 354 1498 416 de
1516 358 1575 434 pri·

94 453 185 496 444444
204 443 345 512 vocaret,
367 455 462 519 meque
483 437 591 518 opibus
611 441 793 520 inserviret,
850 445 954 506 444444
975 447 1223 528 Congregationis
1256 447 1480 525 affligimensis.
1502 448 1574 509 Ord.

94 547 173 610 nepae
197 528 357 592 amiitiom
386 533 485 612 ipitur
513 530 659 616 bonorum
679 542 793 598 artium
848 536 959 598 tenos.
975 539 1094 600 fervore
1106 548 1138 600 44
1149 541 1273 619 Angelis
1290 543 1380 600 44444
1398 539 1574 602 admiranda

95 639 172 685 44444
184 622 316 703 44444444,
334 643 371 691 oc
387 643 442 688 suo
460 632 630 702 contentos,
647 629 793 709 44444444
849 630 1030 706 sanctitate,
1049 639 1197 693 memorat
1218 631 1372 692 sanderus
1394 635 1423 691 in
1454 632 1575 692 Bibliot-

94 717 215 796 tenporie
225 716 391 780 64444444
403 720 536 800 priuatis
553 719 664 798 retus,
684 723 792 784 outte-
847 722 921 784 44444
951 725 1069 803 Belgica
1097 728 1245 787 manuscr.
1265 733 1349 804 parte
1367 726 1395 785 4.
1417 741 1483 804 pag.
1503 729 1571 787 454.

91 810 186 888 pendo,
205 817 262 871 out
285 809 458 888 soribmtdo,
482 819 540 873 out
553 816 721 902 amicorum
744 835 794 878 ne·
850 815 1573 890 abtaitouotoremvtxtssopidertcircatttao

91 903 164 982 potiti
173 903 362 984 impertiendo
369 904 614 968 accommodabat
627 907 794 972 solertissi-
888 909 1080 992 NICOLAUS
1098 911 1264 985 Occamus,
1282 910 1398 989 Anglus
1414 911 1485 971 Oml.
1519 915 1573 973 444-

92 1013 148 1057 444
158 997 285 1058 omnium
299 997 361 1079 suit
372 997 403 1059 in
420 999 551 1062 emendos
565 1017 603 1061 44
616 1016 794 1081 comparan-
849 1019 912 1064 nor.
926 1005 1008 1065 ‘circa
1022 1006 1079 1064 An.
1098 1005 1186 1067 4346.
1205 1003 1242 1064 de
1264 1019 1324 1081 qno
1341 1003 1491 1066 Lelandus
1506 1023 1572 1085 cap.

92 1086 130 1150 dit
146 1087 245 1165 toro,
266 1089 512 1171 fructuosissimo
532 1112 570 1155 oo
586 1093 793 1174 pulcherrima
847 1095 916 1156 326.
935 1095 984 1157 ubi
1001 1088 1039 1157 de
1056 1096 1203 1157 Guilelmo
1230 1099 1360 1159 Occamn
1381 1095 1418 1156 do
1439 1115 1499 1175 quo
1520 1115 1571 1160 su·

91 1182 279 1258 nepotiotooue,
296 1195 371 1264 quos
387 1183 463 1252 odeo
479 1185 588 1249 multos
604 1194 696 1268 atquc
712 1205 793 1267 epre-
847 1205 898 1266 pra
914 1195 985 1250 tom.
1003 1191 1030 1249 3.
1044 1209 1109 1270 pag.
1126 1192 1195 1253 447.
1209 1197 1240 1251 44
1255 1189 1294 1250 de
1306 1190 1420 1250 toarno
1429 1189 1568 1266 Occamo,

89 1287 144 1351 4444
158 1279 216 1335 tom
232 1277 354 1338 Latinos
373 1283 437 1338 tum
454 1279 606 1356 Graecos,
628 1278 668 1339 44
678 1277 793 1342 ’44444
847 1285 991 1361 scriptore
1008 1284 1267 1356 Quodlibetorum.
1286 1280 1377 1342 Hunc
1393 1297 1466 1342 vero
1483 1285 1569 1344 Nico·

91 1365 137 1427 nis
149 1383 239 1448 usque
256 1369 397 1451 Europae
415 1370 529 1450 finibus
546 1373 741 1454 conquisivit,
759 1379 795 1434 ut
846 1376 987 1438 4444444
1007 1381 1167 1456 scripsisse
1185 1377 1319 1438 libellum
1349 1375 1385 1436 de
1415 1373 1572 1436 latitudine

90 1475 172 1520 444444
193 1461 304 1536 italos,
323 1479 401 1542 poce
420 1463 611 1546 reliquorum
637 1466 790 1542 dicerim,
848 1467 1078 1549 Oppositiouum,
1091 1471 1234 1549 ingeniosi
1251 1463 1393 1529 iudicium
1411 1467 1571 1547 Astrologi,

88 1553 678 1640 toperaritlibrorumcopiooptimorum.
690 1561 792 1642 inquo
847 1563 886 1621 ita
901 1561 981 1622 enim
999 1563 1037 1622 ibi
1055 1561 1236 1640 legendnm,
1256 1578 1314 1621 non
1333 1568 1368 1623 ut
1385 1562 1422 1622 ab
1440 1561 1571 1622 Antonio

90 1640 291 1725 4444444444
307 1665 396 1710 croam
412 1645 683 1734 liberalitatemque
698 1659 792 1715 44444-
846 1651 934 1714 444444
955 1654 1069 1716 editam
1090 1661 1157 1727 est,
1179 1661 1270 1732 atque
1292 1661 1326 1714 ut
1352 1656 1490 1731 legerunt
1516 1657 1572 1715 Ba-

88 1737 143 1800 444.
158 1743 341 1804 'Communes
362 1752 453 1806 erant
472 1737 550 1806 lteri
566 1749 617 1809 sui
636 1745 792 1822 omnibus,
845 1747 921 1819 leus,
935 1748 1053 1808 Pitseos
1067 1754 1098 1809 44
1118 1745 1314 1824 Waddingus‚
1329 1749 1481 1824 proprium
1501 1746 1570 1807 inda

89 1831 162 1894 etiam
177 1835 304 1915 o'pnatis,
317 1842 441 1917 praesto
457 1837 605 1915 44444444,
624 1847 679 1902 444
695 1839 792 1920 lepore
845 1841 970 1901 alterius
983 1841 1084 1918 scripti
1107 1839 1229 1898 titulum
1250 1837 1461 1916 contingentes
1472 1883 1479 1913 ,
1486 1837 1572 1914 piade·-

88 1925 236 1991 4444444444
247 1935 304 1991 444
318 1929 541 2005 444444444444,
555 1949 650 2013 neque
663 1932 718 1994 ulli
732 1950 793 1994 om·
845 1933 934 1994 oium.
962 1931 1054 1994 Addit
1085 1931 1195 1992 deinde
1214 1931 1252 1992 ab
1277 1932 1345 1992 aliis
1372 1941 1572 1994 memoratum

87 2015 395 2101 omoeoeusaloonta'r,
412 2025 468 2106 qui
482 2031 539 2086 cut
553 2025 656 2088 doctus
672 2042 736 2088 4444
748 2027 794 2088 oi·
846 2028 932 2105 Opus
952 2025 988 2086 de
1012 2023 1105 2087 terto
1127 2026 1262 2104 nivino:
1283 2031 1315 2084 et
1335 2028 1571 2087 commentarios

17 2157 18 2178 l
87 2107 262 2176 teretur-out
280 2115 369 2178 444444
383 2116 501 2196 doceri,
518 2124 555 2178 ut
564 2117 688 2198 publico
703 2137 796 2199 quae-
848 2119 880 2179 in
893 2111 986 2180 'Petri
1005 2115 1195 2197 Lonpollordi
1213 2119 1262 2177 ii'.
1288 2115 1381 2179 444444
1410 2118 1573 2178 Sententia-

17 2195 19 2294 [
87 2201 795 2290 dombioliotltecaettnpmoorumsustenloaulum
848 2228 918 2271 rum
935 2209 1059 2271 Addunt
1076 2213 1195 2272 l’itscus
1212 2227 1279 2290 pag.
1296 2209 1367 2270 446.
1378 2218 1409 2270 44
1426 2209 1576 2273 44444444-

17 2301 18 2304 ’
88 2295 177 2362 mmm
190 2304 258 2382 4144
272 2303 512 2365 existimaretur.
531 2304 648 2365 Etenim
661 2323 710 2367 eoo
723 2353 729 2379 ,
743 2307 796 2386 pue
850 2320 907 2380 gns
917 2319 983 2381 pag.
997 2303 1065 2364 tot.
1081 2299 1259 2378 0444444444
1273 2300 1476 2377 8444444444,
1494 2319 1572 2383 quae

17 2315 19 2474 i
88 2387 257 2474 4444444444
273 2395 475 2471 occultarent,
492 2414 586 2478 noque
600 2415 668 2459 com
689 2401 797 2461 4444444
850 2396 939 2457 444444
961 2396 994 2456 V.
1019 2396 1065 2457 47.
1087 2395 1257 2475 Soplu'stion
1277 2396 1477 2474 appellantur.

83 2487 308 2568 pertimerent,
323 2481 391 2549 cum
407 2495 506 2551 essent
517 2490 592 2568 editi
605 2491 648 2552 aa
667 2509 797 2553 commu·
892 2489 1083 2552 Nicotaus
1104 2487 1264 2562 04444444,
1285 2491 1351 2548 sive
1373 2488 1414 2550 de.
1431 2487 1569 2556 04444444.

17 2645 18 2650 γ
85 2582 308 2642 nnoioeouam
318 2582 496 2659 utilitatem,
512 2582 795 2664 quodamnoaaao-
851 2583 948 2660 Supra
969 2581 1112 2644 Nicotaus
1134 2580 1343 2642 4444444444..

17 2671 19 2753 l
86 2668 236 2754 44444444,
270 2675 429 2759 affirmans
462 2676 635 2757 44444444·
667 2676 797 2738 homines
852 2731 856 2737 .
890 2676 1079 2740 n'lcotttts
1099 2676 1226 2737 0444444
1244 2677 1309 2735 slve
1328 2673 1571 2736 moimmsen:

18 2753 20 2840 Ι
86 2767 306 2830 imtricrimine
321 2767 476 2852 expilatae
491 2770 696 2832 haereditatis.
712 2770 797 2847 Quod
850 2787 999 2845 mannus,
1020 2772 1075 2854 vir¹
1089 2769 1198 2830 doctus
1219 2775 1250 2829 44
1271 2767 1434 2842 cordatus,
1455 2771 1571 2846 peritas

18 2845 20 2918 l
84 2862 466 2942 ouumepreyiomloudom
479 2870 795 2941 meretur,summom
836 2851 940 2924 Ι44444
952 2863 1231 2925 llatltematicarcm
1243 2858 1412 2922 litterarum
1424 2863 1472 2922 cui
1483 2861 1573 2922 inan-

18 2933 21 3018 l
84 2962 190 3026 lteram
204 2951 795 3032 curamqueodltibuitadperoectipom-
850 2972 905 3016 nes
915 2956 1102 3018 Galliaellex
1119 2957 1331 3033 magnanimus
1347 2959 1379 3014 et
1392 2953 1570 3016 eruditionis

18 3053 20 3100 ι
83 3040 126 3103 iae
148 3037 305 3121 auctores,
326 3046 384 3126 qui
401 3045 500 3129 culpa¹
512 3054 677 3128 temporum
694 3049 794 3125 perie—
847 3065 954 3110 amans
982 3049 1077 3110 illium
1106 3065 1216 3123 soum,
1238 3046 1333 3108 Caroli
1355 3049 1389 3109 V.
1419 3048 1569 3125 Sapientis

18 3125 20 3182 ἶ
84 3141 237 3219 ront3qun
255 3139 794 3220 mreoerepossumdieereomnes
850 3138 1571 3215 nominedeindcclarum,instituendcmcom·

18 3249 20 3350 Ι
82 3224 134 3302 fere
148 3228 262 3308 libros,
277 3232 333 3311 qui
343 3232 460 3293 4444444
475 3238 541 3294 tum
550 3231 590 3294 44
601 3231 670 3296 44444
681 3233 796 3314 reperti
849 3236 939 3294 misit.
968 3235 1145 3313 'theologus
1165 3234 1343 3294 Parisiensis
1369 3231 1570 3308 Gymnasium

19 3365 21 3382 .
81 3327 154 3398 tunt,
172 3329 236 3384 4444
257 3343 279 3384 4
296 3341 342 3386 me
359 3325 447 3405 opto,
468 3327 523 3406 qui
538 3326 686 3406 iotoprum
701 3329 796 3400 Quin·
848 3328 1030 3388 Navarreum
1049 3326 1213 3404 regendum
1229 3326 1365 3402 suscepit
1379 3324 1414 3384 Α.
1433 3324 1521 3385 taso.
1539 3330 1572 3384 44

19 3487 20 3494 ¹
82 3414 205 3478 tiliacum
218 3461 226 3492 ,
237 3417 346 3498 plures
359 3419 513 3482 Ciceronis
522 3420 619 3481 nostri
629 3421 793 3493 44444444,
847 3421 1015 3499 Episcopus
1031 3418 1069 3478 ab
1082 3421 1169 3479 anno
1188 3417 1276 3479 4377.
1292 3418 1506 3488 lexoviensis,
1519 3416 1572 3476 de-

19 3509 21 3572 l
82 3505 171 3572 Silium
193 3513 355 3584 italicum,
375 3513 504 3574 Nonium
521 3513 716 3591 4444444444,
736 3515 794 3574 Lu·
850 3513 972 3573 iunctus
992 3519 1039 3574 cst
1060 3510 1095 3571 Α.
1118 3499 1207 3572 test.
1229 3511 1272 3569 De
1292 3526 1328 3570 4ο
1350 3513 1469 3587 praeter
1486 3507 1571 3568 Sam-

19 3627 20 3690 4
82 3605 151 3662 metii
167 3611 310 3684 portem,
332 3602 496 3685 motaeque
508 3609 670 3686 praetereo
686 3623 702 3666 4
720 3607 794 3668 Ger·
850 3605 1023 3666 marthanos
1038 3604 1153 3664 tomi.
1168 3601 1281 3663 Galliae
1296 3602 1486 3662 Christianae
1504 3617 1569 3678 pag.

19 3701 20 3734 ³
84 3705 227 3757 mnarum
250 3693 466 3777 Gallorumque
482 3697 647 3776 4494444444
665 3698 793 3759 mendi·
848 3697 917 3758 650.
944 3704 976 3758 44
1004 3694 1168 3773 Lacnojum
1201 3695 1230 3754 in
1260 3692 1570 3769 historiavamnasli

19 3775 21 3822 4
85 3783 189 3864 4444444
221 3790 344 3870 eripui,
374 3797 465 3870 otqrte
485 3790 516 3849 in
548 3789 643 3851 iucem
674 3790 792 3867 extuli,
848 3793 990 3854 Navarrci
1008 3798 1093 3869 parte
1110 3793 1137 3851 3.
1157 3805 1222 3866 pag.
1243 3787 1311 3848 454.
1330 3801 1395 3862 seq.
1413 3783 1572 3845 adeundus
1684 3811 1688 3819 ¹

85 3877 186 3944 dicoloi
204 3899 323 3958 44444,
343 3881 493 3961 imputem,
511 3881 742 3959 cohortatione,
764 3889 793 3945 44
848 3887 975 3946 llcetius
996 3885 1026 3942 in
1047 3881 1220 3960 Originibus
1241 3877 1481 3940 Codomonsibns
1505 3892 1570 3955 cap.

20 4003 21 4038 l
83 3987 163 4048 44444
181 3974 348 4038 uerborum
370 3975 508 4037 molestia
528 3993 591 4037 esse
612 3977 727 4038 Latinio
749 3975 794 4037 tit
848 3978 897 4040 ot.
919 3977 988 4038 llihi
1009 3977 1085 4036 satis
1106 3975 1198 4034 444444
1225 3973 1361 4032 notitiam
1389 3973 1571 4050 scriptorum

20 4111 21 4114 ,
85 4067 144 4129 terit
161 4069 329 4132 restitutos.
348 4071 409 4142 leat
433 4070 589 4132 Fabricios
607 4069 655 4130 hio
672 4071 702 4130 in
721 4073 795 4132 ima·
848 4063 1571 4147 exlaunoio,observationibusquibasdammeis

20 4143 22 4266 p
85 4161 394 4234 poasotvideturstnt
412 4165 613 4243 complacere.
626 4163 689 4224 Vid.
703 4163 794 4226 444444-
849 4163 1062 4242 4444ρ4444444
1083 4169 1153 4222 tum
1177 4161 1288 4220 4444444
1309 4160 1540 4220 communicare.

86 4265 173 4316 444444
204 4259 234 4317 44
268 4258 336 4316 eius
356 4257 431 4317 Vita.
454 4257 497 4317 De
525 4257 590 4317 Nic.
604 4257 720 4318 Niccoli
734 4257 794 4317 vid.
1152 4251 1264 4312 Edita:

85 4343 218 4424 Gagliardi
241 4351 380 4429 operette
399 4351 522 4412 Brescio
543 4337 629 4412 4763.
653 4351 697 4425 8.)
890 4346 1194 4410 Liberdemutotione
1205 4347 1339 4407 Monetae
1353 4344 1478 4418 ,abono
1491 4347 1572 4404 l’rin-

117 4439 270 4507 tttcotnt
288 4443 410 4505 Nasoni
422 4443 597 4505 Sermonem
615 4445 652 4504 de
666 4445 796 4506 Venera-
849 4447 915 4522 cipe
933 4460 992 4502 non
1010 4439 1220 4521 permittenda.
1239 4441 1348 4500 Exstat
1365 4439 1394 4496 in
1412 4438 1484 4498 Bibl.
1503 4451 1572 4498 san-

87 4533 127 4594 4444
140 4539 337 4600 Sacramento
354 4539 485 4618 corporis
503 4539 617 4602 Cllristi
634 4542 707 4600 citat
724 4541 797 4600 Bao·
850 4545 968 4598 olorum
980 4537 1111 4610 Patrum,
1123 4537 1216 4595 Paris.
1231 4539 1302 4594 tom.
1316 4533 1366 4593 tx.
1383 4531 1570 4592 tutelast.

88 4629 143 4690 mot
158 4630 194 4692 ad
212 4631 250 4692 Α.
269 4631 303 4690 G.
322 4631 410 4692 4444.
432 4649 461 4691 n.
478 4631 526 4694 26.
545 4649 610 4712 pag.
633 4633 701 4694 374.
722 4631 795 4695 Vide
850 4632 954 4692 Calon.
975 4630 1135 4692 tom.le
1156 4635 1187 4688 et
1209 4623 1303 4704 Lugd.
1325 4631 1396 4683 tom.
1418 4621 1515 4682 xxvi
1542 4639 1570 4698 p.

88 4735 163 4799 sopra
179 4721 340 4785 Nicolaum
358 4722 503 4806 Dionysii.
849 4722 918 4785 tto.
941 4723 1051 4784 Prodlil
1071 4727 1103 4782 et
1124 4722 1152 4779 in
1175 4717 1341 4796 appendice
1361 4715 1496 4790 Operum
1521 4714 1571 4772 io-

118 4813 310 4880 ttcotntts
323 4815 467 4878 Notarius
480 4817 511 4879 S.
521 4819 674 4880 Bernardi.
686 4819 792 4900 Supra,
849 4818 938 4876 annis
968 4815 1112 4877 Gaisonis
1134 4817 1189 4888 lut
1210 4815 1294 4869 notat
1324 4808 1497 4878 Gesnerus,
1519 4807 1571 4883 qui

89 4906 215 4975 tiioolnue
238 4909 501 4976 claraevallensis.
850 4911 927 4972 malo
955 4907 1047 4972 reiert
1078 4907 1116 4968 ad
1145 4905 1225 4966 Guil.
1255 4903 1400 4964 Oromum
1422 4897 1570 4976 4444444)
