3368 5362
135 157 137 166 ’
186 202 246 265 sao
762 190 1091 255 nrcnnnnus

186 311 331 380 nicanus,
354 304 528 382 Tbeologiaa
550 304 658 362 Doctor
679 309 711 361 et
732 302 761 360 in
791 299 904 361 Acade·
958 299 1070 365 Usserii
1095 299 1253 360 Historiam
1275 299 1485 376 Dogmaticam
1499 298 1662 381 descriptu-

187 403 245 460 mia
262 392 424 458 oxoniensi
440 397 599 456 Professor.
613 395 791 456 individuus
801 410 903 453 comes
958 395 999 452 ris
1019 399 1050 452 et
1070 394 1164 453 sacris
1180 389 1358 451 vernaculis
1380 391 1663 468 6196966666

187 495 242 555 luit
263 492 380 552 lioberti
404 491 530 561 bacani,
549 505 618 550 cum
637 505 695 566 quo
707 487 811 549 eodem
824 503 904 546 anno
956 489 1055 546 omnia
1077 486 1167 545 simul
1191 487 1248 544 ista
1269 483 1431 562 opuscula
1452 501 1527 545 cura
1549 489 1594 546 lo.
1622 489 1665 548 Su

186 587 250 647 scil.
276 584 362 646 1348.
384 584 491 646 Ononii
513 585 606 642 vitam
640 582 746 641 sinivit.
778 581 904 658 Scripsit
957 578 1056 654 doris,
1078 579 1168 639 Paris.
1191 579 1278 638 4541.
1301 578 1665 641 ttaecoeteroridewba·

190 677 398 742 Comentoriot
419 674 553 752 sititae,
576 679 607 735 in
623 675 758 756 primum
783 680 904 734 noctur·
957 674 1039 745 toni,
1062 689 1131 732 nam
1154 670 1227 730 baec
1248 670 1407 750 Opuscula
1431 671 1498 749 ipse
1521 689 1578 731 non
1611 674 1665 735 vidi.

184 790 256 833 num
277 769 489 845 Psalmorunr,
504 771 535 829 in
554 766 723 829 Parabolos
740 766 904 830 Salomonis
959 764 1071 824 Confer
1090 764 1128 824 de
1150 763 1206 824 bac
1239 765 1452 824 controversia
1484 763 1530 824 lo.
1567 768 1665 843 launoii

184 867 215 926 r'n
235 863 415 943 Mapistrrnn
436 861 676 923 Sententiarum:
700 862 741 922 De
755 861 904 940 poeniten·
956 858 1158 919 traditionem
1188 857 1344 916 Ecclesiae
1380 857 1567 935 explicatam
1604 862 1666 920 circi

184 959 247 1030 146,
265 954 406 1016 Pastillos
422 943 571 1028 morales,
589 954 780 1031 Quaestionee
796 952 903 1014 uariat
956 949 1108 1011 Cononem
1131 949 1237 1009 Omnes
1252 948 1416 1028 utriusque
1436 967 1558 1023 resur,
1576 970 1601 1013 c.
1616 955 1665 1011 tt

182 1060 213 1112 et
235 1046 420 1127 pooatiiera.
444 1048 594 1110 Lelandns
614 1067 641 1108 c.
674 1049 744 1109 259.
776 1048 902 1108 Bulaeus
957 1043 1123 1121 lOperum
1146 1059 1174 1120 p.
1197 1042 1268 1104 274.
1288 1057 1379 1119 seqq.
1402 1040 1475 1104 tor.

183 1142 531 1206 continuerimus
561 1159 588 1200 c.
622 1141 690 1201 342.
722 1143 765 1199 to.
800 1142 903 1199 Princo
998 1134 1025 1195 5.
1048 1135 1224 1211 Sequuntur
1246 1133 1381 1193 inedita:
1407 1133 1664 1199 lnlibrosSenter

182 1236 339 1298 Danmonii
361 1235 531 1296 Orientales
549 1235 683 1295 illustres
705 1252 732 1311 p.
755 1234 822 1293 292.
896 1266 899 1271 -
958 1229 1090 1304 tiaram,
1108 1227 1139 1286 in
1157 1225 1339 1305 Evanpelia,
1357 1225 1397 1287 de
1405 1234 1586 1310 paupertate
1596 1231 1665 1293 ctri-

223 1329 324 1389 Alium
348 1328 440 1405 buius
463 1329 593 1387 nominis
614 1334 761 1387 memorat
784 1328 902 1386 Pitseus
958 1321 1016 1395 sti,
1038 1318 1181 1398 Drblopus
1197 1317 1344 1380 derebus
1361 1319 1409 1380 ad
1436 1323 1470 1383 8.
1500 1325 1665 1403 sepner·

184 1440 212 1482 e.
235 1423 303 1480 498.
326 1410 342 1480 e
365 1422 450 1480 Sixto
482 1421 629 1492 Senensi,
662 1420 715 1481 sed
750 1422 779 1479 in
811 1435 901 1497 quem
951 1410 1192 1494 pertinentibus,
1210 1415 1394 1473 Sermonum
1420 1413 1575 1485 Velamen,
1593 1420 1664 1479 Vrion

183 1514 381 1591 omniabujus
390 1516 482 1572 nostri
494 1514 902 1590 conveniuntpraeterquam
957 1511 987 1569 S.
1007 1507 1161 1569 Manebini
1178 1503 1324 1580 abbatis,
1347 1511 1403 1586 qui
1428 1512 1511 1570 vixit
1527 1528 1552 1571 a.
1566 1512 1663 1572 6111146

186 1607 266 1686 quod
289 1609 315 1666 ei
337 1624 365 1667 a.
387 1607 473 1668 4336.
495 1613 526 1666 et
549 1605 630 1665 liber.
651 1603 687 1666 de
708 1603 903 1682 Irrdnlpentirb
956 1598 1097 1661 laudibus
1119 1597 1310 1661 deanssimae
1331 1602 1479 1680 cirpinic
1502 1588 1662 1667 4466466414

183 1699 372 1761 adscribitur.
410 1702 503 1777 igitur
535 1715 615 1761 unus
647 1706 765 1760 tantum
801 1708 903 1761 manet
953 1699 1097 1774 potestate
1116 1688 1508 1774 spiritualt,depaesiane
1520 1698 1660 1770 1166646,

180 1792 348 1854 bichardus
368 1794 536 1865 insertus,
558 1792 638 1870 quod
660 1801 691 1853 et
711 1794 826 1854 calculo
847 1810 903 1855 suo
958 1786 1151 1863 (insertiones
1172 1784 1209 1847 de
1229 1785 1389 1847 audienda
1412 1789 1658 1871 confusionem·

181 1886 341 1947 confirmat
361 1886 422 1946 lac.
445 1887 550 1958 Quetil
567 1885 604 1945 de
619 1887 832 1964 scriptoribus.
849 1887 905 1949 Or·
958 1893 1010 1943 tra
1023 1898 1112 1942 raum
1129 1878 1404 1956 tertianarum,
1426 1882 1654 1964 3661646466-

186 1978 246 2038 dio.
270 1977 511 2038 Praedicatorum
535 1985 596 2038 tom
619 1980 640 2038 1.
665 1998 691 2057 p.
714 1982 782 2041 618.
957 1973 1025 2055 lapi,
1039 1971 1445 2054 Responrioadobjeationer
1456 1977 1653 2039 irradiantur

224 2068 904 2150 61611666686466661,6666643146661-
957 2085 1049 2149 super
1069 2066 1269 2128 declaratione
1293 2065 1331 2127 de
1364 2065 1423 2128 itta
1455 2068 1652 2148 samanae

187 2163 239 2241 phi
262 2163 363 2236 iilius,
385 2163 515 2224 Lelando
536 2163 783 2245 Filorarlalplrnr,
803 2167 905 2227 ltiber-
957 2160 1128 2236 loannina,
1150 2158 1400 2222 Varlilectionie.

185 2271 244 2315 nus
261 2299 268 2328 ‚
288 2257 383 2332 patria
404 2255 641 2331 Dundallreosis,
663 2259 905 2320 Oxoniiloannis
999 2258 1026 2315 6.
1050 2254 1141 2315 Biblia
1164 2253 1340 2332 inlingnam
1354 2255 1551 2318 ilibernicam
1561 2271 1648 2318 morer·

187 2348 395 2427 Bacontborpii
411 2348 905 2426 discipulus‚posteaTheotl‘ro-
959 2351 1013 2424 tit,
1035 2348 1125 2428 cujus
1147 2348 1318 2426 fragmenta
1344 2353 1466 2427 passim
1490 2354 1521 2412 in
1549 2351 1646 2412 1141666

183 2439 357 2514 iessor,ab
378 2439 519 2501 Eduardo
538 2443 585 2502 lll.
605 2444 831 2522 itegeprimum
849 2447 905 2506 De·
958 2449 1079 2502 exstare
1100 2440 1187 2501 docet
1209 2437 1355 2501 Usserius
1378 2440 1644 2520 tibrocitanpttt.
1681 2430 1683 2441 '

183 2549 280 2594 canus
304 2533 542 2608 lichfeldensis,
565 2543 633 2614 post
653 2553 679 2597 a.
704 2538 790 2598 1333.
822 2538 902 2599 Can·
958 2538 1066 2597 Notata
1085 2534 1210 2612 dignum
1231 2539 1298 2607 est,
1321 2535 1408 2612 quod
1428 2535 1469 2598 de
1486 2553 1548 2616 ipso
1557 2536 1643 2598 146166

181 2626 322 2687 cellarius
342 2626 545 2706 Oxoniensis,
566 2628 688 2689 tandem
703 2645 729 2689 a.
744 2629 830 2691 4317.
846 2631 902 2691 Ar·
955 2630 1041 2689 Cent.
1065 2628 1141 2688 lilV.
1164 2626 1211 2686 97.
1234 2629 1265 2686 46
1285 2626 1433 2706 Append.
1456 2647 1486 2709 p.
1500 2627 1642 2692 24611464-

183 2716 394 2795 cbiepiscopns
412 2719 622 2782 Armacbanus
643 2723 828 2783 constitutus
843 2731 900 2783 est.
956 2720 1013 2783 dus
1028 2737 1136 2781 nouam
1155 2719 1272 2783 Christi
1291 2720 1519 2783 Testamentum
1532 2717 1642 2800 4614446·

182 2811 258 2871 Cnm
280 2810 443 2873 Ordinibus
464 2813 696 2875 llendicantium
715 2815 828 2876 multae
845 2817 900 2893 ipsi
955 2817 1021 2877 nico
1041 2830 1177 2879 termam
1197 2811 1287 2893 (sorte
1307 2832 1327 2873 a
1349 2830 1386 2876 ee
1407 2814 1588 2888 nommant
1610 2828 1641 2869 aa

184 2919 369 2982 magnaeque
399 2908 643 2980 controversiae,
665 2908 728 2982 sic,
762 2914 795 2968 ut
828 2925 898 2968 enm
955 2926 991 2970 no
1012 2925 1071 2969 uno
1091 2912 1147 2966 664
1166 2905 1350 2967 altercante
1371 2924 1465 2969 msam
1485 2904 1664 2976 norem

180 2995 367 3056 Avenionem
390 2997 426 3058 ad
449 2999 622 3060 Pontificem
650 3002 796 3073 citarent,
831 3001 900 3074 ubi,
954 3000 1085 3083 quodam
1102 2998 1333 3061 eeclesiaerrrae
1346 2995 1639 3067 66666666641661611

182 3095 341 3167 postquam
365 3092 492 3150 triennio
510 3091 661 3167 haeserat,
679 3111 695 3154 a
718 3094 805 3154 4369.
820 3095 901 3156 obiit.
954 3095 1043 3174 cujas
1062 3093 1141 3173 fine,
1166 3093 1513 3173 qnasiproplretrbanr,
1537 3086 1639 3154 166466

179 3180 257 3242 Ossa
278 3183 345 3260 ejus
366 3185 395 3243 46
427 3184 597 3245 Hiberniam
628 3186 774 3248 translata
807 3194 900 3260 suot,
951 3188 1029 3268 psit.
1054 3185 1130 3248 Cum
1154 3185 1639 3256 16461411664666646616641,6ι

179 3273 229 3334 ubi
252 3276 406 3335 miraculis
428 3276 625 3338 inclarescere
645 3281 753 3358 coepit.
783 3280 899 3358 Scripta
955 3283 1028 3342 ritas
1050 3282 1103 3339 toti
1126 3279 1238 3339 mundo
1257 3275 1639 3355 manifestabitur,relitri

78 3421 81 3427 ν
181 3369 249 3446 ejus
266 3368 340 3430 hiet
357 3376 440 3430 sunl·
709 3403 712 3407 ’
955 3381 1023 3436 stus
1043 3372 1108 3432 orbi
1132 3390 1200 3433 mox
1222 3372 1392 3451 apparebit.
1417 3374 1457 3435 Et
1475 3378 1594 3456 reperiet
1612 3367 1640 3424 nt

223 3465 250 3522 1.
272 3463 432 3524 Sermones
455 3465 502 3524 lV.
525 3465 567 3525 ari
588 3467 715 3529 Crucem
739 3463 901 3527 londinen-
954 3466 1004 3529 ille
1025 3464 1100 3528 liber
1116 3465 1200 3526 circa
1226 3483 1342 3526 annrrm
1369 3485 1392 3527 a
1421 3474 1492 3528 nato
1516 3467 1636 3530 Semelen

177 3572 239 3617 sem
261 3573 289 3615 a.
315 3559 392 3618 4366
405 3556 517 3635 traditi,
530 3565 621 3639 atque
637 3558 693 3619 atii
707 3558 742 3618 de
759 3558 900 3622 laudibus
955 3562 1042 3624 4630.
1064 3560 1095 3619 46
1115 3548 1311 3639 reparatione
1326 3559 1465 3637 quedem
1479 3557 1605 3623 ecclnim

179 3648 338 3729 Deiparae.
995 3655 1082 3716 Plura
1105 3653 1142 3714 de
1164 3653 1214 3712 illo
1235 3651 1353 3713 dabunt
1377 3654 1531 3715 Lelandus
1547 3669 1569 3733 c.
1595 3643 1636 3705 nt

217 3743 247 3800 2.
267 3744 391 3804 Summa
412 3744 466 3805 sen
482 3743 555 3805 libri
572 3747 649 3807 XIX.
665 3745 815 3806 aduersos
842 3748 900 3806 Ar·
955 3748 1083 3809 balaeus
1105 3747 1220 3807 Centur
1240 3746 1275 3805 E.
1299 3745 1350 3804 94.
1372 3748 1454 3807 xiv.
1471 3747 1518 3808 97.
1535 3747 1637 3802 wanti

179 3851 287 3895 maros.
311 3838 393 3896 Paris
415 3840 502 3899 4612.
954 3841 992 3901 de
1013 3839 1218 3918 Scriptoribus
1241 3837 1403 3899 Hiberniae
1425 3840 1477 3902 lib.
1499 3841 1519 3900 l.
1540 3853 1593 3916 pag·
1606 3827 1635 3885 ⁶⁹·

219 3928 246 3985 3.
269 3929 311 3986 tte
340 3929 559 3992 intentionibus.
584 3931 768 3992 iudaeorum
801 3933 899 3994 Wolfii
955 3936 1044 3995 ilenr.
1067 3932 1215 3993 Whertoo
1238 3932 1267 3989 in
1290 3930 1483 4009 Appendad
1500 3931 1634 3995 cirenae

183 4018 257 4076 Bibl.
280 4022 365 4080 liebr.
389 4023 425 4082 ll.
449 4042 475 4101 p.
501 4025 587 4086 illiti.
955 4028 1003 4088 31.
1024 4029 1067 4086 to.
1089 4027 1194 4085 Princa
1216 4024 1378 4084 llanmonii
1410 4023 1571 4085 orientale
1593 4015 1634 4075 iilr

222 4109 248 4166 4.
267 4110 404 4190 Defensio
422 4118 470 4176 vel
483 4115 690 4197 Defensorinm
714 4118 899 4180 curatorum
952 4126 1033 4179 stres
1055 4136 1081 4196 p.
1103 4116 1352 4178 2966166666
1374 4134 1404 4194 p.
1426 4117 1476 4177 23.
1489 4118 1535 4178 bb

178 4197 323 4260 66666666
341 4204 468 4268 Fratres
491 4209 720 4288 Mendicantes‚·
736 4228 791 4273 seu
825 4211 899 4273 Ora·
996 4212 1013 4247 ⁴
1034 4212 1222 4288 Quamquam
1244 4208 1416 4287 disquirere
1439 4211 1508 4271 nolo
1533 4223 1566 4269 ao
1589 4211 1632 4258 itti

180 4294 221 4353 tio
242 4310 341 4355 coram
365 4299 442 4374 Papa
464 4309 495 4360 et
516 4303 726 4366 cardinalibus
743 4305 898 4367 Arenione
953 4305 1033 4377 sint,
1056 4320 1133 4381 quaa
1166 4303 1265 4362 ierunt
1286 4300 1325 4360 de
1346 4303 1494 4363 vaticinio
1514 4294 1633 4362 61146114·

177 4403 204 4446 a.
227 4387 313 4448 4337.
337 4390 445 4451 habita.
469 4395 789 4460 Prodiitl‘aris.il96.
809 4401 896 4462 4625.
952 4391 1632 4475 (464646466664666666666666646,66611
1683 4400 1684 4414 ¹

165 4482 316 4541 611632.
339 4483 635 4564 etap.Goldastum
658 4493 696 4553 de
727 4494 896 4555 llonarcbia
953 4490 1001 4550 hic
1032 4488 1301 4551 Bibliothecarius:
1336 4505 1374 4548 eo
1409 4496 1512 4551 tumen
1541 4481 1633 4548 61669

176 4571 253 4650 lmp.
279 4580 348 4635 tom.
372 4578 407 4637 ll.
431 4596 458 4657 p.
482 4580 569 4642 4392.
592 4584 750 4646 Tractatus
785 4586 833 4646 ille
866 4589 894 4645 in
951 4585 1181 4662 protestantium
1204 4583 1315 4660 ubique
1332 4580 1477 4660 dogmata
1492 4597 1546 4642 666
1558 4577 1632 4656 jurio·

176 4664 335 4741 Anglicum
358 4685 530 4732 sermonem
542 4680 896 4739 conversusestaloan·
949 4685 1008 4738 tur.
1030 4678 1142 4738 Demm
1171 4678 1253 4738 enim
1285 4673 1473 4737 Richardum
1498 4667 1631 4749 scriptulist

178 4771 217 4814 ne
238 4758 385 4837 Trarisa,
407 4772 439 4824 et
460 4765 517 4826 luit
538 4768 567 4824 in
591 4768 663 4827 ltibl.
682 4771 813 4831 Thomas
840 4772 895 4831 Te.-
950 4774 1023 4830 tunc
1042 4768 1167 4830 demum
1188 4765 1390 4846 detegendam
1412 4767 1475 4829 iore
1500 4766 1630 4827 renuisti

179 4847 284 4919 nisan,
306 4857 383 4912 teste
406 4858 611 4919 iVlrartonoin
624 4862 764 4921 ductario
777 4861 812 4921 ad
832 4862 908 4922 tac.
949 4878 1019 4922 enm
1041 4860 1154 4921 Codex.
1176 4861 1225 4922 ille
1242 4875 1338 4933 snus,
1357 4875 1451 4936 quem
1471 4868 1540 4920 tunc
1552 4858 1576 4914 in
1588 4864 1629 4910 ni·
