3368 5362
93 173 154 237 582
774 160 880 223 UGO

93 277 281 345 Taurinensi.
300 274 383 349 Quod
403 290 478 354 opas
491 272 593 336 italice
609 271 646 334 ab
661 285 812 349 anonymo
868 266 909 329 du
924 268 982 329 lies
997 262 1117 339 35388
1133 266 1208 329 tomi
1225 266 1263 328 ll.
1276 265 1398 328 Parisiis
1410 263 1479 326 Petit
1491 266 1539 330 333

93 375 208 454 pluries
228 370 336 452 prodiit
356 368 512 432 Mediolani
533 364 608 429 1381
627 372 658 426 33
676 364 769 441 1507,
783 360 812 424 3.
866 364 886 426 8
902 365 934 425 Τ.
953 365 1004 424 ill.
1024 362 1172 441 Anturrp.
1189 361 1299 423 8311333
1320 358 1407 429 1637,
1422 362 1438 421 8
1453 363 1483 421 t.
1496 363 1533 423 ll.

95 469 216 531 Taurini
235 466 321 541 tuto,
341 464 426 534 3638,
445 463 472 522 8.
907 455 1539 536 -03333339333333333333333335183333

136 558 318 640 imprimam
336 559 398 617 Fen
414 555 581 617 Aulaeuuae
594 554 677 616 8333.
692 550 756 613 XV.
775 550 813 611 si·
869 572 915 635 ap.
933 555 1089 615 Variacum
1110 551 1200 621 3383,
1217 550 1250 613 8.

97 672 135 717 33
156 655 218 716 1333
237 658 267 712 33
285 669 363 713 3333
379 655 408 711 33
428 652 455 712 3.
476 652 576 731 Super
602 657 716 731 quarta
742 644 814 709 Fen.
910 648 1023 709 inedita
1042 665 1114 706 vero
1136 650 1299 709 Sermones
1315 644 1353 706 de
1368 645 1532 707 Trinitateet

95 752 200 812 Venet.
219 745 299 809 3383
316 747 335 807 3.
873 745 904 807 8.
919 743 1081 804 Laurentio
1103 742 1185 803 MSS.
1202 744 1367 818 Augustae
1382 740 1535 801 Vindelicu.

136 845 234 923 Super
250 839 438 922 aphorismos
451 837 645 919 Hippocratis
658 836 742 897 -ln
754 842 817 899 tres
914 838 1208 901 -Communes-
1227 837 1271 897 Do
1288 834 1412 898 Sartctir
1428 833 1498 897 etde
1511 834 1539 895 0

97 937 187 1001 libros
204 935 395 997 blicroteohni
413 934 529 995 Galeni.
549 933 684 994 Venetiis
701 929 779 995 1533
796 931 816 991 3.
876 932 918 994 ria
934 965 973 979 —
991 931 1031 991 De
1049 936 1112 991 octo
1130 928 1222 992 uitiis.

96 1037 140 1097 lle
157 1030 297 1093 febribus.
314 1029 387 1089 Vide
914 1028 1080 1089 Florentiae
1097 1024 1134 1086 ad
1155 1025 1185 1086 S.
1206 1027 1299 1085 blarci
1320 1023 1407 1085 3333.
1425 1025 1459 1085 ll.
1472 1040 1497 1083 3.
1509 1024 1539 1087 tt

139 1121 499 1188 MarzucbelliScrittori
521 1119 669 1197 attalia,
699 1117 821 1182 Tirabo·
914 1122 954 1182 Et
980 1136 1048 1182 cum
1069 1119 1097 1178 in
1128 1119 1249 1195 prologo
1268 1119 1452 1180 Sermonum
1468 1118 1536 1177 dete

99 1213 660 1295 33338333333133333039333133333333
675 1213 820 1294 Pontificj.
876 1233 946 1295 porc
968 1213 1087 1274 scribat.
1119 1212 1180 1291 Epo
1205 1210 1360 1272 oriundus
1391 1211 1425 1271 de
1448 1214 1526 1271 Proto

139 1312 268 1377 Consilia
284 1314 433 1372 Bononiae
449 1310 537 1373 3383.
552 1310 657 1372 Venet.
674 1309 754 1373 3318
768 1308 817 1370 331.
873 1306 981 1390 (lorr'rio
999 1305 1253 1368 Praedicatorum
1272 1305 1382 1366 ordine
1397 1306 1539 1365 minimum

138 1407 216 1469 UGO
236 1403 717 1484 3303333333,’1333333333333
740 1403 814 1466 urbs
876 1403 973 1482 lepido
993 1402 1070 1481 apud
1084 1417 1157 1463 suos
1173 1417 1327 1479 agnomen
1348 1398 1385 1460 ele
1411 1397 1539 1476 Pratoplor

96 1499 185 1561 bodie
201 1498 280 1562 Cr'ttd
293 1496 325 1558 di
342 1496 469 1559 Castello
492 1504 624 1571 vocatur,
640 1496 709 1560 Ord.
734 1499 819 1557 Prae·
877 1497 1016 1559 obtinuit.

101 1593 264 1655 dicatorum
276 1593 441 1653 Florentino
457 1593 485 1651 in
497 1598 650 1653 conventu
666 1590 696 1651 S.
712 1591 820 1652 itariae
918 1592 977 1650 b'ec
992 1589 1132 1650 divorsus
1150 1588 1187 1649 ab
1206 1589 1282 1663 ipso,
1293 1588 1339 1649 uti
1360 1604 1436 1659 reor,
1449 1589 1479 1648 t.
1491 1585 1539 1665 llpo

102 1687 236 1748 novellae
267 1703 294 1746 a.
325 1685 404 1747 1337
436 1687 556 1765 scripsit
590 1683 621 1745 ia
651 1683 819 1767 sphaeram
879 1683 972 1745 Proto
991 1686 1048 1756 ille,
1066 1683 1181 1760 dequo
1199 1682 1539 1762 Quetifiusidem,{iom

99 1779 224 1840 ioannis
244 1778 280 1840 de
300 1776 495 1841 Sacrobosoo.
514 1780 618 1852 Quetit
632 1778 670 1840 de
692 1778 821 1858 Scripto-
878 1795 943 1855 pag.
960 1775 1036 1851 593.)
1054 1778 1117 1836 333.
1134 1774 1261 1853 Philippi
1281 1776 1436 1836 Tomasini
1452 1777 1477 1833 in
1495 1774 1538 1836 ltib

102 1874 185 1936 ribus
206 1873 276 1935 Ord.
300 1872 540 1935 Praedicatorum
565 1882 636 1935 tom.
659 1875 681 1935 l.
702 1892 729 1953 p.
752 1874 821 1937 593.
879 1870 965 1931 tboca
986 1871 1127 1932 Patavina
1147 1886 1212 1947 pag.
1231 1869 1271 1930 52
1290 1867 1351 1928 iide
1370 1871 1458 1929 nisus
1471 1868 1539 1926 breui

149 1966 230 2049 (337)
255 1966 429 2029 lucboatum
448 1967 600 2030 Parisiis.
618 1967 716 2030 ..sed
724 1967 824 2050 perse·
879 1965 1019 2043 loquitur,
1037 1972 1067 2024 33
1085 1981 1099 2024 3
1117 1970 1219 2022 nostro
1237 1961 1466 2041 distinguendo.
1483 1962 1539 2022 Eim

110 2067 189 2122 ctum
217 2059 386 2123 Florentiae
402 2079 450 2122 an.
468 2062 727 2125 thCCXXXVll.
759 2064 822 2137 lta,
920 2060 1076 2120 Sermones
1091 2055 1250 2117 itinerarii
1274 2055 1353 2116 dicti
1371 2073 1448 2116 anno
1467 2055 1534 2117 3339

102 2151 189 2232 juxta
205 2152 384 2228 Quatiirum,
406 2155 434 2211 in
453 2152 563 2213 Codice
583 2155 633 2233 qui
653 2153 776 2216 artabat
795 2156 823 2214 in
881 2152 970 2214 tertia
999 2151 1074 2213 tatii
1095 2153 1138 2213 uti
1165 2169 1212 2228 ap.
1245 2153 1462 2212 Dominicanos
1491 2152 1539 2209 333.

103 2247 252 2310 03333333
270 2249 300 2309 8.
323 2248 476 2320 Honorati,
503 2249 641 2325 Parisiis3
665 2267 720 2310 nec
737 2250 823 2328 plura
880 2255 1040 2318 extantes,
1065 2248 1157 2308 alium
1176 2247 1316 2326 ugonem
1341 2245 1379 2306 de
1407 2245 1492 2306 Prata
1512 2241 1539 2321 jn

106 2342 144 2403 ‹ie
162 2341 217 2400 boc
234 2342 378 2420 scriptore
394 2342 438 2400 Jo.
456 2343 533 2402 Mazi
548 2343 715 2422 Episcopus
733 2345 761 2403 in
778 2361 827 2423 op.
882 2360 951 2404 eum
966 2343 1166 2403 constituunt.

103 2434 246 2499 Memorie
262 2433 291 2495 di
315 2436 348 2497 C.
374 2434 403 2494 di
429 2435 559 2497 Castello
586 2439 679 2498 Tomo
697 2439 730 2499 V.
755 2436 825 2500 333.
921 2437 1173 2498 AtTomasiniani
1191 2439 1352 2513 typotetae
1369 2434 1531 2514 sphalmati,

105 2529 179 2591 lbid.
197 2528 292 2603 3832,
313 2527 360 2590 33.
380 2528 464 2589 Tomi
479 2531 541 2591 Vll.
561 2532 589 2590 in
606 2532 635 2591 8.
881 2549 928 2593 an.
954 2531 1031 2592 3359
1049 2532 1148 2608 potius
1165 2537 1230 2591 erat
1247 2529 1446 2604 cudendum,
1465 2531 1537 2607 Cgoa

146 2623 222 2686 UGO
252 2624 288 2684 33
320 2624 433 2695 Proto,
455 2623 524 2684 033.
560 2625 824 2701 medicatorum,
881 2623 918 2683 de
937 2626 1022 2685 Prata
1039 2625 1275 2704 geminationem
1289 2624 1382 2685 credo
1400 2621 1539 2684 tribuenda

108 2721 195 2782 cuius
205 2720 362 2781 Sermones
376 2714 529 2778 itruerarii
541 2716 615 2779 dicti
625 2738 654 2780 a.
664 2723 675 2782 l
685 2721 742 2782 339
753 2729 826 2781 3333
883 2717 1325 2780 13333333333333333333333333
1339 2719 1405 2780 ideo
1423 2717 1514 2778 dictos
1530 2734 1539 2791 3

108 2814 274 2875 Florentiae
289 2814 318 2871 in
329 2811 505 2873 bibliotheca
520 2811 824 2886 0330333331393.
882 2813 911 2873 33
931 2812 1083 2874 redeundo
1094 2830 1109 2873 a
1122 2814 1321 2875 Tartarorum
1341 2815 1473 2893 regione,
1490 2811 1532 2874 ubi

151 2904 228 2989 (338)
243 2907 307 2968 Non
322 2906 399 2967 alius
421 2906 468 2966 bic
485 2912 533 2967 cst
557 2925 647 2986 quam
672 2908 730 2988 Vpo
747 2908 827 2968 Pon·
882 2908 970 2981 vixit,
986 2925 1035 2968 eos
1050 2909 1273 2985 conscripserit.

108 2999 310 3078 ciera,cuius,
337 2999 464 3077 eleganti
491 3002 653 3063 vernaculo
674 3018 827 3078 sermone,
921 3013 1116 3087 UGOLINUS,
1140 3014 1209 3073 vide
1232 3013 1413 3094 Hupolious.

108 3101 227 3177 praeter
246 3095 369 3155 Cantica
397 3094 464 3172 (tvl
493 3103 619 3156 curante
636 3096 672 3157 31.
699 3096 826 3158 Caesare
926 3108 1115 3170 3360313335
1136 3104 1354 3185 Motatorem,
1372 3108 1442 3169 vide
1460 3121 1539 3184 supra

109 3190 214 3252 Guasti
230 3191 317 3265 Preti,
339 3186 479 3251 333863
502 3190 530 3249 33
546 3189 566 3252 8
585 3207 703 3265 333333,
721 3197 827 3253 extant
883 3207 920 3267 Μ,
943 3204 1055 3282 quibus
1084 3202 1160 3264 adde
1181 3203 1367 3265 Gandoliam
1399 3203 1440 3264 de
1469 3204 1539 3265 dnae

110 3284 221 3364 pluries
235 3284 306 3345 edili
884 3297 1113 3373 Augustinianis
1134 3297 1339 3373 scriptoribus
1362 3316 1390 3376 p.
1413 3296 1480 3359 333.

149 3377 258 3440 Alcuni
268 3374 419 3458 simpulum
430 3377 560 3440 Trattato'
569 3377 599 3439 iu
611 3376 828 3441 Fireuzell92
924 3390 1114 3452 UssoLthts
1135 3388 1170 3450 de
1194 3392 1288 3451 porra
1309 3394 1493 3463 Ravennam,
1511 3391 1539 3450 llt

110 3492 157 3553 ap.
174 3471 343 3537 utscomtnt
359 3479 391 3532 eo
408 3472 477 3534 ibid·
494 3491 541 3553 an·
568 3472 736 3553 Muciani.
750 3491 830 3536 anno
888 3488 1015 3556 niensis,
1037 3484 1154 3546 auctior
1175 3486 1297 3555 33333,
1319 3486 1403 3547 turis
1424 3484 1539 3546 civitat

110 3571 221 3651 pariter
245 3570 324 3632 1393
341 3569 469 3630 editione
486 3568 692 3631 emendatiori.
712 3568 832 3632 Venetia
888 3583 982 3643 fossor
1004 3587 1034 3640 et
1057 3579 1211 3639 Glossator
1232 3580 1462 3642 celeberrimus.
1487 3575 1539 3641 Gla

107 3684 166 3750 per
184 3665 264 3729 Nico·
281 3666 394 3727 Breuta
411 3665 442 3727 S·
461 3663 573 3728 aser.
587 3665 652 3727 XV·
669 3664 698 3726 lt·
714 3664 833 3729 Getwva
889 3677 955 3736 eius
977 3674 1106 3736 Crassus
1129 3674 1159 3732 in
1182 3690 1237 3735 suo
1271 3682 1423 3752 apparatu
1455 3673 1537 3734 adieci

112 3760 230 3825 Bellone
244 3758 332 3836 3333,
344 3762 373 3821 8.
888 3769 1035 3830 Friderico
1066 3771 1156 3826 otiam
1179 3768 1201 3827 l.
1236 3768 1427 3844 lmperatore
1449 3768 1484 3830 ad
1504 3766 1538 3827 lib

152 3858 196 3919 De
218 3874 254 3917 0⁰
266 3854 415 3929 03133ῑῦ33
439 3855 467 3916 in
490 3872 536 3934 op.
559 3855 740 3933 (Scriptores
761 3853 833 3919 Otd.
888 3859 1057 3923 Frudorum
1079 3858 1306 3937 compilandam
1340 3868 1374 3919 33
1401 3859 1539 3920 conterent

118 3953 358 4016 Praedicatorum
374 3952 457 4012 Tom.
469 3951 491 4012 l.
501 3967 567 4030 pag.
579 3948 649 4026 553)
664 3951 695 4009 F.
707 3948 831 4010 Leandri
888 3953 1039 4016 adhibitus
1069 3962 1127 4014 est.
1157 3953 1240 4012 Obiit
1261 3970 1287 4014 3.
1312 3952 1404 4016 1388.
1427 3952 1539 4015 Pancim

112 4043 833 4124 3133333333333333333333333333133333333
889 4048 926 4110 de
961 4049 1049 4110 claris
1088 4050 1201 4126 Legum
1240 4047 1464 4127 Interprottbus
1496 4047 1528 4107 ΙΙ.

114 4141 288 4221 [Vinaccesij
316 4141 426 4201 familia
453 4147 570 4221 satum,
593 4139 833 4200 concionatorem
889 4143 1024 4207 Bumatdi
1046 4142 1188 4203 3333333331
1211 4144 1405 4202 bononiense
1428 4159 1457 4220 p.
1478 4139 1539 4200 333

114 4235 257 4297 eximium
275 4234 421 4305 evasisse,
439 4234 519 4295 Prati
537 4250 615 4293 anno
631 4231 709 4293 3363
726 4233 834 4293 aetatis
926 4232 1539 4309 [3603333333383333333333,(;33333333

113 4328 175 4391 LX.
190 4330 300 4390 obiisse
311 4326 466 4388 discimus.
482 4327 600 4404 Scripta
614 4342 687 4387 vero
703 4341 834 4406 sequen·
890 4336 925 4398 U,
939 4335 965 4396 J.
980 4334 1013 4394 D.
1031 4333 1118 4394 Urbis
1135 4329 1288 4401 tsoensts,
1308 4333 1435 4392 Praetor
1449 4329 1539 4390 Genua

113 4425 154 4485 lia
169 4429 287 4484 lantum
308 4421 467 4500 reliquisse
486 4420 587 4480 refert·
889 4436 920 4489 et
942 4429 971 4488 in
995 4442 1153 4488 numerum
1176 4422 1323 4484 nobilium
1349 4425 1465 4485 relatus
1484 4423 1539 4481 cira

154 4517 310 4580 Sermones
323 4512 520 4576 Dominicolos
533 4510 837 4595 superanupeliaet
890 4522 978 4586 13t8.
1000 4522 1121 4599 scripsit
1151 4516 1194 4579 ad
1211 4516 1353 4581 codicem
1374 4514 1537 4580 taeoimlmr

113 4608 264 4691 Epistulas
279 4627 335 4690 per
347 4613 439 4671 totum
450 4624 573 4669 aunum.
588 4609 733 4687 (Lovanii)
746 4610 781 4670 lo
795 4607 832 4670 de
889 4617 924 4680 de
942 4615 1046 4697 lepatis
1057 4615 1127 4697 piis,
1145 4613 1180 4674 de
1195 4613 1423 4695 compromisso.
1438 4609 1539 4674 Arisitt

116 4706 291 4786 Wespballa
312 4703 456 4767 1383101·
889 4729 976 4775 mona
999 4712 1115 4771 13333333
1137 4714 1209 4768 tom.
1234 4708 1260 4768 1.
1284 4726 1314 4787 p.
1338 4709 1409 4770 153.

154 4798 388 4864 -DeSouctis
412 4798 625 4877 Heidelbergae
653 4795 832 4860 3383383
929 4802 1167 4876 UGUETINUS,
1199 4799 1376 4863 Canonlcus
1412 4802 1534 4881 primum

115 4904 217 4976 panea
230 4896 349 4975 utrique
363 4896 452 4959 simut
468 4891 605 4975 Lugduni
617 4889 705 4968 1531.
717 4890 831 4957 albu.
889 4895 1180 4984 Augustinipanae
1198 4896 1369 4959 Monachus
1386 4891 1539 4957 uranum
