3622 5406
672 217 982 282 PHlLlPPilS
1509 224 1565 284 ast

86 325 215 390 lectione
237 341 360 404 operum
383 327 413 386 S.
434 325 604 400 Hieronymi
636 325 802 386 10000000-
899 329 1091 390 PlllLlPPUS
1111 325 1232 390 Hibotua
1249 325 1455 388 Garuadensis
1473 330 1573 407 Hispa-

84 421 144 482 mel
166 421 335 496 iterumque
365 419 492 498 aspexit.
522 418 713 478 Conveniunt
733 436 802 479 eru·
856 437 934 496 nus,
951 423 1089 500 Magister
1107 425 1135 480 in
1154 428 1238 482 sacra
1259 422 1364 500 pagina
1381 428 1412 482 et
1432 422 1574 483 Carmeli-

83 514 137 575 diti
160 515 305 592 scriptum
328 509 411 572 istud
430 508 527 570 liedes
558 510 697 588 operibns
723 510 803 571 edic·
857 520 955 575 turam
989 516 1070 575 Prior
1090 514 1302 590 provincialis,
1323 515 1495 576 Provinciae
1516 516 1573 576 Ca-

85 615 171 670 atam
194 604 436 684 interpolationes
458 602 570 664 multas
589 603 707 682 abipso
724 601 803 664 Beda
857 607 1004 681 taloniae,
1041 607 1202 669 deiunctae
1238 605 1273 668 A.
1312 608 1400 669 4394.
1444 610 1572 688 Scripsit

85 718 140 780 pro
164 716 247 761 more
268 703 413 759 consueto
433 695 559 772 tulisse;
576 697 707 756 vicissim
730 694 802 757 illud
857 698 1016 779 Speculum
1029 697 1151 762 Ordinis
1165 702 1230 774 sui,
1248 703 1313 761 siva
1330 700 1368 761 de
1385 702 1572 763 institutione

82 795 163 874 quad
187 795 264 854 inter
281 808 371 871 opera
388 791 417 852 S.
435 791 607 868 Hieronymi
624 790 802 850 collocatum
857 796 991 873 etgestis
1006 794 1234 856 Carmelitarum
1252 795 1469 872 peculiaribus,
1482 795 1572 857 libros

83 895 150 965 est,
173 889 326 948 sincerum
345 899 412 946 esse
427 884 551 963 Philippi
567 883 733 963 presbyteri
744 883 803 944 ioc-
855 889 895 949 X.
914 887 1011 947 editos
1031 888 1134 946 Venet.
1158 886 1243 948 4507.
1267 893 1330 948 tum
1352 887 1388 948 de
1404 888 1485 950 viris
1505 887 1573 949 illu

84 993 146 1043 tura
169 981 363 1042 arbitrantur.
384 980 494 1040 Veram
515 977 604 1037 etde
636 976 692 1038 hac
722 992 803 1037 cam·
854 977 969 1042 utribus
987 979 1220 1042 carmelitarum
1240 981 1347 1042 librum
1371 982 1571 1058 singularem,

88 1075 224 1138 menterii
245 1074 418 1152 posterioris
445 1071 617 1131 sinceritate
647 1069 802 1147 ambiguos
855 1071 1060 1151 Epistularum
1081 1074 1153 1133 item
1185 1074 1276 1134 libros
1297 1075 1333 1134 ll.
1354 1082 1385 1135 at
1404 1076 1571 1137 Sermones.

87 1185 138 1230 aas
158 1167 295 1252 efficiunt
315 1171 456 1242 excerpta
475 1165 575 1242 operis
596 1162 719 1241 Philippi
734 1165 802 1222 Pre-
854 1165 927 1226 Vide
959 1167 1019 1227 llio.
1042 1166 1204 1228 Antoniam
1228 1169 1278 1228 lx.
1300 1167 1330 1228 7.
1353 1167 1487 1228 biblioth.
1510 1175 1569 1227 vet.

85 1263 194 1340 sbyteri
216 1277 256 1320 ex
278 1257 348 1321 Cod.
370 1257 566 1318 Ambrosiana
588 1254 664 1317 4000
697 1270 800 1314 aanor.
855 1261 1001 1338 Hispanae
1023 1265 1044 1318 t.
1066 1260 1094 1321 2.
1114 1276 1141 1336 p.
1165 1260 1233 1322 447.
1254 1268 1285 1320 et
1306 1262 1345 1322 da
1365 1261 1487 1338 Angliaa
1504 1277 1571 1320 ver-

84 1373 99 1416 a
119 1354 283 1415 blumtario
303 1351 465 1428 Antiquitt.
486 1355 508 1409 t.
531 1347 571 1408 tlt
593 1366 621 1427 p.
642 1349 710 1410 805.
732 1354 764 1409 et
784 1365 801 1409 a
854 1354 937 1413 00000
953 1351 1244 1432 800000,οΤ00000
1258 1354 1463 1433 Serape,slre
1481 1354 1571 1414 Brad-

85 1447 228 1508 vallarsio
250 1448 280 1506 in
302 1443 373 1504 edit.
394 1461 477 1522 oper.
497 1443 527 1505 S.
548 1443 727 1520 Hieronymi·
746 1441 802 1502 Ve-
854 1445 918 1505 laea
951 1443 1098 1524 Episcopo
1136 1447 1165 1504 in
1198 1445 1336 1508 Hibernia
1370 1448 1571 1508 Dromoriensi

84 1542 200 1602 ronensi
223 1557 289 1618 pag.
311 1539 378 1600 800.
400 1538 543 1618 vulgata3
565 1537 614 1598 illa
629 1538 708 1596 enim
730 1553 800 1598 cam
853 1539 931 1599 circa
952 1537 987 1598 A.
1005 1536 1092 1600 4030.
1109 1538 1249 1600 Vassium
1267 1556 1332 1618 pag.
1351 1538 1418 1600 634.
1439 1545 1471 1600 et
1488 1542 1571 1599 War-

84 1633 161 1696 ileda
182 1639 214 1694 et
247 1632 379 1711 Philippa
410 1631 532 1710 vulgato
559 1629 685 1704 collata,
707 1647 800 1708 qaam
858 1631 986 1691 thanum
1008 1629 1044 1690 ad
1067 1631 1212 1692 caveum.

82 1729 132 1788 ris
163 1725 313 1788 interdurn
346 1725 550 1799 conveniunt,
571 1739 660 1802 saepe
681 1730 800 1784 tamen-
895 1723 1088 1786 PHlLlPPUS
1109 1722 1274 1804 salargiis
1291 1726 1460 1787 canonicas
1479 1723 1517 1786 ad
1539 1724 1569 1785 S.

80 1819 275 1897 discrepant,
296 1825 328 1878 et
349 1835 408 1878 non
430 1833 495 1878 rara
516 1832 640 1878 sensum
660 1816 799 1878 eumdem
853 1817 1130 1892 bartholomaeum,
1166 1816 1203 1878 de
1234 1818 1323 1879 rebus
1355 1818 1569 1896 Cleropaliticis

81 1913 183 1974 verbis
202 1911 333 1972 diversis
363 1914 544 1990 exprimunt.
576 1910 675 1982 Quare
705 1912 801 1972 sinco-
854 1912 1145 1973 Francoiurtensium
1166 1911 1203 1972 ab
1223 1909 1257 1973 A.
1280 1910 1367 1973 4000.
1388 1909 1426 1972 ad
1451 1911 1569 1973 Sesami

84 2023 149 2068 ram
171 2021 305 2082 tanquam
327 2003 473 2084 prodiisse
494 2019 570 2082 opus
589 2002 714 2081 Philippi
734 2019 800 2081 pre·
853 2005 932 2068 XVI.
959 2007 1060 2079 initia,
1083 2005 1221 2067 laudatur
1241 2008 1259 2066 0
1279 2004 1421 2066 Goldasto
1442 2005 1567 2082 alisque.

84 2101 198 2178 sbyteri
222 2101 275 2159 vix
296 2115 330 2159 aa
351 2115 389 2159 na
410 2099 462 2158 vix
484 2095 605 2176 quidem
626 2097 724 2157 credo.
745 2096 761 2132 ⁸
893 2095 1568 2178 000101000870000400008000000000000

120 2191 209 2255 Alius
237 2192 433 2254 PHlLlPPUS
454 2189 618 2271 Presbyter
640 2191 741 2272 Agyrii
770 2193 799 2251 ia
853 2190 890 2252 00
910 2189 1102 2273 Eleemaryaa
1124 2194 1250 2254 cisterc.

81 2289 198 2363 Sicilie,
219 2287 258 2348 de
275 2303 334 2365 quo
350 2286 424 2347 Aeta
442 2287 575 2347 sanctor.
594 2291 665 2346 tom.
686 2287 714 2346 5.
733 2288 800 2364 llaji
893 2287 1084 2347 PHlLlPPUS
1120 2284 1308 2360 Wielandus,
1341 2284 1566 2356 Gandavenris,

83 2383 128 2443 ts.
152 2397 217 2460 pag.
239 2380 288 2440 20.
310 2395 373 2456 seq.
395 2379 444 2439 ubi
465 2378 540 2440 Acta
561 2376 628 2456 ejus
648 2379 666 2440 0
686 2378 799 2440 Graeco
853 2381 900 2439 vir
930 2379 1036 2439 nobilis
1056 2386 1087 2438 et
1108 2380 1199 2440 variis
1222 2377 1417 2458 dignitatibus
1446 2379 1567 2439 iunctus

83 2475 185 2535 latiae
207 2473 292 2533 reisa
309 2474 327 2532 a
346 2467 454 2532 Jacoba
472 2471 641 2548 sirmondo.
852 2471 931 2532 diem
953 2471 1023 2532 obiit
1044 2472 1131 2532 Anao
1159 2472 1246 2533 4540.
1267 2472 1309 2531 lle
1331 2487 1366 2530 eo
1389 2471 1511 2531 Vossius
1537 2488 1582 2547 0.Ι

121 2563 796 2646 PHlLlPPUSliepinptanursiveliepindanus,
852 2565 920 2625 633.
940 2571 971 2626 00
991 2563 1140 2627 Antonius
1157 2563 1309 2626 sanderus
1327 2562 1375 2622 lib.
1390 2563 1419 2622 3.
1440 2561 1477 2622 de
1499 2579 1567 2622 ern-

82 2659 292 2736 Lelaadacap.
310 2655 603 2737 007.ῑο0000000000
619 2705 626 2736 ,
647 2675 684 2718 ex
702 2658 799 2718 Abba·
852 2657 923 2720 ditis
936 2657 1185 2720 Gandavensibus
1198 2675 1263 2737 pag.
1277 2658 1343 2718 445.
1359 2652 1487 2733 Scripsit
1499 2657 1566 2715 Pra-

82 2762 113 2814 te
143 2753 360 2814 Canonicornm
383 2751 413 2812 S.
434 2750 593 2830 Augustini
615 2751 795 2829 regularium
850 2752 956 2812 atinam
970 2752 1108 2827 civilem,
1129 2749 1165 2812 de
1181 2767 1254 2812 novo
1270 2747 1463 2827 Antwrrpiaa
1479 2748 1564 2808 Anno

77 2846 353 2925 leycestrtensium
383 2845 549 2922 Episcopus
568 2843 604 2906 A.
625 2843 712 2906 4005.
730 2846 798 2906 Lin-
852 2845 938 2906 4037.
960 2845 1155 2926 impressam,
1183 2851 1213 2906 ei
1231 2843 1270 2906 ab
1286 2845 1412 2905 Antania
1433 2840 1564 2919 Senaqia

76 2942 240 3003 colniensis
254 2945 286 3000 et
300 2938 334 2999 A.
353 2937 440 2999 4000.
453 2937 627 3020 cardinalis,
643 2945 797 3016 superstes
850 2938 878 2997 1.
900 2938 933 3000 C.
954 2939 1143 3017 recognitum.
1167 2939 1287 3001 Libram
1306 2941 1377 2998 item
1396 2936 1487 2996 alium
1506 2949 1565 3011 qno

76 3035 176 3097 adbuc
192 3033 230 3094 A.
246 3032 336 3095 4020.
352 3049 411 3110 quo
432 3047 465 3092 se
487 3032 666 3109 Episcopatu
680 3030 797 3091 abdica-
847 3030 916 3110 jura
937 3031 1064 3093 feudalia
1082 3035 1110 3092 in
1129 3033 1284 3094 Flandriae
1299 3035 1391 3094 curiis
1407 3032 1565 3091 observata

76 3129 125 3187 rit.
135 3126 214 3188 Vide
228 3129 332 3187 Franc.
343 3121 541 3186 Gaadwinnm
560 3124 597 3184 da
608 3122 795 3203 praesulibus
850 3132 1061 3200 continentur,
1087 3132 1210 3207 praeter
1231 3125 1303 3186 0000
1332 3122 1565 3186 consuetudines

75 3219 204 3300 Angliae
222 3235 288 3298 pag.
306 3217 373 3280 356.
387 3214 592 3296 Defmuorium
610 3213 722 3294 Wiciefi
739 3217 797 3294 pri·
851 3217 1013 3279 Generales
1042 3219 1195 3281 Flandriae
1216 3222 1245 3279 in
1265 3219 1365 3299 justas
1396 3218 1501 3278 titulos
1531 3233 1565 3276 aa

76 3329 157 3374 mam
180 3312 339 3391 scripsisse
354 3316 385 3370 et
396 3309 535 3371 Moralem
546 3307 613 3386 ejas
629 3306 795 3368 doctrinam
851 3312 964 3371 classes
990 3310 1124 3388 redegit,
1149 3311 1203 3390 qui
1221 3308 1297 3370 liber
1318 3312 1392 3392 typis
1418 3327 1468 3369 000
1495 3307 1565 3372 dum

73 3405 221 3483 singulari
232 3405 399 3465 asseruisse
408 3401 622 3474 inaubmtinae,
630 3399 797 3462 seddeinda
847 3401 978 3484 prodiit,
1001 3403 1080 3464 eiam
1100 3419 1153 3464 nec
1172 3410 1319 3464 tractatus
1340 3403 1460 3463 Ordinis
1484 3400 1566 3460 ludi—

73 3501 224 3560 cecinisse
237 3496 425 3576 'palinodiam
442 3494 532 3556 tradit
550 3494 658 3555 Baleus
678 3495 727 3554 vt.
747 3493 796 3553 00.
850 3497 932 3558 ciarii
952 3499 981 3555 in
998 3498 1098 3557 causis
1119 3494 1322 3570 criminalibus
1343 3492 1383 3555 00
1396 3495 1458 3575 ipro
1476 3493 1565 3553 etiarn

74 3591 196 3652 Eadem
218 3593 349 3670 pertinet
373 3588 454 3667 quod
481 3589 617 3649 APitseo
637 3603 702 3664 pag.
729 3585 796 3647 586.
850 3588 1034 3671 compositus.
1050 3589 1206 3649 Historiam
1220 3589 1313 3666 ipsius
1329 3587 1564 3663 manuscriptam

72 3685 256 3761 perhibetur
269 3699 393 3744 erronea
404 3683 560 3760 scripsisse
572 3678 703 3757 juvenis,
715 3679 797 3739 dein·
849 3683 886 3742 00
902 3683 991 3744 rebus
1001 3681 1164 3744 Flandricis
1179 3683 1312 3742 Latinam
1325 3728 1334 3759 ,
1349 3679 1564 3755 historiamque

70 3777 110 3836 de
143 3776 303 3838 catholica
321 3773 383 3852 jam
405 3776 504 3835 senior
524 3789 559 3835 ac
581 3775 733 3834 maturior.
754 3772 796 3832 00
850 3771 1024 3837 brabantiae
1045 3792 1080 3836 ac
1100 3777 1358 3837 cameracensium
1375 3773 1563 3851 Principum,
1629 3795 1635 3804 ·

69 3867 231 3930 maculari
252 3866 389 3931 dominic.
411 3865 601 3943 Quaestiortes
619 3864 795 3945 disponitor.
850 3869 1124 3954 Episcoporamqne
1142 3868 1211 3930 olim
1228 3867 1387 3946 Hardiryno
1400 3866 1565 3927 communi-

71 3961 228 4024 dominor
244 3979 302 4042 per
317 3976 431 4022 annum
450 3968 481 4020 et
505 3960 535 4020 in
555 3957 721 4038 Evangelia
740 3959 797 4019 Da
851 3963 931 4022 cavit
945 3961 1041 4022 Gvido
1056 3961 1451 4023 LaurinnsWatcrvlietias.
1467 3958 1564 4037 Hujus

68 4053 241 4116 amicalia.
273 4056 372 4116 Alium
395 4061 426 4116 et
452 4056 649 4132 antiquiorem
680 4058 797 4130 oportet
851 4055 982 4116 meminit
994 4057 1134 4135 Heperus
1155 4055 1186 4114 in
1206 4055 1270 4117 arla
1286 4057 1476 4134 Margaratoe
1498 4052 1564 4112 lida·

10 4143 12 4184 l
67 4166 137 4211 esse
153 4147 330 4227 Philippum
344 4144 582 4226 llhependuaum
595 4148 624 4204 in
636 4161 726 4223 quem
740 4144 795 4206 hoe
851 4147 953 4209 000000
969 4147 1011 4208 00
1026 4165 1136 4207 annum
1155 4150 1241 4210 l38l.
1261 4155 1322 4209 turn
1336 4147 1423 4207 etiam
1438 4144 1507 4205 aliis
1525 4143 1564 4204 lo-

68 4243 168 4304 tertur
188 4241 340 4304 distichon
359 4240 521 4301 Alexandri
537 4237 680 4300 Necbami
700 4241 727 4314 a)
744 4240 795 4316 qui
850 4241 1037 4305 eiecertum
1051 4247 1094 4302 est
1109 4239 1234 4321 danique
1246 4241 1335 4323 hujus
1351 4241 1414 4302 oiri
1424 4239 1564 4318 insignem

11 4407 12 4410 Ἴ
67 4337 100 4398 A.
124 4337 224 4400 ⁴225.
248 4335 327 4396 diem
348 4333 431 4394 abiit.
849 4332 1028 4396 industriam
1055 4333 1220 4413 plurimum
1248 4334 1399 4416 profuisse
1429 4335 1564 4412 Meyero,

11 4435 13 4516 p
77 4441 143 4502 rbi,
163 4446 230 4492 nota
245 4439 368 4498 00000010,
383 4438 467 4501 lippae
479 4437 560 4488 malus
576 4437 694 4487 amnibus
710 4435 793 4496 boris,
851 4427 1045 4506 Oudeyeerst'o
1062 4445 1099 4487 00
1115 4428 1300 4491 Murcbunlt'o
1316 4443 1420 4488 rerum
1439 4422 1563 4484 Flandr.

11 4525 13 4602 i
76 4517 124 4568 t'bt
145 4516 235 4566 ‘⁰²¹⁰‘
251 4515 353 4578 00000,
369 4523 467 4576 1000ετ
483 4511 563 4564 'mill
578 4525 637 4575 ⁰¹8⁰
655 4512 798 4576 Philippus.
849 4517 1005 4582 historicis.
1031 4524 1179 4582 Hactenus
1201 4521 1363 4583 Sandcrus.

11 4663 12 4666 ,
67 4607 109 4668 Ac
132 4605 266 4684 Philippi
285 4603 458 4682 responsio:
889 4613 1126 4676 PHILOTHEUS
1142 4613 1325 4690 antitanes,
1346 4631 1436 4692 supra
1454 4627 1519 4690 pag.
1535 4611 1562 4668 0.

11 4711 14 4800 ¹*
77 4714 111 4760 its
131 4712 251 4770 algeret
269 4719 377 4770 nequam
392 4706 476 4756 dietat
493 4708 639 4768 cognomine
656 4707 783 4759 hecbamr
849 4703 1005 4785 Philippus
1026 4707 1191 4769 Macarius.

12 4815 13 4874 3
77 4789 187 4850 nigram
208 4795 262 4833 esse
280 4789 371 4846 pates,
388 4782 559 4843 aenatorum
577 4785 675 4844 nequis.
890 4798 1125 4862 PlllLOTHEUS
1157 4798 1334 4870 Monachus,
1356 4799 1443 4876 cujus
1463 4803 1562 4857 exstat

105 4911 133 4968 a)
153 4915 241 4970 supra
258 4916 317 4959 tarn.
338 4906 358 4958 l.
376 4919 434 4969 pag.
451 4905 491 4955 00.

1277 5019 1332 5078 087
