3568 5414
657 167 946 234 urceolus
1487 173 1546 236 149

99 281 120 342 44
129 295 178 360 cap.
191 277 295 358 Siquis
309 293 364 356 per
381 293 429 338 me
442 277 595 340 Nicolaum
612 277 650 340 de
667 276 766 340 Sicilia
825 277 978 338 recederet
999 294 1016 336 a
1039 276 1163 336 consilio
1184 276 1396 340 dissolvendae
1420 279 1543 356 Synodi.

96 377 250 435 uentorum
264 372 422 432 Ductorem
449 372 479 429 in
496 371 574 432 almo
597 371 769 434 studiose·
823 371 938 432 Causas
971 368 1125 430 absentiae
1162 385 1235 430 suae
1267 389 1320 450 per
1360 370 1463 432 literas
1496 374 1549 433 Pa-

97 467 160 528 oeosi
172 465 220 526 44.
234 464 318 525 4449.
332 465 407 528 ltsm
419 463 553 544 repetitio
567 464 702 526 eiusdem
719 481 770 526 su·
824 463 930 524 tribus,
943 462 1026 522 illurn
1049 465 1247 526 invitantibus
1264 467 1414 543 exposuit,
1433 482 1546 542 easque

94 559 458 638 urbanicianorum
475 557 770 640 eiusdemliepetitio
825 555 928 616 literas
948 553 1058 614 ibidem
1081 562 1190 616 nactus
1211 572 1289 618 sum.
1311 557 1476 634 Respondit
1504 558 1549 618 hi-

94 653 229 714 iomateria
241 648 412 728 juramenti.
428 654 502 712 ltem
524 651 587 720 cod.
606 653 675 714 464.
691 652 771 717 edita
825 664 877 709 see
904 647 1154 725 Archiepiscopus
1176 650 1406 710 Panormitanus
1432 651 1549 712 omnia-

93 742 432 824 t‘onsilrbetollepotiones
448 743 579 808 eiusdem
596 746 631 808 4.
646 747 770 809 butus
825 758 885 819 que
907 741 1069 815 444444444,
1091 758 1169 818 quae
1191 759 1243 820 pro
1265 743 1406 804 Pontifiae
1429 745 1547 822 legatus

91 835 241 898 4444444444
253 837 518 922 compositnperl).
532 837 701 920 Philippum
715 839 772 899 bo·
825 833 1003 896 adduxerat.
1036 834 1113 895 'lum
1149 835 1267 914 legatus
1299 837 1386 916 longa
1414 840 1547 897 oratione

90 927 207 1008 4444444444
233 931 396 993 Ferrarius
418 949 475 1012 per
505 932 682 1011 diopistrum
718 934 774 993 Pe·
825 943 926 988 coram
947 930 1000 988 PP.
1023 927 1123 988 habita
1146 929 1257 992 lactum
1286 947 1376 991 snum
1398 939 1429 990 ot
1459 929 1549 1008 justi-

90 1027 149 1085 trun
166 1023 340 1086 deAraneio
363 1024 419 1086 44.
443 1023 532 1088 4475.
826 1023 898 1082 tiam
920 1021 1072 1084 Pontificis
1102 1021 1258 1109 defendit,
1280 1042 1408 1102 eamque
1434 1027 1548 1103 pariter

113 1117 139 1178 la
153 1117 247 1179 eodem
262 1119 321 1182 448.
340 1118 413 1184 044.
432 1120 501 1180 460.
515 1124 634 1198 praeter
651 1119 773 1197 bepeti·
826 1116 989 1176 orationem
1002 1132 1071 1176 com
1091 1117 1298 1194 superioribus
1315 1117 1455 1190 omnibus
1473 1117 1546 1178 mihi

88 1208 161 1270 44444
174 1210 235 1272 44444
251 1214 391 1291 superius
408 1210 555 1276 indicatas
569 1220 617 1274 est
630 1218 660 1272 44
677 1212 771 1274 altera
826 1207 971 1286 descripsi
994 1210 1022 1268 in
1045 1209 1159 1272 concil.
1180 1211 1282 1292 Suppl.
1305 1220 1377 1271 tom.
1396 1211 1444 1274 Vl.
1463 1228 1479 1272 a
1498 1227 1547 1272 mc

85 1301 105 1359 in
116 1317 169 1380 cap.
182 1320 247 1364 sum
261 1320 350 1366 esses.
363 1305 441 1368 Sunt
452 1307 562 1384 pariter
576 1303 710 1376 eiusdem
719 1321 772 1366 au·
827 1301 958 1382 vulgata.
969 1301 1032 1364 Non
1049 1297 1165 1380 quierit
1182 1306 1421 1381 Panormitanus,
1440 1305 1545 1366 Conci.

85 1392 419 1460 tionsonuonesuuae.
447 1399 550 1462 414444
568 1399 630 1478 jam
652 1399 772 1477 saepius
826 1395 960 1472 liumque
980 1412 1016 1455 44
1037 1397 1170 1462 oratione
1202 1397 1357 1473 defendit,
1389 1400 1477 1460 cuius
1498 1397 1548 1458 hic

81 1501 167 1550 excusa
182 1507 233 1568 pro
249 1491 383 1554 Concilio
409 1491 596 1567 basileensi,
612 1493 699 1552 cuius
724 1490 771 1550 bic
827 1489 970 1562 memini,
987 1478 1190 1565 incipientem.
1206 1490 1376 1552 Muciorum
1395 1507 1478 1562 44444.
1490 1492 1546 1550 Ne-

81 1578 204 1642 labu'cius
224 1583 373 1654 meminit.
392 1585 477 1649 lluuc
494 1601 567 1644 vero
594 1584 715 1668 titulum
739 1585 771 1642 in
825 1597 884 1658 que
896 1580 973 1658 ‚haec
990 1584 1100 1658 pariter
1116 1582 1202 1660 deest
1220 1583 1527 1646 laureacenses*

79 1673 121 1733 llS.
135 1676 277 1752 praelert:
298 1678 402 1739 Sermo
417 1675 452 1738 de
469 1677 679 1756 superioritute
695 1677 770 1740 Cau·
864 1675 1053 1738 NlGObAUS
1077 1675 1198 1738 Tuscus.
1218 1679 1313 1756 Supra
1329 1722 1337 1753 ,
1355 1676 1497 1738 Nicotaus
1511 1676 1547 1738 dc

79 1761 169 1828 444444
184 1771 299 1852 Papum
317 1769 413 1832 editus
428 1777 457 1832 et
484 1771 661 1852 compositus
677 1789 695 1832 a
712 1772 769 1831 bb.
824 1765 997 1829 Albertinis.
1203 1798 1207 1808 r
1371 1822 1372 1830 ,

77 1856 210 1924 irdlristo
223 1865 320 1928 Patre
334 1871 365 1926 et
380 1863 587 1926 bombomiuo
601 1861 770 1928 Nicoloode
864 1861 880 1898 ²
901 1861 1095 1936 44004408
1118 1859 1248 1922 Uboldus
1270 1864 1434 1924 Perusinus
1454 1879 1545 1940 quern

76 1951 157 2014 uuna
175 1956 217 2018 tit.
234 1958 292 2018 88.
314 1958 379 2020 Xll.
407 1956 615 2038 Apostolorum
631 1959 661 2020 S.
682 1959 716 2018 ll.
734 1957 768 2018 E.
825 1956 922 2034 ipsum
935 1969 1003 2016 esse
1020 1955 1109 2016 credo
1122 1957 1276 2018 Nicolaum
1294 1956 1374 2020 baldi
1390 1957 1514 2018 alterius
1527 1974 1548 2018 a

74 2043 228 2129 lrntynro
242 2049 443 2130 cardinaliis
461 2054 557 2114 Felice
571 2054 605 2114 ll.
621 2051 769 2130 antipapa
824 2049 932 2110 celebri
954 2051 1042 2123 icto,
1071 2048 1123 2110 sed
1147 2051 1213 2110 eius
1231 2049 1325 2112 filium
1339 2057 1401 2126 ,44
1416 2050 1498 2110 disco
1506 2069 1546 2112 ex

76 2144 233 2220 enunciata)
244 2142 769 2223 4494444444444444444444444444
823 2142 975 2203 Paocirolo
994 2142 1373 2218 taruannensem
1392 2145 1421 2204 S.
1443 2142 1545 2205 Palatii

76 2231 261 2304 munituna
277 2281 286 2312 ,
304 2235 419 2316 injure
437 2237 586 2300 Gononico
602 2233 766 2297 monarelru
823 2239 897 2312 egit,
908 2231 1088 2313 scripsitque
1100 2234 1546 2298 tractatumdesuccessr'ouibus

67 2319 234 2399 brunin
254 2345 317 2390 uuo
340 2347 383 2392 em
408 2327 573 2409 lepotorum
591 2332 652 2408 (sio)
671 2328 707 2390 de
724 2325 767 2388 ta·
822 2326 1005 2390 abintostoto
1017 2336 1048 2389 et
1059 2330 1187 2393 alterum
1201 2335 1361 2394 tractatum
1375 2330 1412 2390 44
1425 2347 1546 2410 444444-

71 2419 173 2498 itrtpro
190 2423 223 2484 8.
251 2422 386 2485 Concilio
402 2421 569 2496 Basileensi
586 2439 645 2503 pro
660 2423 715 2486 88.
731 2421 769 2480 0.
823 2423 960 2500 sionibus
970 2422 1008 2484 ab
1021 2421 1347 2487 intestatoclericorum
1357 2423 1546 2503 eupatorium

68 2506 198 2576 4444444
208 2514 320 2577 diuino
330 2515 620 2597 prouidentio'l’apo
636 2518 667 2578 V.
681 2513 770 2576 misso
828 2521 857 2578 et
866 2513 1050 2578 secularium
1068 2523 1194 2594 utroque
1209 2515 1269 2592 jam
1283 2517 1372 2593 edito,
1379 2518 1466 2596 priori
1478 2518 1546 2593 qui·

66 2601 217 2685 moenium
242 2609 435 2688 majestatem
454 2609 542 2688 liepis
570 2612 771 2672 Romanorum
830 2608 899 2670 dem
911 2610 1066 2671 44444444.
1086 2610 1173 2671 4474.
1195 2611 1272 2686 (444.
1297 2610 1384 2672 4473.
1397 2628 1457 2672 una
1473 2626 1544 2670 cum

66 2693 234 2764 Frt'derieum
256 2701 304 2764 nd
323 2700 571 2784 broncofordinm
581 2720 640 2783 pro
655 2719 728 2783 poce
747 2707 776 2762 et
833 2718 896 2780 seq.
910 2701 944 2763 V.
955 2703 1135 2780 Vermiglioli
1145 2701 1363 2782 Scrittberup.
1377 2705 1399 2763 l.
1413 2705 1490 2780 tet.)
1501 2702 1545 2762 al·

63 2791 148 2854 444444
171 2795 334 2858 Ecclesiae
359 2795 466 2874 fiendis
490 2795 547 2858 sub
574 2797 661 2858 Anno
694 2796 771 2859 4444
829 2801 893 2856 tero
906 2812 976 2857 vero
994 2795 1103 2860 ibidem
1115 2795 1248 2858 44473.
1263 2799 1352 2857 Priori
1375 2796 1544 2875 legimusin

65 2878 194 2950 44444444
206 2887 316 2965 lunii,
333 2893 362 2948 et
371 2905 473 2967 coram
484 2887 673 2952 auditoribus
680 2905 771 2972 prue-
826 2891 960 2966 margine
971 2889 1208 2956 adiectam'hanc
1218 2889 1439 2960 adnotationem
1453 2905 1545 2950 manu

63 2971 105 3050 luti
121 2981 321 3045 serenissimi
338 2982 433 3064 444944.
455 2982 556 3044 Altera
577 2999 648 3043 4444
679 2987 770 3060 quam
826 2982 918 3044 Felici
936 2981 1059 3044 Sandei:
1078 2984 1248 3062 Suspensus
1265 2985 1422 3060 [Nicolausl
1440 2980 1479 3044 ab
1501 2980 1544 3061 of·
1609 3023 1610 3029 .

63 3067 136 3132 tuder
157 3076 250 3138 offert
269 3077 473 3139 Panormitani
491 3077 584 3140 oratio
611 3076 769 3136 scribitur:
821 3073 888 3152 ficio
900 3091 958 3154 per
974 3078 1115 3151 Sestum,
1135 3082 1271 3138 mortuus
1287 3083 1331 3138 est
1341 3093 1418 3155 prae
1434 3073 1544 3136 444444.

60 3161 142 3224 Sumo
158 3169 195 3230 4).
213 3163 345 3232 Nicolai
359 3165 455 3228 Siculi
469 3153 695 3250 Arcbiepiseopi
711 3171 769 3229 Pu·
824 3167 927 3229 Causa
941 3169 1143 3248 suspensionis
1156 3168 1215 3251 sust
1232 3171 1312 3249 quod
1327 3177 1412 3231 stans
1445 3168 1486 3230 ad
1500 3167 1544 3247 se·

59 3257 204 3320 tormitoni
219 3258 353 3322 babitus
380 3258 411 3320 in
439 3259 604 3323 Concilium
625 3279 684 3341 per
701 3279 768 3322 eum
822 3266 954 3322 nestram
971 3260 1066 3323 discit:
1086 3265 1180 3328 Dicite
1202 3264 1354 3324 cardinali
1372 3271 1473 3323 vestro
1496 3280 1544 3322 me

57 3344 272 3434 budiensepro
285 3352 397 3416 bonore
411 3359 441 3414 et
452 3353 677 3417 conservatione
692 3355 768 3418 Con·
824 3369 881 3414 non
894 3357 1005 3417 emisse
1019 3341 1232 3416 Auditoratum
1247 3355 1360 3436 (Palatii
1372 3355 1553 3433 Apostolieil

59 3437 105 3502 oli·
117 3443 159 3508 ad
170 3444 381 3526 probandum
410 3445 490 3526 quod
519 3449 704 3528 conprepotio
726 3450 769 3532 ip
791 3477 794 3482 Δ
823 3454 914 3524 prout
932 3450 995 3527 ipse
1023 3449 1146 3508 Pileum.
1168 3446 1184 3481 s
1207 3449 1289 3523 (Erat
1311 3465 1348 3508 ex
1370 3449 1408 3508 cl.
1435 3449 1544 3510 iamilia

57 3547 81 3591 it
104 3537 232 3602 dissolui
262 3557 328 3601 non
361 3537 484 3602 deberet
512 3539 628 3621 insectis
659 3541 767 3604 ardoris
821 3541 999 3616 baldeschi,
1018 3547 1051 3602 ut
1076 3540 1182 3620 plnres
1210 3538 1452 3601 alii'doctissimi.
1471 3540 1544 3600 Vide

59 3623 291 3698 meroribus
318 3630 578 3695 nonobstantibus
598 3635 766 3700 rationibus
785 3673 788 3678 -
820 3634 1011 3697 Mazzucbelli
1031 3636 1133 3694 Scritt.
1152 3637 1187 3695 lt.
1205 3635 1271 3697 440.
1290 3634 1485 3708 bacchanal.)

57 3718 136 3798 444444
161 3729 277 3810 Papae
309 3726 439 3806 Euqenii
453 3725 649 3791 desiderantis
669 3736 698 3790 et
714 3748 766 3810 pe·
859 3727 1047 3794 utcotsus
1061 3725 1307 3792 stremonium
1328 3725 1543 3790 Cisterciensis.
1576 3725 1577 3728 ’

57 3813 121 3878 erm
147 3819 330 3882 concilium·
339 3820 433 3901 jussu
462 3835 517 3880 suo
537 3819 666 3884 dissolui.
688 3826 763 3884 lnci-
858 3821 1045 3883 NlGOLAUS
1061 3821 1097 3882 de
1117 3821 1285 3884 Ultrieurio
1302 3820 1358 3882 44.
1377 3813 1464 3882 ists.
1490 3824 1543 3882 Pa·

55 3907 292 3977 sturminium
311 3914 675 3978 onus.0rationembanc
693 3931 765 3978 nnn·
819 3915 897 3974 risiis
928 3931 1069 3982 revocare
1099 3921 1222 3978 coactus
1257 3915 1330 3976 txt.
1363 3916 1544 3979 articulosis

55 3994 106 4062 4444
133 4006 257 4072 editam
285 4025 344 4087 ego
375 4007 491 4085 primus
521 4024 560 4068 ex
590 4006 646 4069 hoc
666 4009 768 4072 codice
821 4005 898 4084 Papa
920 4006 1075 4068 Clemente
1096 4007 1336 4082 illdamnatos,
1354 4009 1462 4070 libellis
1479 4012 1545 4069 eius

54 4095 171 4175 “ligavi
197 4105 233 4162 iu
272 4117 346 4163 meo
367 4102 526 4163 doricilion
553 4101 772 4180 Supplemento·
822 4108 852 4160 ot
872 4100 1016 4176 Epistolis
1038 4101 1096 4178 igni
1119 4101 1259 4176 traditis,
1281 4103 1391 4179 quibus
1413 4104 1452 4164 illi
1475 4120 1545 4163 corr-

55 4187 150 4254 illiti.
172 4206 248 4273 pag.
270 4193 366 4257 4352.
385 4193 546 4256 Postheec
565 4193 767 4256 vindobonam
823 4194 1003 4254 sinebantur.
1037 4194 1257 4272 Propositiones
1288 4193 1354 4256 illae
1386 4196 1545 4258 damnatae

53 4273 111 4343 inm
137 4291 312 4366 aspirante
342 4289 467 4352 numine
499 4288 649 4365 proiectus
673 4290 700 4347 in
723 4291 770 4350 bi·
823 4281 1097 4365 444444444444444
1119 4289 1148 4348 44
1180 4287 1370 4350 bibliothecis
1400 4293 1543 4364 Petrum,

55 4364 135 4438 444444.
165 4379 337 4442 Caesarea
368 4379 526 4441 nonnulla¹
543 4381 638 4458 reperi
654 4425 661 4454 ,
692 4399 769 4458 quae
824 4386 857 4440 ut
868 4381 896 4438 io
910 4383 1072 4441 novissima
1086 4381 1279 4460 Lugdunensi
1292 4389 1315 4443 t.
1327 4385 1422 4444 xxvi
1436 4403 1464 4462 p.
1475 4387 1541 4444 tua.

55 4471 155 4532 4444444
171 4473 254 4535 huic
267 4487 399 4534 causam
417 4478 447 4532 44
458 4480 667 4550 argumentum
685 4491 770 4552 prae-
824 4474 931 4534 confer
951 4490 1042 4552 supra
1061 4475 1190 4534 loannes
1216 4473 1252 4535 de
1280 4477 1482 4538 4404400044.

56 4551 173 4628 butant.
196 4565 379 4630 Tumultus
411 4566 620 4628 basiliensium
641 4571 769 4628 cernens
863 4566 1051 4628 Nicotaus
1075 4565 1185 4646 Voipelt
1200 4570 1265 4628 sive
1286 4569 1404 4648 il'speli,
1421 4571 1543 4631 Germa-

27 4663 28 4679 *
56 4648 169 4718 44444444
190 4657 296 4722 Card.
321 4659 451 4738 Legatos
466 4657 676 4722 abstinendum
699 4676 769 4722 ceo·
823 4660 1061 4739 nus,'Friburgi
1085 4663 1160 4724 vixit
1176 4663 1254 4722 circa
1271 4661 1328 4722 44.
1344 4663 1431 4742 libb.
1448 4662 1542 4723 liuius

57 4745 100 4806 suit
117 4767 133 4813 a
152 4751 404 4833 congregatione
426 4751 456 4810 in
477 4766 536 4829 qua
557 4752 767 4831 norataliquid
823 4753 1096 4814 commentariolum
1119 4753 1153 4812 de
1175 4751 1387 4830 4444494444,
1413 4770 1450 4813 ex
1482 4755 1543 4831 lly-

58 4833 267 4908 itoeruendam
293 4859 367 4904 osse
383 4848 486 4904 contra
501 4843 693 4922 Pontificem,
712 4846 767 4905 nisi
824 4847 991 4926 sangreinia
1014 4852 1160 4906 memorat
1180 4847 1370 4906 Passerinus.

1263 4967 1320 5026 468
