<?xml version="1.0" encoding="UTF-8"?>
<!DOCTYPE html PUBLIC "-//W3C//DTD XHTML 1.0 Transitional//EN"
    "http://www.w3.org/TR/xhtml1/DTD/xhtml1-transitional.dtd">
<html xmlns="http://www.w3.org/1999/xhtml" xml:lang="en" lang="en">
 <head>
  <title>
</title>
<meta http-equiv="Content-Type" content="text/html;charset=utf-8" />
  <meta name='ocr-system' content='tesseract 3.04.00' />
  <meta name='ocr-capabilities' content='ocr_page ocr_carea ocr_par ocr_line ocrx_word'/>
</head>
<body>
  <div class='ocr_page' id='page_1' title='image "./bibliothecalati01gallgoog_0524.png"; bbox 0 0 3632 5416; ppageno 0'>
   <div class='ocr_carea' id='block_1_1' title="bbox 735 241 1588 322">
    <p class='ocr_par' dir='ltr' id='par_1_1' title="bbox 735 241 1588 322">
     <span class='ocr_line' id='line_1_1' title="bbox 735 241 1588 322; baseline 0.002 -18"><span class='ocrx_word' id='word_1_1' title='bbox 735 244 951 312; x_wconf 71' lang='lat' dir='ltr'>anonas</span> <span class='ocrx_word' id='word_1_2' title='bbox 1524 241 1588 322; x_wconf 64' lang='lat' dir='ltr'>pap</span> 
     </span>
    </p>
   </div>
   <div class='ocr_carea' id='block_1_2' title="bbox 93 349 1591 2046">
    <p class='ocr_par' dir='ltr' id='par_1_2' title="bbox 93 349 1591 2046">
     <span class='ocr_line' id='line_1_2' title="bbox 105 349 1587 438; baseline 0.005 -20"><span class='ocrx_word' id='word_1_3' title='bbox 105 353 502 433; x_wconf 55' lang='lat' dir='ltr'>enneacaedecaetiris.</span> <span class='ocrx_word' id='word_1_4' title='bbox 525 351 602 416; x_wconf 79' lang='lat' dir='ltr'>atta</span> <span class='ocrx_word' id='word_1_5' title='bbox 616 359 647 413; x_wconf 88' lang='lat' dir='ltr'>et</span> <span class='ocrx_word' id='word_1_6' title='bbox 666 349 742 416; x_wconf 80' lang='grc'><strong>4550</strong></span> <span class='ocrx_word' id='word_1_7' title='bbox 761 368 813 428; x_wconf 85' lang='lat' dir='ltr'>per</span> <span class='ocrx_word' id='word_1_8' title='bbox 870 369 989 432; x_wconf 84' lang='lat' dir='ltr'>qunque</span> <span class='ocrx_word' id='word_1_9' title='bbox 1012 356 1262 435; x_wconf 85' lang='lat' dir='ltr'>intersperserim.</span> <span class='ocrx_word' id='word_1_10' title='bbox 1284 359 1407 438; x_wconf 77' lang='lat' dir='ltr'>Reliqua</span> <span class='ocrx_word' id='word_1_11' title='bbox 1429 353 1533 425; x_wconf 75' lang='lat' dir='ltr'>tector</span> <span class='ocrx_word' id='word_1_12' title='bbox 1549 365 1587 426; x_wconf 90' lang='lat' dir='ltr'>ab</span> 
     </span>
     <span class='ocr_line' id='line_1_3' title="bbox 102 443 1586 535; baseline 0.005 -24"><span class='ocrx_word' id='word_1_13' title='bbox 102 449 258 512; x_wconf 81' lang='lat' dir='ltr'>Claudiurn</span> <span class='ocrx_word' id='word_1_14' title='bbox 270 452 423 529; x_wconf 85' lang='lat' dir='ltr'>Spineum:</span> <span class='ocrx_word' id='word_1_15' title='bbox 432 447 540 512; x_wconf 86' lang='lat' dir='ltr'>deinde</span> <span class='ocrx_word' id='word_1_16' title='bbox 549 445 682 526; x_wconf 83' lang='lat' dir='ltr'>Lugduni</span> <span class='ocrx_word' id='word_1_17' title='bbox 695 443 813 517; x_wconf 75' lang='lat' dir='ltr'>istas</span> <span class='ocrx_word' id='word_1_18' title='bbox 870 448 1051 511; x_wconf 82' lang='lat' dir='ltr'>Auctoribus</span> <span class='ocrx_word' id='word_1_19' title='bbox 1072 451 1199 513; x_wconf 81' lang='lat' dir='ltr'>laudatis</span> <span class='ocrx_word' id='word_1_20' title='bbox 1221 455 1325 532; x_wconf 84' lang='lat' dir='ltr'>petet,</span> <span class='ocrx_word' id='word_1_21' title='bbox 1350 457 1420 516; x_wconf 89' lang='lat' dir='ltr'>item</span> <span class='ocrx_word' id='word_1_22' title='bbox 1443 457 1480 518; x_wconf 90' lang='lat' dir='ltr'>ab</span> <span class='ocrx_word' id='word_1_23' title='bbox 1501 459 1586 535; x_wconf 85' lang='lat' dir='ltr'>aliis,</span> 
     </span>
     <span class='ocr_line' id='line_1_4' title="bbox 100 541 1587 634; baseline 0.009 -31"><span class='ocrx_word' id='word_1_24' title='bbox 100 550 132 604; x_wconf 87' lang='lat' dir='ltr'>et</span> <span class='ocrx_word' id='word_1_25' title='bbox 147 544 431 634; x_wconf 74' lang='lat' dir='ltr'>Antverpiaci592.</span> <span class='ocrx_word' id='word_1_26' title='bbox 455 547 583 606; x_wconf 78' lang='lat' dir='ltr'>Rursum</span> <span class='ocrx_word' id='word_1_27' title='bbox 607 541 725 603; x_wconf 80' lang='lat' dir='ltr'>Parisiis</span> <span class='ocrx_word' id='word_1_28' title='bbox 741 555 810 600; x_wconf 90' lang='lat' dir='ltr'>cum</span> <span class='ocrx_word' id='word_1_29' title='bbox 869 545 921 620; x_wconf 88' lang='lat' dir='ltr'>qui</span> <span class='ocrx_word' id='word_1_30' title='bbox 953 545 1119 624; x_wconf 88' lang='lat' dir='ltr'>Scriptores</span> <span class='ocrx_word' id='word_1_31' title='bbox 1152 548 1380 612; x_wconf 70' lang='lat' dir='ltr'>Ecclesiasticus</span> <span class='ocrx_word' id='word_1_32' title='bbox 1408 568 1587 630; x_wconf 89' lang='lat' dir='ltr'>percensue-</span> 
     </span>
     <span class='ocr_line' id='line_1_5' title="bbox 100 631 953 720; baseline -0.005 -19"><span class='ocrx_word' id='word_1_33' title='bbox 100 639 322 701; x_wconf 74' lang='lat' dir='ltr'>Commentario</span> <span class='ocrx_word' id='word_1_34' title='bbox 338 642 367 700; x_wconf 87' lang='lat' dir='ltr'>in</span> <span class='ocrx_word' id='word_1_35' title='bbox 390 637 538 720; x_wconf 80' lang='lat' dir='ltr'>Epistulas</span> <span class='ocrx_word' id='word_1_36' title='bbox 561 635 718 707; x_wconf 77' lang='lat' dir='ltr'>Paulinae,</span> <span class='ocrx_word' id='word_1_37' title='bbox 735 631 811 696; x_wconf 76' lang='grc'><strong>4563</strong></span> <span class='ocrx_word' id='word_1_38' title='bbox 871 643 953 698; x_wconf 88' lang='lat' dir='ltr'>runt.</span> 
     </span>
     <span class='ocr_line' id='line_1_6' title="bbox 101 727 1585 820; baseline 0.009 -29"><span class='ocrx_word' id='word_1_39' title='bbox 101 731 153 794; x_wconf 90' lang='lat' dir='ltr'>toi.</span> <span class='ocrx_word' id='word_1_40' title='bbox 173 733 309 796; x_wconf 86' lang='lat' dir='ltr'>Lobbeus</span> <span class='ocrx_word' id='word_1_41' title='bbox 329 733 502 796; x_wconf 88' lang='lat' dir='ltr'>observavit</span> <span class='ocrx_word' id='word_1_42' title='bbox 519 734 670 811; x_wconf 80' lang='lat' dir='ltr'>tyronum</span> <span class='ocrx_word' id='word_1_43' title='bbox 692 727 810 807; x_wconf 79' lang='lat' dir='ltr'>allegari</span> <span class='ocrx_word' id='word_1_44' title='bbox 911 733 923 756; x_wconf 88' lang='grc'><em>·</em></span> <span class='ocrx_word' id='word_1_45' title='bbox 944 733 1067 796; x_wconf 90' lang='lat' dir='ltr'>Summa</span> <span class='ocrx_word' id='word_1_46' title='bbox 1088 737 1258 800; x_wconf 80' lang='lat' dir='ltr'>Catholicae</span> <span class='ocrx_word' id='word_1_47' title='bbox 1281 739 1367 816; x_wconf 84' lang='lat' dir='ltr'>fidei,</span> <span class='ocrx_word' id='word_1_48' title='bbox 1389 757 1443 803; x_wconf 89' lang='lat' dir='ltr'>seu</span> <span class='ocrx_word' id='word_1_49' title='bbox 1466 745 1585 820; x_wconf 90' lang='lat' dir='ltr'>potius,</span> 
     </span>
     <span class='ocr_line' id='line_1_7' title="bbox 98 826 1591 918; baseline 0.007 -29"><span class='ocrx_word' id='word_1_50' title='bbox 98 826 135 890; x_wconf 89' lang='lat' dir='ltr'>ad</span> <span class='ocrx_word' id='word_1_51' title='bbox 153 827 182 889; x_wconf 86' lang='grc'>,4.</span> <span class='ocrx_word' id='word_1_52' title='bbox 202 829 279 890; x_wconf 89' lang='lat' dir='ltr'>Petri</span> <span class='ocrx_word' id='word_1_53' title='bbox 302 829 337 892; x_wconf 90' lang='grc'>44.</span> <span class='ocrx_word' id='word_1_54' title='bbox 389 871 393 879; x_wconf 63' lang='grc'><strong>«</strong></span> <span class='ocrx_word' id='word_1_55' title='bbox 872 836 905 890; x_wconf 91' lang='lat' dir='ltr'>ut</span> <span class='ocrx_word' id='word_1_56' title='bbox 919 829 976 889; x_wconf 90' lang='lat' dir='ltr'>tert</span> <span class='ocrx_word' id='word_1_57' title='bbox 994 831 1112 906; x_wconf 87' lang='lat' dir='ltr'>titulus,</span> <span class='ocrx_word' id='word_1_58' title='bbox 1128 832 1164 894; x_wconf 85' lang='lat' dir='ltr'>de</span> <span class='ocrx_word' id='word_1_59' title='bbox 1180 834 1306 896; x_wconf 87' lang='lat' dir='ltr'>ueritate</span> <span class='ocrx_word' id='word_1_60' title='bbox 1331 834 1500 898; x_wconf 82' lang='lat' dir='ltr'>Cotioir&#39;cne</span> <span class='ocrx_word' id='word_1_61' title='bbox 1517 836 1591 918; x_wconf 77' lang='lat' dir='ltr'>fidei</span> 
     </span>
     <span class='ocr_line' id='line_1_8' title="bbox 138 914 1588 1010; baseline 0.007 -27"><span class='ocrx_word' id='word_1_62' title='bbox 138 919 168 983; x_wconf 81' lang='lat'>5.</span> <span class='ocrx_word' id='word_1_63' title='bbox 191 922 226 984; x_wconf 84' lang='lat' dir='ltr'>tn</span> <span class='ocrx_word' id='word_1_64' title='bbox 246 921 418 986; x_wconf 61' lang='lat' dir='ltr'>diaconis</span> <span class='ocrx_word' id='word_1_65' title='bbox 435 919 639 1004; x_wconf 74' lang='lat' dir='ltr'>Apocalypsin,</span> <span class='ocrx_word' id='word_1_66' title='bbox 655 933 734 980; x_wconf 84' lang='lat' dir='ltr'>nunc</span> <span class='ocrx_word' id='word_1_67' title='bbox 746 914 813 997; x_wconf 79' lang='lat' dir='ltr'>pri·</span> <span class='ocrx_word' id='word_1_68' title='bbox 871 926 976 984; x_wconf 88' lang='lat' dir='ltr'>contra</span> <span class='ocrx_word' id='word_1_69' title='bbox 1005 941 1126 987; x_wconf 80' lang='lat' dir='ltr'>errores</span> <span class='ocrx_word' id='word_1_70' title='bbox 1156 928 1312 1008; x_wconf 78' lang='lat' dir='ltr'>perititiam</span> <span class='ocrx_word' id='word_1_71' title='bbox 1344 932 1451 1010; x_wconf 92' lang='lat' dir='ltr'>prodiit</span> <span class='ocrx_word' id='word_1_72' title='bbox 1479 934 1588 995; x_wconf 84' lang='lat' dir='ltr'>Romae</span> 
     </span>
     <span class='ocr_line' id='line_1_9' title="bbox 96 1013 1584 1096; baseline 0.005 -18"><span class='ocrx_word' id='word_1_73' title='bbox 96 1031 181 1078; x_wconf 79' lang='lat' dir='ltr'>mum</span> <span class='ocrx_word' id='word_1_74' title='bbox 201 1035 217 1078; x_wconf 91' lang='lat' dir='ltr'>e</span> <span class='ocrx_word' id='word_1_75' title='bbox 238 1015 366 1080; x_wconf 82' lang='lat' dir='ltr'>tenebris</span> <span class='ocrx_word' id='word_1_76' title='bbox 386 1023 483 1082; x_wconf 82' lang='lat' dir='ltr'>croto.</span> <span class='ocrx_word' id='word_1_77' title='bbox 504 1019 562 1082; x_wconf 85' lang='lat' dir='ltr'>Sed</span> <span class='ocrx_word' id='word_1_78' title='bbox 581 1018 643 1096; x_wconf 84' lang='lat' dir='ltr'>jam</span> <span class='ocrx_word' id='word_1_79' title='bbox 666 1013 814 1094; x_wconf 76' lang='lat' dir='ltr'>prodierat</span> <span class='ocrx_word' id='word_1_80' title='bbox 871 1017 1049 1095; x_wconf 82' lang='lat' dir='ltr'>impressore</span> <span class='ocrx_word' id='word_1_81' title='bbox 1067 1023 1197 1083; x_wconf 88' lang='lat' dir='ltr'>Arnatdo</span> <span class='ocrx_word' id='word_1_82' title='bbox 1215 1027 1361 1086; x_wconf 83' lang='lat' dir='ltr'>Pannartz</span> <span class='ocrx_word' id='word_1_83' title='bbox 1378 1028 1406 1086; x_wconf 90' lang='lat' dir='ltr'>in</span> <span class='ocrx_word' id='word_1_84' title='bbox 1422 1026 1510 1088; x_wconf 92' lang='lat' dir='ltr'>domo</span> <span class='ocrx_word' id='word_1_85' title='bbox 1529 1027 1584 1087; x_wconf 88' lang='lat' dir='ltr'>viri</span> 
     </span>
     <span class='ocr_line' id='line_1_10' title="bbox 97 1107 1585 1192; baseline 0.005 -18"><span class='ocrx_word' id='word_1_86' title='bbox 97 1113 274 1185; x_wconf 85' lang='lat' dir='ltr'>Florentiae,</span> <span class='ocrx_word' id='word_1_87' title='bbox 289 1131 342 1192; x_wconf 89' lang='lat' dir='ltr'>per</span> <span class='ocrx_word' id='word_1_88' title='bbox 358 1117 443 1176; x_wconf 80' lang='lat' dir='ltr'>taur.</span> <span class='ocrx_word' id='word_1_89' title='bbox 454 1115 665 1176; x_wconf 87' lang='lat' dir='ltr'>Torrentinum</span> <span class='ocrx_word' id='word_1_90' title='bbox 684 1107 770 1180; x_wconf 80' lang='grc'><strong>4549,</strong></span> <span class='ocrx_word' id='word_1_91' title='bbox 785 1107 813 1166; x_wconf 85' lang='lat'>8·</span> <span class='ocrx_word' id='word_1_92' title='bbox 872 1111 938 1173; x_wconf 91' lang='lat' dir='ltr'>nob.</span> <span class='ocrx_word' id='word_1_93' title='bbox 961 1113 1037 1176; x_wconf 87' lang='lat' dir='ltr'>Petri</span> <span class='ocrx_word' id='word_1_94' title='bbox 1054 1115 1091 1176; x_wconf 88' lang='lat' dir='ltr'>de</span> <span class='ocrx_word' id='word_1_95' title='bbox 1114 1120 1250 1179; x_wconf 82' lang='lat' dir='ltr'>Maximis</span> <span class='ocrx_word' id='word_1_96' title='bbox 1267 1119 1322 1181; x_wconf 92' lang='lat' dir='ltr'>An.</span> <span class='ocrx_word' id='word_1_97' title='bbox 1341 1121 1425 1181; x_wconf 77' lang='lat' dir='ltr'>Verbi</span> <span class='ocrx_word' id='word_1_98' title='bbox 1443 1120 1521 1184; x_wconf 78' lang='grc'><strong>1475</strong></span> <span class='ocrx_word' id='word_1_99' title='bbox 1537 1119 1585 1182; x_wconf 88' lang='lat' dir='ltr'>dic</span> 
     </span>
     <span class='ocr_line' id='line_1_11' title="bbox 137 1206 1588 1289; baseline 0.005 -19"><span class='ocrx_word' id='word_1_100' title='bbox 137 1209 168 1270; x_wconf 88' lang='grc'>6.</span> <span class='ocrx_word' id='word_1_101' title='bbox 190 1207 430 1272; x_wconf 84' lang='lat' dir='ltr'>Commentarius</span> <span class='ocrx_word' id='word_1_102' title='bbox 458 1225 551 1288; x_wconf 87' lang='lat' dir='ltr'>super</span> <span class='ocrx_word' id='word_1_103' title='bbox 581 1206 675 1270; x_wconf 80' lang='lat' dir='ltr'>libros</span> <span class='ocrx_word' id='word_1_104' title='bbox 702 1206 817 1268; x_wconf 77' lang='lat' dir='ltr'>Boethii</span> <span class='ocrx_word' id='word_1_105' title='bbox 872 1220 943 1265; x_wconf 88' lang='lat' dir='ltr'>vero</span> <span class='ocrx_word' id='word_1_106' title='bbox 957 1207 995 1268; x_wconf 76' lang='grc'>40</span> <span class='ocrx_word' id='word_1_107' title='bbox 1013 1209 1094 1289; x_wconf 88' lang='lat' dir='ltr'>Sept.</span> <span class='ocrx_word' id='word_1_108' title='bbox 1107 1209 1231 1274; x_wconf 86' lang='lat' dir='ltr'>sedente</span> <span class='ocrx_word' id='word_1_109' title='bbox 1245 1215 1332 1275; x_wconf 82' lang='lat' dir='ltr'>xisto</span> <span class='ocrx_word' id='word_1_110' title='bbox 1346 1215 1395 1275; x_wconf 88' lang='lat' dir='ltr'>tV.</span> <span class='ocrx_word' id='word_1_111' title='bbox 1412 1217 1495 1277; x_wconf 89' lang='lat' dir='ltr'>Pont.</span> <span class='ocrx_word' id='word_1_112' title='bbox 1510 1217 1588 1278; x_wconf 81' lang='lat' dir='ltr'>Mar.</span> 
     </span>
     <span class='ocr_line' id='line_1_12' title="bbox 94 1300 1588 1388; baseline 0.005 -24"><span class='ocrx_word' id='word_1_113' title='bbox 94 1300 134 1364; x_wconf 84' lang='lat' dir='ltr'>de</span> <span class='ocrx_word' id='word_1_114' title='bbox 147 1301 346 1366; x_wconf 78' lang='lat' dir='ltr'>consolatione</span> <span class='ocrx_word' id='word_1_115' title='bbox 357 1301 573 1384; x_wconf 84' lang='lat' dir='ltr'>Ptriiosupiu&#39;oe,</span> <span class='ocrx_word' id='word_1_116' title='bbox 585 1307 635 1384; x_wconf 87' lang='lat' dir='ltr'>qui</span> <span class='ocrx_word' id='word_1_117' title='bbox 648 1305 709 1382; x_wconf 84' lang='lat' dir='ltr'>jam</span> <span class='ocrx_word' id='word_1_118' title='bbox 725 1314 813 1368; x_wconf 86' lang='lat' dir='ltr'>antea</span> <span class='ocrx_word' id='word_1_119' title='bbox 871 1319 951 1364; x_wconf 87' lang='lat' dir='ltr'>arrno</span> <span class='ocrx_word' id='word_1_120' title='bbox 964 1303 1031 1386; x_wconf 84' lang='lat' dir='ltr'>ejus</span> <span class='ocrx_word' id='word_1_121' title='bbox 1048 1307 1080 1366; x_wconf 88' lang='lat' dir='ltr'>V.</span> <span class='ocrx_word' id='word_1_122' title='bbox 1100 1307 1154 1368; x_wconf 86' lang='lat' dir='ltr'>Est</span> <span class='ocrx_word' id='word_1_123' title='bbox 1168 1311 1259 1369; x_wconf 88' lang='lat' dir='ltr'>etiam</span> <span class='ocrx_word' id='word_1_124' title='bbox 1275 1307 1353 1388; x_wconf 90' lang='lat' dir='ltr'>apud</span> <span class='ocrx_word' id='word_1_125' title='bbox 1371 1325 1418 1371; x_wconf 89' lang='lat' dir='ltr'>mc</span> <span class='ocrx_word' id='word_1_126' title='bbox 1444 1313 1588 1373; x_wconf 89' lang='lat' dir='ltr'>vetustis-</span> 
     </span>
     <span class='ocr_line' id='line_1_13' title="bbox 93 1389 1590 1482; baseline 0.007 -27"><span class='ocrx_word' id='word_1_127' title='bbox 93 1395 205 1476; x_wconf 91' lang='lat' dir='ltr'>prndiit</span> <span class='ocrx_word' id='word_1_128' title='bbox 218 1389 340 1460; x_wconf 80' lang='lat' dir='ltr'>tot&#39;osae</span> <span class='ocrx_word' id='word_1_129' title='bbox 352 1416 404 1478; x_wconf 89' lang='lat' dir='ltr'>per</span> <span class='ocrx_word' id='word_1_130' title='bbox 414 1400 457 1460; x_wconf 89' lang='lat' dir='ltr'>Jo.</span> <span class='ocrx_word' id='word_1_131' title='bbox 475 1401 566 1472; x_wconf 81' lang='lat' dir='ltr'>Paris,</span> <span class='ocrx_word' id='word_1_132' title='bbox 580 1400 664 1462; x_wconf 82' lang='grc'><strong>4484.</strong></span> <span class='ocrx_word' id='word_1_133' title='bbox 679 1401 813 1463; x_wconf 82' lang='lat' dir='ltr'>Gandavi</span> <span class='ocrx_word' id='word_1_134' title='bbox 870 1400 946 1460; x_wconf 88' lang='lat' dir='ltr'>sima</span> <span class='ocrx_word' id='word_1_135' title='bbox 961 1398 1051 1460; x_wconf 86' lang='lat' dir='ltr'>editio</span> <span class='ocrx_word' id='word_1_136' title='bbox 1064 1400 1198 1463; x_wconf 85' lang='lat' dir='ltr'>eiusdem</span> <span class='ocrx_word' id='word_1_137' title='bbox 1211 1406 1309 1481; x_wconf 88' lang='lat' dir='ltr'>operis</span> <span class='ocrx_word' id='word_1_138' title='bbox 1326 1405 1471 1482; x_wconf 87' lang='lat' dir='ltr'>impressa</span> <span class='ocrx_word' id='word_1_139' title='bbox 1489 1403 1590 1466; x_wconf 87' lang='lat' dir='ltr'>Vene-</span> 
     </span>
     <span class='ocr_line' id='line_1_14' title="bbox 96 1485 1588 1573; baseline 0.006 -22"><span class='ocrx_word' id='word_1_140' title='bbox 96 1489 179 1552; x_wconf 80' lang='grc'><strong>1485</strong></span> <span class='ocrx_word' id='word_1_141' title='bbox 200 1492 249 1555; x_wconf 86' lang='lat' dir='ltr'>toi.</span> <span class='ocrx_word' id='word_1_142' title='bbox 270 1494 375 1554; x_wconf 85' lang='lat' dir='ltr'>Venet.</span> <span class='ocrx_word' id='word_1_143' title='bbox 400 1494 478 1557; x_wconf 84' lang='grc'><strong>44844</strong></span> <span class='ocrx_word' id='word_1_144' title='bbox 497 1503 528 1556; x_wconf 89' lang='lat' dir='ltr'>et</span> <span class='ocrx_word' id='word_1_145' title='bbox 550 1485 627 1557; x_wconf 80' lang='lat' dir='ltr'>risa</span> <span class='ocrx_word' id='word_1_146' title='bbox 649 1502 679 1556; x_wconf 92' lang='lat' dir='ltr'>et</span> <span class='ocrx_word' id='word_1_147' title='bbox 699 1493 779 1558; x_wconf 88' lang='lat' dir='ltr'>alibi.</span> <span class='ocrx_word' id='word_1_148' title='bbox 871 1494 921 1554; x_wconf 88' lang='lat' dir='ltr'>tiis</span> <span class='ocrx_word' id='word_1_149' title='bbox 935 1511 989 1573; x_wconf 87' lang='lat' dir='ltr'>per</span> <span class='ocrx_word' id='word_1_150' title='bbox 1003 1495 1192 1558; x_wconf 88' lang='lat' dir='ltr'>Franciscum</span> <span class='ocrx_word' id='word_1_151' title='bbox 1209 1496 1409 1558; x_wconf 85' lang='lat' dir='ltr'>detiaiibrum</span> <span class='ocrx_word' id='word_1_152' title='bbox 1424 1504 1455 1558; x_wconf 88' lang='lat' dir='ltr'>et</span> <span class='ocrx_word' id='word_1_153' title='bbox 1472 1498 1534 1560; x_wconf 84' lang='lat' dir='ltr'>Nic.</span> <span class='ocrx_word' id='word_1_154' title='bbox 1550 1499 1588 1560; x_wconf 87' lang='lat' dir='ltr'>dc</span> 
     </span>
     <span class='ocr_line' id='line_1_15' title="bbox 139 1585 1588 1672; baseline 0.007 -26"><span class='ocrx_word' id='word_1_155' title='bbox 139 1586 168 1646; x_wconf 86' lang='lat'>7.</span> <span class='ocrx_word' id='word_1_156' title='bbox 191 1585 348 1668; x_wconf 68' lang='lat' dir='ltr'>depositio</span> <span class='ocrx_word' id='word_1_157' title='bbox 379 1588 411 1650; x_wconf 85' lang='lat' dir='ltr'>in</span> <span class='ocrx_word' id='word_1_158' title='bbox 442 1595 604 1651; x_wconf 71' lang='lat' dir='ltr'>truciacum</span> <span class='ocrx_word' id='word_1_159' title='bbox 637 1590 751 1652; x_wconf 77' lang='lat' dir='ltr'>Bottirii</span> <span class='ocrx_word' id='word_1_160' title='bbox 779 1590 815 1653; x_wconf 89' lang='lat' dir='ltr'>de</span> <span class='ocrx_word' id='word_1_161' title='bbox 870 1589 1588 1672; x_wconf 83' lang='lat' dir='ltr'>Franctardiasociosabsqueaoniadscriptione.</span> 
     </span>
     <span class='ocr_line' id='line_1_16' title="bbox 95 1676 1587 1766; baseline 0.007 -26"><span class='ocrx_word' id='word_1_162' title='bbox 95 1676 284 1742; x_wconf 75' lang='lat' dir='ltr'>scholarium</span> <span class='ocrx_word' id='word_1_163' title='bbox 318 1680 485 1762; x_wconf 81' lang='lat' dir='ltr'>disciplina.</span> <span class='ocrx_word' id='word_1_164' title='bbox 519 1685 621 1747; x_wconf 84' lang='lat' dir='ltr'>Coton.</span> <span class='ocrx_word' id='word_1_165' title='bbox 655 1685 733 1747; x_wconf 85' lang='grc'><strong>4498</strong></span> <span class='ocrx_word' id='word_1_166' title='bbox 766 1687 813 1749; x_wconf 91' lang='lat' dir='ltr'>tot.</span> <span class='ocrx_word' id='word_1_167' title='bbox 911 1684 943 1744; x_wconf 89' lang='lat' dir='ltr'>tn</span> <span class='ocrx_word' id='word_1_168' title='bbox 956 1683 1080 1745; x_wconf 88' lang='lat' dir='ltr'>Abbatia</span> <span class='ocrx_word' id='word_1_169' title='bbox 1092 1683 1184 1745; x_wconf 78' lang='lat' dir='ltr'>Ruboi</span> <span class='ocrx_word' id='word_1_170' title='bbox 1195 1686 1324 1747; x_wconf 89' lang='lat' dir='ltr'>Ctaustri</span> <span class='ocrx_word' id='word_1_171' title='bbox 1341 1687 1369 1746; x_wconf 92' lang='lat' dir='ltr'>in</span> <span class='ocrx_word' id='word_1_172' title='bbox 1384 1684 1494 1766; x_wconf 81' lang='lat' dir='ltr'>Belgio,</span> <span class='ocrx_word' id='word_1_173' title='bbox 1510 1704 1587 1766; x_wconf 90' lang='lat' dir='ltr'>quac</span> 
     </span>
     <span class='ocr_line' id='line_1_17' title="bbox 96 1775 1587 1862; baseline 0.005 -26"><span class='ocrx_word' id='word_1_174' title='bbox 96 1775 237 1854; x_wconf 77' lang='lat' dir='ltr'>Lugduni</span> <span class='ocrx_word' id='word_1_175' title='bbox 255 1795 307 1856; x_wconf 90' lang='lat' dir='ltr'>per</span> <span class='ocrx_word' id='word_1_176' title='bbox 323 1779 368 1839; x_wconf 88' lang='lat' dir='ltr'>tn.</span> <span class='ocrx_word' id='word_1_177' title='bbox 385 1779 421 1840; x_wconf 89' lang='lat' dir='ltr'>de</span> <span class='ocrx_word' id='word_1_178' title='bbox 440 1780 525 1841; x_wconf 84' lang='lat' dir='ltr'>Prata</span> <span class='ocrx_word' id='word_1_179' title='bbox 541 1777 814 1856; x_wconf 62' lang='lat' dir='ltr'>itineratus.</span> <span class='ocrx_word' id='word_1_180' title='bbox 870 1785 918 1838; x_wconf 86' lang='lat' dir='ltr'>est</span> <span class='ocrx_word' id='word_1_181' title='bbox 932 1778 1148 1842; x_wconf 83' lang='lat' dir='ltr'>canonicorum</span> <span class='ocrx_word' id='word_1_182' title='bbox 1166 1781 1269 1858; x_wconf 81' lang='lat' dir='ltr'>Regni.</span> <span class='ocrx_word' id='word_1_183' title='bbox 1288 1781 1318 1842; x_wconf 91' lang='lat' dir='ltr'>S.</span> <span class='ocrx_word' id='word_1_184' title='bbox 1340 1779 1502 1862; x_wconf 79' lang='lat' dir='ltr'>Augustini</span> <span class='ocrx_word' id='word_1_185' title='bbox 1525 1797 1587 1844; x_wconf 87' lang='lat' dir='ltr'>ser·</span> 
     </span>
     <span class='ocr_line' id='line_1_18' title="bbox 137 1863 1586 1956; baseline 0.003 -25"><span class='ocrx_word' id='word_1_186' title='bbox 137 1870 251 1932; x_wconf 84' lang='lat' dir='ltr'>Verum</span> <span class='ocrx_word' id='word_1_187' title='bbox 271 1870 345 1932; x_wconf 86' lang='lat' dir='ltr'>haec</span> <span class='ocrx_word' id='word_1_188' title='bbox 365 1889 460 1952; x_wconf 89' lang='lat' dir='ltr'>opera·</span> <span class='ocrx_word' id='word_1_189' title='bbox 482 1876 601 1955; x_wconf 88' lang='lat' dir='ltr'>spuria,</span> <span class='ocrx_word' id='word_1_190' title='bbox 623 1881 655 1935; x_wconf 86' lang='lat' dir='ltr'>ot</span> <span class='ocrx_word' id='word_1_191' title='bbox 675 1875 814 1956; x_wconf 85' lang='lat' dir='ltr'>indigna,</span> <span class='ocrx_word' id='word_1_192' title='bbox 871 1879 960 1936; x_wconf 76' lang='lat' dir='ltr'>natur</span> <span class='ocrx_word' id='word_1_193' title='bbox 984 1874 1118 1953; x_wconf 82' lang='lat' dir='ltr'>Epistola</span> <span class='ocrx_word' id='word_1_194' title='bbox 1144 1877 1174 1936; x_wconf 84' lang='lat' dir='ltr'>S.</span> <span class='ocrx_word' id='word_1_195' title='bbox 1198 1875 1331 1936; x_wconf 80' lang='lat' dir='ltr'>rhamno</span> <span class='ocrx_word' id='word_1_196' title='bbox 1348 1874 1386 1936; x_wconf 88' lang='lat' dir='ltr'>de</span> <span class='ocrx_word' id='word_1_197' title='bbox 1412 1873 1532 1954; x_wconf 86' lang='lat' dir='ltr'>Aquino</span> <span class='ocrx_word' id='word_1_198' title='bbox 1547 1863 1586 1938; x_wconf 80' lang='lat' dir='ltr'>art</span> 
     </span>
     <span class='ocr_line' id='line_1_19' title="bbox 95 1965 1586 2046; baseline 0.003 -20"><span class='ocrx_word' id='word_1_199' title='bbox 95 1981 177 2045; x_wconf 90' lang='lat' dir='ltr'>quae</span> <span class='ocrx_word' id='word_1_200' title='bbox 194 1965 252 2027; x_wconf 90' lang='lat' dir='ltr'>sub</span> <span class='ocrx_word' id='word_1_201' title='bbox 273 1967 306 2027; x_wconf 86' lang='lat' dir='ltr'>D.</span> <span class='ocrx_word' id='word_1_202' title='bbox 327 1967 459 2032; x_wconf 82' lang='lat' dir='ltr'>Thomae</span> <span class='ocrx_word' id='word_1_203' title='bbox 480 1971 600 2031; x_wconf 87' lang='lat' dir='ltr'>nomine</span> <span class='ocrx_word' id='word_1_204' title='bbox 616 1969 761 2046; x_wconf 88' lang='lat' dir='ltr'>citentor,</span> <span class='ocrx_word' id='word_1_205' title='bbox 780 1978 814 2034; x_wconf 93' lang='lat' dir='ltr'>ut</span> <span class='ocrx_word' id='word_1_206' title='bbox 871 1967 1016 2046; x_wconf 83' lang='lat' dir='ltr'>Ateydem</span> <span class='ocrx_word' id='word_1_207' title='bbox 1030 1970 1186 2031; x_wconf 85' lang='lat' dir='ltr'>Ducissam</span> <span class='ocrx_word' id='word_1_208' title='bbox 1200 1969 1586 2032; x_wconf 85' lang='lat' dir='ltr'>Brabantiaeiundatricem</span> 
     </span>
    </p>
   </div>
   <div class='ocr_carea' id='block_1_3' title="bbox 97 2057 1724 2147">
    <p class='ocr_par' dir='ltr' id='par_1_3' title="bbox 97 2057 1724 2147">
     <span class='ocr_line' id='line_1_20' title="bbox 97 2057 1724 2147; baseline 0.005 -29"><span class='ocrx_word' id='word_1_209' title='bbox 97 2057 237 2138; x_wconf 84' lang='lat' dir='ltr'>pluribus</span> <span class='ocrx_word' id='word_1_210' title='bbox 255 2059 421 2124; x_wconf 86' lang='lat' dir='ltr'>ostendunt</span> <span class='ocrx_word' id='word_1_211' title='bbox 442 2063 577 2127; x_wconf 87' lang='lat' dir='ltr'>Labbeus</span> <span class='ocrx_word' id='word_1_212' title='bbox 604 2071 635 2126; x_wconf 89' lang='lat' dir='ltr'>et</span> <span class='ocrx_word' id='word_1_213' title='bbox 656 2067 814 2147; x_wconf 87' lang='lat' dir='ltr'>praecipue</span> <span class='ocrx_word' id='word_1_214' title='bbox 871 2061 959 2126; x_wconf 84' lang='lat' dir='ltr'>ratiis</span> <span class='ocrx_word' id='word_1_215' title='bbox 974 2063 1074 2125; x_wconf 86' lang='lat' dir='ltr'>Ducis.</span> <span class='ocrx_word' id='word_1_216' title='bbox 1091 2063 1163 2124; x_wconf 88' lang='lat' dir='ltr'>Vide</span> <span class='ocrx_word' id='word_1_217' title='bbox 1180 2065 1316 2126; x_wconf 76' lang='lat' dir='ltr'>itinerar.</span> <span class='ocrx_word' id='word_1_218' title='bbox 1331 2063 1442 2126; x_wconf 90' lang='lat' dir='ltr'>iiterar.</span> <span class='ocrx_word' id='word_1_219' title='bbox 1458 2063 1586 2126; x_wconf 90' lang='lat' dir='ltr'>duorum</span> <span class='ocrx_word' id='word_1_220' title='bbox 1718 2131 1724 2144; x_wconf 51' lang='grc'><strong>,</strong></span> 
     </span>
    </p>
   </div>
   <div class='ocr_carea' id='block_1_4' title="bbox 91 2150 1588 3276">
    <p class='ocr_par' dir='ltr' id='par_1_4' title="bbox 98 2150 1268 2237">
     <span class='ocr_line' id='line_1_21' title="bbox 98 2150 1268 2237; baseline 0.007 -25"><span class='ocrx_word' id='word_1_221' title='bbox 98 2150 262 2222; x_wconf 84' lang='lat' dir='ltr'>Quetidus:</span> <span class='ocrx_word' id='word_1_222' title='bbox 282 2153 360 2216; x_wconf 86' lang='lat' dir='ltr'>addc</span> <span class='ocrx_word' id='word_1_223' title='bbox 380 2155 532 2219; x_wconf 90' lang='lat' dir='ltr'>Oudrnum</span> <span class='ocrx_word' id='word_1_224' title='bbox 556 2176 584 2237; x_wconf 92' lang='lat' dir='ltr'>p.</span> <span class='ocrx_word' id='word_1_225' title='bbox 606 2157 673 2221; x_wconf 75' lang='grc'><strong>346.</strong></span> <span class='ocrx_word' id='word_1_226' title='bbox 869 2155 1130 2220; x_wconf 87' lang='lat' dir='ltr'>Benedictinorum</span> <span class='ocrx_word' id='word_1_227' title='bbox 1147 2157 1183 2220; x_wconf 92' lang='grc' dir='ltr'>ΙΙ.</span> <span class='ocrx_word' id='word_1_228' title='bbox 1199 2160 1268 2220; x_wconf 78' lang='lat'><strong>215.</strong></span> 
     </span>
    </p>

    <p class='ocr_par' dir='ltr' id='par_1_5' title="bbox 91 2241 1587 2423">
     <span class='ocr_line' id='line_1_22' title="bbox 144 2241 1586 2336; baseline 0.008 -31"><span class='ocrx_word' id='word_1_229' title='bbox 144 2241 408 2310; x_wconf 71' lang='lat' dir='ltr'>Yobnia&#39;onmium</span> <span class='ocrx_word' id='word_1_230' title='bbox 429 2249 560 2330; x_wconf 87' lang='lat' dir='ltr'>Operum</span> <span class='ocrx_word' id='word_1_231' title='bbox 581 2249 705 2314; x_wconf 83' lang='lat' dir='ltr'>Tirnmoe</span> <span class='ocrx_word' id='word_1_232' title='bbox 722 2251 813 2336; x_wconf 69' lang='grc'><strong>449444·-</strong></span> <span class='ocrx_word' id='word_1_233' title='bbox 909 2249 1083 2314; x_wconf 77' lang='lat' dir='ltr'>tersionem</span> <span class='ocrx_word' id='word_1_234' title='bbox 1099 2255 1241 2316; x_wconf 89' lang='lat' dir='ltr'>Summae</span> <span class='ocrx_word' id='word_1_235' title='bbox 1251 2253 1288 2314; x_wconf 91' lang='lat' dir='ltr'>ab</span> <span class='ocrx_word' id='word_1_236' title='bbox 1300 2253 1443 2332; x_wconf 83' lang='lat' dir='ltr'>Hyacinto</span> <span class='ocrx_word' id='word_1_237' title='bbox 1454 2253 1497 2314; x_wconf 88' lang='lat' dir='ltr'>De</span> <span class='ocrx_word' id='word_1_238' title='bbox 1508 2255 1586 2334; x_wconf 78' lang='lat' dir='ltr'>Rug-</span> 
     </span>
     <span class='ocr_line' id='line_1_23' title="bbox 91 2340 1587 2423; baseline 0.005 -23"><span class='ocrx_word' id='word_1_239' title='bbox 91 2340 176 2402; x_wconf 68' lang='lat' dir='ltr'>nutri</span> <span class='ocrx_word' id='word_1_240' title='bbox 196 2341 304 2420; x_wconf 91' lang='lat' dir='ltr'>prodiit</span> <span class='ocrx_word' id='word_1_241' title='bbox 324 2344 455 2408; x_wconf 84' lang='lat' dir='ltr'>Basiteae</span> <span class='ocrx_word' id='word_1_242' title='bbox 476 2344 564 2421; x_wconf 77' lang='grc'><strong>4495,</strong></span> <span class='ocrx_word' id='word_1_243' title='bbox 585 2343 613 2407; x_wconf 79' lang='lat' dir='ltr'>i.</span> <span class='ocrx_word' id='word_1_244' title='bbox 869 2344 940 2423; x_wconf 86' lang='lat' dir='ltr'>gierr</span> <span class='ocrx_word' id='word_1_245' title='bbox 957 2349 1222 2411; x_wconf 83' lang='lat' dir='ltr'>metricaoratione</span> <span class='ocrx_word' id='word_1_246' title='bbox 1234 2349 1442 2410; x_wconf 89' lang='lat' dir='ltr'>concinnatam</span> <span class='ocrx_word' id='word_1_247' title='bbox 1459 2347 1587 2410; x_wconf 86' lang='lat' dir='ltr'>laudans</span> 
     </span>
    </p>

    <p class='ocr_par' dir='ltr' id='par_1_6' title="bbox 91 2433 1588 3276">
     <span class='ocr_line' id='line_1_24' title="bbox 137 2433 1586 2518; baseline 0.002 -22"><span class='ocrx_word' id='word_1_248' title='bbox 137 2433 223 2507; x_wconf 85' lang='lat' dir='ltr'>Quod</span> <span class='ocrx_word' id='word_1_249' title='bbox 244 2436 282 2499; x_wconf 89' lang='lat' dir='ltr'>ad</span> <span class='ocrx_word' id='word_1_250' title='bbox 303 2439 510 2502; x_wconf 81' lang='lat' dir='ltr'>auctoritatem</span> <span class='ocrx_word' id='word_1_251' title='bbox 532 2439 663 2518; x_wconf 89' lang='lat' dir='ltr'>Operum</span> <span class='ocrx_word' id='word_1_252' title='bbox 680 2443 715 2502; x_wconf 88' lang='grc' dir='ltr'>Ι).</span> <span class='ocrx_word' id='word_1_253' title='bbox 737 2443 814 2506; x_wconf 83' lang='lat' dir='ltr'>Tho·</span> <span class='ocrx_word' id='word_1_254' title='bbox 869 2437 1113 2504; x_wconf 85' lang='lat' dir='ltr'>Bibliothecarius</span> <span class='ocrx_word' id='word_1_255' title='bbox 1129 2451 1230 2504; x_wconf 87' lang='lat' dir='ltr'>noster</span> <span class='ocrx_word' id='word_1_256' title='bbox 1244 2449 1336 2517; x_wconf 87' lang='lat' dir='ltr'>errat,</span> <span class='ocrx_word' id='word_1_257' title='bbox 1348 2457 1448 2502; x_wconf 86' lang='lat' dir='ltr'>errore</span> <span class='ocrx_word' id='word_1_258' title='bbox 1460 2443 1586 2503; x_wconf 84' lang='lat' dir='ltr'>exactis</span> 
     </span>
     <span class='ocr_line' id='line_1_25' title="bbox 94 2529 1587 2614; baseline 0.003 -24"><span class='ocrx_word' id='word_1_259' title='bbox 94 2545 166 2591; x_wconf 86' lang='lat' dir='ltr'>mac</span> <span class='ocrx_word' id='word_1_260' title='bbox 188 2531 337 2609; x_wconf 73' lang='lat' dir='ltr'>pertinet,</span> <span class='ocrx_word' id='word_1_261' title='bbox 354 2531 418 2610; x_wconf 83' lang='lat' dir='ltr'>jam</span> <span class='ocrx_word' id='word_1_262' title='bbox 437 2533 507 2594; x_wconf 89' lang='lat' dir='ltr'>oiim</span> <span class='ocrx_word' id='word_1_263' title='bbox 530 2532 668 2608; x_wconf 83' lang='lat' dir='ltr'>inerunt,</span> <span class='ocrx_word' id='word_1_264' title='bbox 689 2538 740 2614; x_wconf 88' lang='lat' dir='ltr'>qui</span> <span class='ocrx_word' id='word_1_265' title='bbox 762 2535 814 2597; x_wconf 89' lang='lat' dir='ltr'>da·</span> <span class='ocrx_word' id='word_1_266' title='bbox 869 2529 1053 2596; x_wconf 86' lang='lat' dir='ltr'>eruditorum</span> <span class='ocrx_word' id='word_1_267' title='bbox 1071 2536 1188 2599; x_wconf 86' lang='lat' dir='ltr'>hausto.</span> <span class='ocrx_word' id='word_1_268' title='bbox 1206 2536 1269 2598; x_wconf 89' lang='lat' dir='ltr'>Non</span> <span class='ocrx_word' id='word_1_269' title='bbox 1287 2536 1367 2595; x_wconf 91' lang='lat' dir='ltr'>enim</span> <span class='ocrx_word' id='word_1_270' title='bbox 1386 2529 1498 2594; x_wconf 82' lang='lat' dir='ltr'>italicis</span> <span class='ocrx_word' id='word_1_271' title='bbox 1515 2535 1587 2594; x_wconf 84' lang='lat' dir='ltr'>Ver·</span> 
     </span>
     <span class='ocr_line' id='line_1_26' title="bbox 92 2625 1586 2707; baseline 0 -21"><span class='ocrx_word' id='word_1_272' title='bbox 92 2625 205 2686; x_wconf 85' lang='lat' dir='ltr'>ctrinis</span> <span class='ocrx_word' id='word_1_273' title='bbox 219 2625 299 2688; x_wconf 74' lang='grc'><strong>4444444</strong></span> <span class='ocrx_word' id='word_1_274' title='bbox 321 2643 379 2687; x_wconf 92' lang='lat' dir='ltr'>non</span> <span class='ocrx_word' id='word_1_275' title='bbox 398 2643 518 2707; x_wconf 90' lang='lat' dir='ltr'>semper</span> <span class='ocrx_word' id='word_1_276' title='bbox 535 2627 698 2690; x_wconf 80' lang='lat' dir='ltr'>votuerunt</span> <span class='ocrx_word' id='word_1_277' title='bbox 711 2643 814 2691; x_wconf 87' lang='lat' dir='ltr'>assur·</span> <span class='ocrx_word' id='word_1_278' title='bbox 868 2625 953 2688; x_wconf 90' lang='lat' dir='ltr'>sibus</span> <span class='ocrx_word' id='word_1_279' title='bbox 972 2628 1007 2690; x_wconf 89' lang='lat' dir='ltr'>ad</span> <span class='ocrx_word' id='word_1_280' title='bbox 1029 2631 1198 2690; x_wconf 87' lang='lat' dir='ltr'>Latinorum</span> <span class='ocrx_word' id='word_1_281' title='bbox 1224 2645 1331 2691; x_wconf 90' lang='lat' dir='ltr'>sonum</span> <span class='ocrx_word' id='word_1_282' title='bbox 1356 2628 1488 2703; x_wconf 82' lang='lat' dir='ltr'>exactis,</span> <span class='ocrx_word' id='word_1_283' title='bbox 1505 2626 1586 2688; x_wconf 88' lang='lat' dir='ltr'>ittam</span> 
     </span>
     <span class='ocr_line' id='line_1_27' title="bbox 93 2719 1588 2803; baseline 0 -25"><span class='ocrx_word' id='word_1_284' title='bbox 93 2735 181 2796; x_wconf 83' lang='lat' dir='ltr'>gers,</span> <span class='ocrx_word' id='word_1_285' title='bbox 202 2720 240 2782; x_wconf 88' lang='lat' dir='ltr'>de</span> <span class='ocrx_word' id='word_1_286' title='bbox 265 2739 325 2801; x_wconf 92' lang='lat' dir='ltr'>quo</span> <span class='ocrx_word' id='word_1_287' title='bbox 358 2728 488 2785; x_wconf 89' lang='lat' dir='ltr'>testatur</span> <span class='ocrx_word' id='word_1_288' title='bbox 513 2719 651 2803; x_wconf 78' lang='lat' dir='ltr'>Epistola</span> <span class='ocrx_word' id='word_1_289' title='bbox 671 2721 816 2801; x_wconf 81' lang='lat' dir='ltr'>Stephani</span> <span class='ocrx_word' id='word_1_290' title='bbox 868 2719 1011 2797; x_wconf 80' lang='lat' dir='ltr'>Rogerius</span> <span class='ocrx_word' id='word_1_291' title='bbox 1025 2727 1183 2802; x_wconf 81' lang='lat' dir='ltr'>expressit,</span> <span class='ocrx_word' id='word_1_292' title='bbox 1199 2724 1251 2784; x_wconf 91' lang='lat' dir='ltr'>sed</span> <span class='ocrx_word' id='word_1_293' title='bbox 1267 2725 1366 2802; x_wconf 86' lang='lat' dir='ltr'>potius</span> <span class='ocrx_word' id='word_1_294' title='bbox 1382 2722 1494 2782; x_wconf 88' lang='lat' dir='ltr'>Latinis</span> <span class='ocrx_word' id='word_1_295' title='bbox 1520 2737 1588 2780; x_wconf 85' lang='lat' dir='ltr'>rer·</span> 
     </span>
     <span class='ocr_line' id='line_1_28' title="bbox 94 2810 1586 2901; baseline 0.002 -31"><span class='ocrx_word' id='word_1_296' title='bbox 94 2810 465 2901; x_wconf 74' lang='lat' dir='ltr'>Epr&#39;seopiPorisini,eum</span> <span class='ocrx_word' id='word_1_297' title='bbox 476 2817 596 2880; x_wconf 80' lang='lat' dir='ltr'>consitio</span> <span class='ocrx_word' id='word_1_298' title='bbox 608 2817 813 2880; x_wconf 77' lang='lat' dir='ltr'>uniuersitatis</span> <span class='ocrx_word' id='word_1_299' title='bbox 869 2813 954 2876; x_wconf 88' lang='lat' dir='ltr'>sibus</span> <span class='ocrx_word' id='word_1_300' title='bbox 968 2814 1050 2876; x_wconf 88' lang='lat' dir='ltr'>dedit</span> <span class='ocrx_word' id='word_1_301' title='bbox 1068 2820 1108 2877; x_wconf 87' lang='lat' dir='ltr'>ita</span> <span class='ocrx_word' id='word_1_302' title='bbox 1132 2817 1329 2884; x_wconf 89' lang='lat' dir='ltr'>concinnatis,</span> <span class='ocrx_word' id='word_1_303' title='bbox 1345 2813 1379 2876; x_wconf 90' lang='lat' dir='ltr'>ut</span> <span class='ocrx_word' id='word_1_304' title='bbox 1403 2814 1503 2875; x_wconf 87' lang='lat' dir='ltr'>soient</span> <span class='ocrx_word' id='word_1_305' title='bbox 1520 2811 1586 2874; x_wconf 88' lang='lat' dir='ltr'>Itati</span> 
     </span>
     <span class='ocr_line' id='line_1_29' title="bbox 95 2905 1587 2991; baseline 0.001 -23"><span class='ocrx_word' id='word_1_306' title='bbox 95 2905 310 2989; x_wconf 75' lang='lat' dir='ltr'>Theoioparum</span> <span class='ocrx_word' id='word_1_307' title='bbox 330 2909 366 2974; x_wconf 87' lang='lat' dir='ltr'>de</span> <span class='ocrx_word' id='word_1_308' title='bbox 391 2913 640 2974; x_wconf 76' lang='lat' dir='ltr'>commendatione</span> <span class='ocrx_word' id='word_1_309' title='bbox 657 2912 813 2975; x_wconf 79' lang='lat' dir='ltr'>doctrinae</span> <span class='ocrx_word' id='word_1_310' title='bbox 868 2915 975 2969; x_wconf 89' lang='lat' dir='ltr'>octono</span> <span class='ocrx_word' id='word_1_311' title='bbox 993 2919 1102 2973; x_wconf 71' lang='lat' dir='ltr'>metro:</span> <span class='ocrx_word' id='word_1_312' title='bbox 1113 2912 1225 2974; x_wconf 88' lang='lat' dir='ltr'>Prodiit</span> <span class='ocrx_word' id='word_1_313' title='bbox 1238 2927 1314 2991; x_wconf 90' lang='lat' dir='ltr'>opus</span> <span class='ocrx_word' id='word_1_314' title='bbox 1326 2910 1440 2989; x_wconf 82' lang='lat' dir='ltr'>Rogerii</span> <span class='ocrx_word' id='word_1_315' title='bbox 1457 2909 1587 2986; x_wconf 84' lang='lat' dir='ltr'>primunr</span> 
     </span>
     <span class='ocr_line' id='line_1_30' title="bbox 91 3001 1586 3090; baseline -0.001 -26"><span class='ocrx_word' id='word_1_316' title='bbox 91 3003 127 3064; x_wconf 88' lang='lat' dir='ltr'>S.</span> <span class='ocrx_word' id='word_1_317' title='bbox 152 3001 287 3076; x_wconf 84' lang='lat' dir='ltr'>Tiromne.</span> <span class='ocrx_word' id='word_1_318' title='bbox 308 3011 337 3067; x_wconf 87' lang='lat' dir='ltr'>et</span> <span class='ocrx_word' id='word_1_319' title='bbox 356 3007 499 3087; x_wconf 84' lang='lat' dir='ltr'>quomodo</span> <span class='ocrx_word' id='word_1_320' title='bbox 520 3007 685 3090; x_wconf 77' lang='lat' dir='ltr'>Epr&#39;scrrpus</span> <span class='ocrx_word' id='word_1_321' title='bbox 704 3005 813 3068; x_wconf 86' lang='lat' dir='ltr'>annni-</span> <span class='ocrx_word' id='word_1_322' title='bbox 866 3001 994 3066; x_wconf 73' lang='grc'><strong>441654.</strong></span> <span class='ocrx_word' id='word_1_323' title='bbox 1009 3005 1127 3068; x_wconf 80' lang='lat' dir='ltr'>Romae.</span> <span class='ocrx_word' id='word_1_324' title='bbox 1140 3006 1213 3067; x_wconf 89' lang='lat' dir='ltr'>Vide</span> <span class='ocrx_word' id='word_1_325' title='bbox 1228 3004 1433 3067; x_wconf 80' lang='lat' dir='ltr'>Crescimbeni</span> <span class='ocrx_word' id='word_1_326' title='bbox 1450 3005 1493 3065; x_wconf 90' lang='lat' dir='ltr'>St.</span> <span class='ocrx_word' id='word_1_327' title='bbox 1508 3003 1586 3063; x_wconf 86' lang='lat' dir='ltr'>detta</span> 
     </span>
     <span class='ocr_line' id='line_1_31' title="bbox 92 3091 1484 3184; baseline 0.004 -29"><span class='ocrx_word' id='word_1_328' title='bbox 92 3091 814 3184; x_wconf 70' lang='lat' dir='ltr'>invitancnmmum&#39;cationem,quaefactasuerat</span> <span class='ocrx_word' id='word_1_329' title='bbox 869 3095 953 3176; x_wconf 83' lang='lat' dir='ltr'>Voig.</span> <span class='ocrx_word' id='word_1_330' title='bbox 976 3101 1077 3162; x_wconf 89' lang='lat' dir='ltr'>Parsia</span> <span class='ocrx_word' id='word_1_331' title='bbox 1099 3101 1158 3162; x_wconf 88' lang='lat' dir='ltr'>uni.</span> <span class='ocrx_word' id='word_1_332' title='bbox 1179 3100 1201 3162; x_wconf 92' lang='grc' dir='ltr'>Ι.</span> <span class='ocrx_word' id='word_1_333' title='bbox 1221 3099 1269 3160; x_wconf 85' lang='lat' dir='ltr'>nn.</span> <span class='ocrx_word' id='word_1_334' title='bbox 1293 3099 1341 3160; x_wconf 86' lang='lat' dir='ltr'>Vl.</span> <span class='ocrx_word' id='word_1_335' title='bbox 1357 3115 1384 3159; x_wconf 91' lang='lat' dir='ltr'>o.</span> <span class='ocrx_word' id='word_1_336' title='bbox 1406 3095 1484 3160; x_wconf 86' lang='grc'><strong>44444.</strong></span> 
     </span>
     <span class='ocr_line' id='line_1_32' title="bbox 91 3192 1588 3276; baseline 0.001 -26"><span class='ocrx_word' id='word_1_337' title='bbox 91 3195 201 3252; x_wconf 88' lang='lat' dir='ltr'>eorrtra</span> <span class='ocrx_word' id='word_1_338' title='bbox 220 3192 339 3275; x_wconf 81' lang='lat' dir='ltr'>aliquos</span> <span class='ocrx_word' id='word_1_339' title='bbox 368 3194 524 3269; x_wconf 81' lang='lat' dir='ltr'>articulos,</span> <span class='ocrx_word' id='word_1_340' title='bbox 553 3213 644 3276; x_wconf 85' lang='lat' dir='ltr'>quam</span> <span class='ocrx_word' id='word_1_341' title='bbox 667 3196 759 3258; x_wconf 84' lang='lat' dir='ltr'>habes</span> <span class='ocrx_word' id='word_1_342' title='bbox 781 3199 811 3256; x_wconf 90' lang='lat' dir='ltr'>in</span> <span class='ocrx_word' id='word_1_343' title='bbox 909 3194 1163 3258; x_wconf 80' lang='lat' dir='ltr'>Praetereundum</span> <span class='ocrx_word' id='word_1_344' title='bbox 1185 3211 1247 3255; x_wconf 89' lang='lat' dir='ltr'>non</span> <span class='ocrx_word' id='word_1_345' title='bbox 1263 3192 1340 3256; x_wconf 91' lang='lat' dir='ltr'>duco</span> <span class='ocrx_word' id='word_1_346' title='bbox 1357 3209 1433 3271; x_wconf 86' lang='lat' dir='ltr'>opus</span> <span class='ocrx_word' id='word_1_347' title='bbox 1458 3192 1588 3270; x_wconf 89' lang='lat' dir='ltr'>praecta-</span> 
     </span>
    </p>
   </div>
   <div class='ocr_carea' id='block_1_5' title="bbox 11 3284 1587 3353">
    <p class='ocr_par' dir='ltr' id='par_1_7' title="bbox 11 3284 1587 3353">
     <span class='ocr_line' id='line_1_33' title="bbox 11 3284 1587 3353; baseline 0 -7"><span class='ocrx_word' id='word_1_348' title='bbox 11 3317 16 3326; x_wconf 94' lang='lat'>·</span> <span class='ocrx_word' id='word_1_349' title='bbox 90 3285 812 3353; x_wconf 75' lang='lat' dir='ltr'>ThesaurunovaanecdotorumEdmundittar-</span> <span class='ocrx_word' id='word_1_350' title='bbox 868 3299 935 3347; x_wconf 91' lang='lat' dir='ltr'>rom</span> <span class='ocrx_word' id='word_1_351' title='bbox 962 3291 993 3348; x_wconf 88' lang='lat' dir='ltr'>P.</span> <span class='ocrx_word' id='word_1_352' title='bbox 1020 3290 1162 3351; x_wconf 87' lang='lat' dir='ltr'>Bernardi</span> <span class='ocrx_word' id='word_1_353' title='bbox 1190 3291 1232 3350; x_wconf 85' lang='lat' dir='ltr'>[to</span> <span class='ocrx_word' id='word_1_354' title='bbox 1250 3288 1360 3350; x_wconf 78' lang='lat' dir='ltr'>Rubris</span> <span class='ocrx_word' id='word_1_355' title='bbox 1384 3285 1454 3346; x_wconf 88' lang='lat' dir='ltr'>Ord.</span> <span class='ocrx_word' id='word_1_356' title='bbox 1483 3284 1587 3346; x_wconf 85' lang='lat' dir='ltr'>Praed.</span> 
     </span>
    </p>
   </div>
   <div class='ocr_carea' id='block_1_6' title="bbox 5 3376 1589 4885">
    <p class='ocr_par' dir='ltr' id='par_1_8' title="bbox 5 3376 1589 4791">
     <span class='ocr_line' id='line_1_34' title="bbox 91 3376 1587 3465; baseline -0.002 -25"><span class='ocrx_word' id='word_1_357' title='bbox 91 3387 164 3444; x_wconf 83' lang='lat' dir='ltr'>tene</span> <span class='ocrx_word' id='word_1_358' title='bbox 196 3391 228 3444; x_wconf 91' lang='lat' dir='ltr'>et</span> <span class='ocrx_word' id='word_1_359' title='bbox 251 3384 349 3446; x_wconf 84' lang='lat' dir='ltr'>Ursini</span> <span class='ocrx_word' id='word_1_360' title='bbox 371 3383 492 3448; x_wconf 86' lang='lat' dir='ltr'>Durand</span> <span class='ocrx_word' id='word_1_361' title='bbox 525 3393 607 3446; x_wconf 89' lang='lat' dir='ltr'>tomo</span> <span class='ocrx_word' id='word_1_362' title='bbox 628 3385 651 3444; x_wconf 94' lang='grc'>1.</span> <span class='ocrx_word' id='word_1_363' title='bbox 681 3403 709 3465; x_wconf 89' lang='lat' dir='ltr'>p.</span> <span class='ocrx_word' id='word_1_364' title='bbox 733 3383 809 3448; x_wconf 76' lang='lat'><strong>⁴372</strong></span> <span class='ocrx_word' id='word_1_365' title='bbox 867 3381 910 3443; x_wconf 88' lang='lat' dir='ltr'>De</span> <span class='ocrx_word' id='word_1_366' title='bbox 921 3382 1014 3461; x_wconf 79' lang='lat' dir='ltr'>pestis</span> <span class='ocrx_word' id='word_1_367' title='bbox 1031 3388 1060 3444; x_wconf 93' lang='lat' dir='ltr'>et</span> <span class='ocrx_word' id='word_1_368' title='bbox 1075 3383 1196 3464; x_wconf 83' lang='lat' dir='ltr'>acrr&#39;ptis</span> <span class='ocrx_word' id='word_1_369' title='bbox 1209 3399 1247 3448; x_wconf 90' lang='lat' dir='ltr'>nc</span> <span class='ocrx_word' id='word_1_370' title='bbox 1258 3379 1396 3442; x_wconf 69' lang='lat' dir='ltr'>rioeminn</span> <span class='ocrx_word' id='word_1_371' title='bbox 1411 3383 1440 3441; x_wconf 87' lang='lat' dir='ltr'>S.</span> <span class='ocrx_word' id='word_1_372' title='bbox 1460 3376 1587 3439; x_wconf 78' lang='lat' dir='ltr'>Thomna</span> 
     </span>
     <span class='ocr_line' id='line_1_35' title="bbox 89 3473 1588 3558; baseline -0.003 -22"><span class='ocrx_word' id='word_1_373' title='bbox 89 3481 123 3536; x_wconf 89' lang='lat' dir='ltr'>et</span> <span class='ocrx_word' id='word_1_374' title='bbox 145 3475 257 3540; x_wconf 86' lang='lat' dir='ltr'>habent</span> <span class='ocrx_word' id='word_1_375' title='bbox 283 3478 430 3558; x_wconf 84' lang='lat' dir='ltr'>quaedam</span> <span class='ocrx_word' id='word_1_376' title='bbox 452 3479 605 3553; x_wconf 88' lang='lat' dir='ltr'>Quetitius</span> <span class='ocrx_word' id='word_1_377' title='bbox 628 3485 659 3540; x_wconf 90' lang='lat' dir='ltr'>et</span> <span class='ocrx_word' id='word_1_378' title='bbox 680 3482 811 3544; x_wconf 79' lang='lat' dir='ltr'>antaeus</span> <span class='ocrx_word' id='word_1_379' title='bbox 866 3475 1027 3558; x_wconf 67' lang='lat' dir='ltr'>aquinatis</span> <span class='ocrx_word' id='word_1_380' title='bbox 1046 3474 1314 3540; x_wconf 70' lang='lat' dir='ltr'>Dr&#39;ssertrrtimidus</span> <span class='ocrx_word' id='word_1_381' title='bbox 1331 3473 1445 3548; x_wconf 82' lang='lat' dir='ltr'>criticis</span> <span class='ocrx_word' id='word_1_382' title='bbox 1469 3477 1496 3533; x_wconf 87' lang='lat' dir='ltr'>et</span> <span class='ocrx_word' id='word_1_383' title='bbox 1517 3487 1588 3554; x_wconf 82' lang='lat' dir='ltr'>upo-</span> 
     </span>
     <span class='ocr_line' id='line_1_36' title="bbox 5 3567 1586 3653; baseline -0.003 -23"><span class='ocrx_word' id='word_1_384' title='bbox 5 3617 8 3630; x_wconf 92' lang='lat'>.</span> <span class='ocrx_word' id='word_1_385' title='bbox 90 3574 120 3632; x_wconf 92' lang='lat' dir='ltr'>in</span> <span class='ocrx_word' id='word_1_386' title='bbox 138 3573 264 3635; x_wconf 80' lang='lat' dir='ltr'>Historia</span> <span class='ocrx_word' id='word_1_387' title='bbox 284 3573 495 3636; x_wconf 82' lang='lat' dir='ltr'>Univeraitatis</span> <span class='ocrx_word' id='word_1_388' title='bbox 517 3575 675 3636; x_wconf 83' lang='lat' dir='ltr'>Parisinae.</span> <span class='ocrx_word' id='word_1_389' title='bbox 697 3576 808 3638; x_wconf 87' lang='lat' dir='ltr'>Contra</span> <span class='ocrx_word' id='word_1_390' title='bbox 868 3568 996 3650; x_wconf 77' lang='lat' dir='ltr'>inpetiois</span> <span class='ocrx_word' id='word_1_391' title='bbox 1024 3581 1165 3635; x_wconf 83' lang='lat' dir='ltr'>exactum</span> <span class='ocrx_word' id='word_1_392' title='bbox 1185 3575 1213 3632; x_wconf 90' lang='lat' dir='ltr'>iu</span> <span class='ocrx_word' id='word_1_393' title='bbox 1231 3572 1278 3633; x_wconf 87' lang='lat' dir='ltr'>tot.</span> <span class='ocrx_word' id='word_1_394' title='bbox 1299 3569 1431 3653; x_wconf 69' lang='lat' dir='ltr'>teneatis</span> <span class='ocrx_word' id='word_1_395' title='bbox 1447 3584 1477 3628; x_wconf 91' lang='lat' dir='ltr'>a.</span> <span class='ocrx_word' id='word_1_396' title='bbox 1498 3567 1586 3628; x_wconf 88' lang='grc'><strong>47344.</strong></span> 
     </span>
     <span class='ocr_line' id='line_1_37' title="bbox 91 3664 1587 3747; baseline -0.005 -20"><span class='ocrx_word' id='word_1_397' title='bbox 91 3683 168 3728; x_wconf 84' lang='lat' dir='ltr'>vero</span> <span class='ocrx_word' id='word_1_398' title='bbox 199 3669 398 3747; x_wconf 87' lang='lat' dir='ltr'>sequentibus</span> <span class='ocrx_word' id='word_1_399' title='bbox 427 3668 617 3747; x_wconf 79' lang='lat' dir='ltr'>temporibus</span> <span class='ocrx_word' id='word_1_400' title='bbox 647 3674 810 3732; x_wconf 89' lang='lat' dir='ltr'>auctoritas</span> <span class='ocrx_word' id='word_1_401' title='bbox 866 3665 1099 3729; x_wconf 83' lang='lat' dir='ltr'>Dissertatinnes</span> <span class='ocrx_word' id='word_1_402' title='bbox 1117 3683 1188 3730; x_wconf 82' lang='lat' dir='ltr'>vero</span> <span class='ocrx_word' id='word_1_403' title='bbox 1214 3665 1280 3728; x_wconf 85' lang='lat' dir='ltr'>ittae</span> <span class='ocrx_word' id='word_1_404' title='bbox 1305 3668 1480 3744; x_wconf 86' lang='lat' dir='ltr'>comparent</span> <span class='ocrx_word' id='word_1_405' title='bbox 1496 3664 1587 3722; x_wconf 87' lang='lat' dir='ltr'>etiam</span> 
     </span>
     <span class='ocr_line' id='line_1_38' title="bbox 89 3759 1587 3843; baseline -0.008 -18"><span class='ocrx_word' id='word_1_406' title='bbox 89 3762 282 3843; x_wconf 87' lang='lat' dir='ltr'>quarundam</span> <span class='ocrx_word' id='word_1_407' title='bbox 305 3763 384 3826; x_wconf 90' lang='lat' dir='ltr'>iiiios</span> <span class='ocrx_word' id='word_1_408' title='bbox 409 3762 611 3826; x_wconf 84' lang='lat' dir='ltr'>doctrinarum</span> <span class='ocrx_word' id='word_1_409' title='bbox 640 3767 668 3824; x_wconf 93' lang='lat' dir='ltr'>in</span> <span class='ocrx_word' id='word_1_410' title='bbox 691 3762 808 3826; x_wconf 87' lang='lat' dir='ltr'>tantum</span> <span class='ocrx_word' id='word_1_411' title='bbox 867 3760 896 3820; x_wconf 89' lang='lat' dir='ltr'>in</span> <span class='ocrx_word' id='word_1_412' title='bbox 925 3777 979 3825; x_wconf 91' lang='lat' dir='ltr'>sua</span> <span class='ocrx_word' id='word_1_413' title='bbox 1005 3764 1139 3840; x_wconf 77' lang='lat' dir='ltr'>singutas</span> <span class='ocrx_word' id='word_1_414' title='bbox 1164 3763 1226 3824; x_wconf 87' lang='lat' dir='ltr'>ioca</span> <span class='ocrx_word' id='word_1_415' title='bbox 1250 3759 1429 3821; x_wconf 87' lang='lat' dir='ltr'>distributae</span> <span class='ocrx_word' id='word_1_416' title='bbox 1454 3759 1482 3815; x_wconf 92' lang='lat' dir='ltr'>in</span> <span class='ocrx_word' id='word_1_417' title='bbox 1509 3771 1587 3815; x_wconf 85' lang='lat' dir='ltr'>nova</span> 
     </span>
     <span class='ocr_line' id='line_1_39' title="bbox 91 3854 1586 3938; baseline -0.009 -17"><span class='ocrx_word' id='word_1_418' title='bbox 91 3859 241 3936; x_wconf 82' lang='lat' dir='ltr'>invainit,</span> <span class='ocrx_word' id='word_1_419' title='bbox 263 3866 296 3920; x_wconf 89' lang='lat' dir='ltr'>ut</span> <span class='ocrx_word' id='word_1_420' title='bbox 316 3860 360 3920; x_wconf 79' lang='lat' dir='ltr'>Jo-</span> <span class='ocrx_word' id='word_1_421' title='bbox 384 3856 547 3937; x_wconf 87' lang='lat' dir='ltr'>Launojus,</span> <span class='ocrx_word' id='word_1_422' title='bbox 569 3861 619 3938; x_wconf 90' lang='lat' dir='ltr'>qui</span> <span class='ocrx_word' id='word_1_423' title='bbox 642 3875 701 3920; x_wconf 92' lang='lat' dir='ltr'>non</span> <span class='ocrx_word' id='word_1_424' title='bbox 724 3859 811 3928; x_wconf 86' lang='lat' dir='ltr'>tacita</span> <span class='ocrx_word' id='word_1_425' title='bbox 867 3854 996 3916; x_wconf 82' lang='lat' dir='ltr'>editione</span> <span class='ocrx_word' id='word_1_426' title='bbox 1022 3857 1153 3936; x_wconf 86' lang='lat' dir='ltr'>Operum</span> <span class='ocrx_word' id='word_1_427' title='bbox 1180 3859 1207 3918; x_wconf 88' lang='lat' dir='ltr'>S.</span> <span class='ocrx_word' id='word_1_428' title='bbox 1221 3856 1353 3917; x_wconf 78' lang='lat' dir='ltr'>Thomas</span> <span class='ocrx_word' id='word_1_429' title='bbox 1368 3901 1376 3930; x_wconf 89' lang='lat'>,</span> <span class='ocrx_word' id='word_1_430' title='bbox 1390 3855 1586 3931; x_wconf 87' lang='lat' dir='ltr'>quaecoepta</span> 
     </span>
     <span class='ocr_line' id='line_1_40' title="bbox 89 3949 1297 4031; baseline -0.004 -17"><span class='ocrx_word' id='word_1_431' title='bbox 89 3951 245 4024; x_wconf 86' lang='lat' dir='ltr'>credebat,</span> <span class='ocrx_word' id='word_1_432' title='bbox 267 3953 493 4031; x_wconf 82' lang='lat' dir='ltr'>quaaEcotesia</span> <span class='ocrx_word' id='word_1_433' title='bbox 525 3954 677 4025; x_wconf 73' lang='lat' dir='ltr'>Anniana,</span> <span class='ocrx_word' id='word_1_434' title='bbox 700 3955 728 4014; x_wconf 92' lang='lat' dir='ltr'>in</span> <span class='ocrx_word' id='word_1_435' title='bbox 760 3953 812 4013; x_wconf 91' lang='lat' dir='ltr'>do·</span> <span class='ocrx_word' id='word_1_436' title='bbox 866 3950 1190 4013; x_wconf 71' lang='lat' dir='ltr'>estteneutsrnta.</span> <span class='ocrx_word' id='word_1_437' title='bbox 1209 3949 1297 4012; x_wconf 83' lang='grc'><strong>4745.</strong></span> 
     </span>
     <span class='ocr_line' id='line_1_41' title="bbox 90 4038 1587 4127; baseline -0.007 -18"><span class='ocrx_word' id='word_1_438' title='bbox 90 4049 220 4109; x_wconf 91' lang='lat' dir='ltr'>ctrinam</span> <span class='ocrx_word' id='word_1_439' title='bbox 239 4047 370 4110; x_wconf 82' lang='lat' dir='ltr'>Thamar</span> <span class='ocrx_word' id='word_1_440' title='bbox 384 4046 511 4127; x_wconf 86' lang='lat' dir='ltr'>juraret.</span> <span class='ocrx_word' id='word_1_441' title='bbox 533 4047 626 4108; x_wconf 82' lang='lat' dir='ltr'>Verba</span> <span class='ocrx_word' id='word_1_442' title='bbox 649 4045 716 4125; x_wconf 85' lang='lat' dir='ltr'>ejus</span> <span class='ocrx_word' id='word_1_443' title='bbox 737 4054 810 4108; x_wconf 90' lang='lat' dir='ltr'>sunt</span> <span class='ocrx_word' id='word_1_444' title='bbox 907 4045 987 4126; x_wconf 80' lang='lat' dir='ltr'>(seor</span> <span class='ocrx_word' id='word_1_445' title='bbox 1011 4047 1049 4108; x_wconf 86' lang='lat' dir='ltr'>Et</span> <span class='ocrx_word' id='word_1_446' title='bbox 1076 4055 1201 4108; x_wconf 88' lang='lat' dir='ltr'>curante</span> <span class='ocrx_word' id='word_1_447' title='bbox 1232 4043 1336 4105; x_wconf 86' lang='lat' dir='ltr'>eodem</span> <span class='ocrx_word' id='word_1_448' title='bbox 1360 4045 1391 4105; x_wconf 86' lang='lat' dir='ltr'>P.</span> <span class='ocrx_word' id='word_1_449' title='bbox 1411 4043 1454 4104; x_wconf 86' lang='lat' dir='ltr'>De</span> <span class='ocrx_word' id='word_1_450' title='bbox 1477 4038 1587 4103; x_wconf 83' lang='lat' dir='ltr'>Rubeis</span> 
     </span>
     <span class='ocr_line' id='line_1_42' title="bbox 90 4127 1589 4224; baseline -0.007 -21"><span class='ocrx_word' id='word_1_451' title='bbox 90 4142 166 4204; x_wconf 87' lang='lat' dir='ltr'>traec</span> <span class='ocrx_word' id='word_1_452' title='bbox 188 4141 282 4221; x_wconf 84' lang='lat' dir='ltr'>Epist.</span> <span class='ocrx_word' id='word_1_453' title='bbox 306 4143 352 4204; x_wconf 89' lang='grc'><strong>444.</strong></span> <span class='ocrx_word' id='word_1_454' title='bbox 375 4142 422 4204; x_wconf 81' lang='lat' dir='ltr'>rt.</span> <span class='ocrx_word' id='word_1_455' title='bbox 445 4159 464 4203; x_wconf 94' lang='lat' dir='ltr'>n</span> <span class='ocrx_word' id='word_1_456' title='bbox 493 4142 564 4205; x_wconf 80' lang='lat' dir='ltr'>snt.</span> <span class='ocrx_word' id='word_1_457' title='bbox 581 4127 810 4224; x_wconf 77' lang='lat' dir='ltr'>Retipiosejaro</span> <span class='ocrx_word' id='word_1_458' title='bbox 866 4137 1002 4202; x_wconf 77' lang='lat' dir='ltr'>xxviii.</span> <span class='ocrx_word' id='word_1_459' title='bbox 1030 4141 1233 4203; x_wconf 82' lang='lat' dir='ltr'>voluminibus</span> <span class='ocrx_word' id='word_1_460' title='bbox 1254 4139 1290 4200; x_wconf 90' lang='lat' dir='ltr'>ad</span> <span class='ocrx_word' id='word_1_461' title='bbox 1313 4136 1488 4200; x_wconf 86' lang='lat' dir='ltr'>ambiticum</span> <span class='ocrx_word' id='word_1_462' title='bbox 1522 4151 1589 4214; x_wconf 86' lang='lat' dir='ltr'>per·</span> 
     </span>
     <span class='ocr_line' id='line_1_43' title="bbox 92 4227 1586 4316; baseline -0.007 -18"><span class='ocrx_word' id='word_1_463' title='bbox 92 4235 124 4298; x_wconf 89' lang='lat' dir='ltr'>in</span> <span class='ocrx_word' id='word_1_464' title='bbox 141 4232 223 4298; x_wconf 83' lang='lat' dir='ltr'>denti</span> <span class='ocrx_word' id='word_1_465' title='bbox 244 4234 368 4298; x_wconf 81' lang='lat' dir='ltr'>Tiromoc</span> <span class='ocrx_word' id='word_1_466' title='bbox 388 4235 554 4298; x_wconf 85' lang='lat' dir='ltr'>doctrinam</span> <span class='ocrx_word' id='word_1_467' title='bbox 574 4252 697 4302; x_wconf 73' lang='lat' dir='ltr'>amarem,</span> <span class='ocrx_word' id='word_1_468' title='bbox 718 4251 811 4316; x_wconf 78' lang='lat' dir='ltr'>quam</span> <span class='ocrx_word' id='word_1_469' title='bbox 866 4232 966 4296; x_wconf 91' lang='lat' dir='ltr'>durta.</span> <span class='ocrx_word' id='word_1_470' title='bbox 993 4233 1092 4295; x_wconf 82' lang='lat' dir='ltr'>Edit-io</span> <span class='ocrx_word' id='word_1_471' title='bbox 1122 4251 1257 4296; x_wconf 81' lang='lat' dir='ltr'>omniurn</span> <span class='ocrx_word' id='word_1_472' title='bbox 1280 4232 1455 4313; x_wconf 88' lang='lat' dir='ltr'>tocupietior</span> <span class='ocrx_word' id='word_1_473' title='bbox 1476 4236 1508 4292; x_wconf 88' lang='lat' dir='ltr'>et</span> <span class='ocrx_word' id='word_1_474' title='bbox 1531 4227 1586 4289; x_wconf 87' lang='lat' dir='ltr'>nisi</span> 
     </span>
     <span class='ocr_line' id='line_1_44' title="bbox 51 4326 1183 4411; baseline -0.005 -17"><span class='ocrx_word' id='word_1_475' title='bbox 51 4347 58 4366; x_wconf 86' lang='grc'><em>·</em></span> <span class='ocrx_word' id='word_1_476' title='bbox 92 4330 300 4394; x_wconf 78' lang='lat' dir='ltr'>carmenienter</span> <span class='ocrx_word' id='word_1_477' title='bbox 325 4329 450 4411; x_wconf 71' lang='lat' dir='ltr'>defintoe</span> <span class='ocrx_word' id='word_1_478' title='bbox 463 4349 484 4391; x_wconf 89' lang='lat' dir='ltr'>a</span> <span class='ocrx_word' id='word_1_479' title='bbox 497 4347 530 4392; x_wconf 84' lang='lat' dir='ltr'>se</span> <span class='ocrx_word' id='word_1_480' title='bbox 546 4327 715 4410; x_wconf 77' lang='lat' dir='ltr'>Tireoioprire</span> <span class='ocrx_word' id='word_1_481' title='bbox 728 4329 811 4391; x_wconf 79' lang='lat' dir='ltr'>ento·</span> <span class='ocrx_word' id='word_1_482' title='bbox 867 4326 1040 4408; x_wconf 83' lang='lat' dir='ltr'>inelegans,</span> <span class='ocrx_word' id='word_1_483' title='bbox 1060 4329 1183 4407; x_wconf 91' lang='lat' dir='ltr'>optima.</span> 
     </span>
     <span class='ocr_line' id='line_1_45' title="bbox 92 4413 1588 4507; baseline -0.011 -19"><span class='ocrx_word' id='word_1_484' title='bbox 92 4421 217 4488; x_wconf 83' lang='lat' dir='ltr'>ioutieae</span> <span class='ocrx_word' id='word_1_485' title='bbox 230 4422 263 4486; x_wconf 88' lang='lat' dir='ltr'>in</span> <span class='ocrx_word' id='word_1_486' title='bbox 273 4423 375 4506; x_wconf 87' lang='lat' dir='ltr'>prima</span> <span class='ocrx_word' id='word_1_487' title='bbox 391 4429 481 4507; x_wconf 87' lang='lat' dir='ltr'>purte</span> <span class='ocrx_word' id='word_1_488' title='bbox 500 4437 616 4506; x_wconf 84' lang='lat' dir='ltr'>quaest.</span> <span class='ocrx_word' id='word_1_489' title='bbox 639 4425 666 4486; x_wconf 92' lang='grc'>4.</span> <span class='ocrx_word' id='word_1_490' title='bbox 688 4429 747 4486; x_wconf 88' lang='lat' dir='ltr'>art.</span> <span class='ocrx_word' id='word_1_491' title='bbox 771 4426 809 4486; x_wconf 92' lang='grc'>11.</span> <span class='ocrx_word' id='word_1_492' title='bbox 907 4421 1074 4494; x_wconf 75' lang='grc'><strong>44404448,</strong></span> <span class='ocrx_word' id='word_1_493' title='bbox 1096 4420 1331 4484; x_wconf 85' lang='lat' dir='ltr'>Archidiaconus</span> <span class='ocrx_word' id='word_1_494' title='bbox 1351 4417 1469 4481; x_wconf 80' lang='lat' dir='ltr'>nubent</span> <span class='ocrx_word' id='word_1_495' title='bbox 1498 4413 1588 4493; x_wconf 86' lang='lat' dir='ltr'>Capi-</span> 
     </span>
     <span class='ocr_line' id='line_1_46' title="bbox 92 4517 1583 4600; baseline -0.009 -18"><span class='ocrx_word' id='word_1_496' title='bbox 92 4527 120 4582; x_wconf 80' lang='lat' dir='ltr'>et</span> <span class='ocrx_word' id='word_1_497' title='bbox 133 4523 196 4580; x_wconf 89' lang='lat' dir='ltr'>ort.</span> <span class='ocrx_word' id='word_1_498' title='bbox 218 4519 297 4580; x_wconf 84' lang='grc'><strong>44441.</strong></span> <span class='ocrx_word' id='word_1_499' title='bbox 313 4517 356 4580; x_wconf 88' lang='lat' dir='ltr'>od</span> <span class='ocrx_word' id='word_1_500' title='bbox 367 4517 532 4581; x_wconf 83' lang='lat' dir='ltr'>secundum</span> <span class='ocrx_word' id='word_1_501' title='bbox 547 4518 680 4582; x_wconf 84' lang='lat' dir='ltr'>tradidit:</span> <span class='ocrx_word' id='word_1_502' title='bbox 698 4526 727 4581; x_wconf 91' lang='lat' dir='ltr'>et</span> <span class='ocrx_word' id='word_1_503' title='bbox 741 4537 810 4600; x_wconf 81' lang='lat' dir='ltr'>pru·</span> <span class='ocrx_word' id='word_1_504' title='bbox 867 4521 946 4579; x_wconf 91' lang='lat' dir='ltr'>tonis</span> <span class='ocrx_word' id='word_1_505' title='bbox 968 4521 1103 4599; x_wconf 87' lang='lat' dir='ltr'>Episcopi</span> <span class='ocrx_word' id='word_1_506' title='bbox 1127 4519 1345 4578; x_wconf 82' lang='lat' dir='ltr'>tinentniensis</span> <span class='ocrx_word' id='word_1_507' title='bbox 1364 4517 1442 4574; x_wconf 91' lang='lat' dir='ltr'>circa</span> <span class='ocrx_word' id='word_1_508' title='bbox 1460 4525 1583 4571; x_wconf 84' lang='lat' dir='ltr'>annum</span> 
     </span>
     <span class='ocr_line' id='line_1_47' title="bbox 87 4608 1587 4696; baseline -0.009 -20"><span class='ocrx_word' id='word_1_509' title='bbox 87 4612 356 4694; x_wconf 70' lang='lat' dir='ltr'>perhonorans.</span> <span class='ocrx_word' id='word_1_510' title='bbox 372 4613 497 4676; x_wconf 80' lang='lat' dir='ltr'>tiamne</span> <span class='ocrx_word' id='word_1_511' title='bbox 511 4614 650 4696; x_wconf 86' lang='lat' dir='ltr'>nonjuro</span> <span class='ocrx_word' id='word_1_512' title='bbox 664 4615 695 4676; x_wconf 91' lang='lat' dir='ltr'>in</span> <span class='ocrx_word' id='word_1_513' title='bbox 707 4612 809 4691; x_wconf 80' lang='lat' dir='ltr'>otram,</span> <span class='ocrx_word' id='word_1_514' title='bbox 868 4613 946 4678; x_wconf 77' lang='lat' dir='ltr'>rata</span> <span class='ocrx_word' id='word_1_515' title='bbox 963 4615 1083 4695; x_wconf 89' lang='lat' dir='ltr'>scripsit</span> <span class='ocrx_word' id='word_1_516' title='bbox 1101 4610 1224 4676; x_wconf 84' lang='lat' dir='ltr'>Librum</span> <span class='ocrx_word' id='word_1_517' title='bbox 1238 4611 1273 4673; x_wconf 84' lang='lat' dir='ltr'>dc</span> <span class='ocrx_word' id='word_1_518' title='bbox 1291 4609 1452 4690; x_wconf 82' lang='lat' dir='ltr'>Baptismo.</span> <span class='ocrx_word' id='word_1_519' title='bbox 1468 4608 1587 4667; x_wconf 85' lang='lat' dir='ltr'>Pitseus</span> 
     </span>
     <span class='ocr_line' id='line_1_48' title="bbox 90 4705 1256 4791; baseline -0.006 -19"><span class='ocrx_word' id='word_1_520' title='bbox 90 4728 169 4790; x_wconf 85' lang='lat' dir='ltr'>puae</span> <span class='ocrx_word' id='word_1_521' title='bbox 189 4705 231 4772; x_wconf 76' lang='lat' dir='ltr'>aa</span> <span class='ocrx_word' id='word_1_522' title='bbox 251 4707 304 4772; x_wconf 81' lang='lat' dir='ltr'>iiia</span> <span class='ocrx_word' id='word_1_523' title='bbox 324 4708 503 4772; x_wconf 81' lang='lat' dir='ltr'>dissentiret.</span> <span class='ocrx_word' id='word_1_524' title='bbox 867 4709 1003 4791; x_wconf 83' lang='lat' dir='ltr'>Append.</span> <span class='ocrx_word' id='word_1_525' title='bbox 1026 4713 1116 4772; x_wconf 84' lang='lat' dir='ltr'>cent.</span> <span class='ocrx_word' id='word_1_526' title='bbox 1139 4711 1184 4771; x_wconf 88' lang='lat' dir='ltr'>tV.</span> <span class='ocrx_word' id='word_1_527' title='bbox 1208 4709 1256 4768; x_wconf 85' lang='grc'>49.</span> 
     </span>
    </p>

    <p class='ocr_par' dir='ltr' id='par_1_9' title="bbox 130 4791 1588 4885">
     <span class='ocr_line' id='line_1_49' title="bbox 130 4791 1588 4885; baseline -0.013 -15"><span class='ocrx_word' id='word_1_528' title='bbox 130 4807 293 4870; x_wconf 82' lang='lat' dir='ltr'>Caeterum</span> <span class='ocrx_word' id='word_1_529' title='bbox 316 4809 345 4866; x_wconf 90' lang='lat' dir='ltr'>in</span> <span class='ocrx_word' id='word_1_530' title='bbox 365 4807 422 4870; x_wconf 87' lang='lat' dir='ltr'>tris.</span> <span class='ocrx_word' id='word_1_531' title='bbox 438 4821 516 4885; x_wconf 84' lang='lat' dir='ltr'>quaa</span> <span class='ocrx_word' id='word_1_532' title='bbox 534 4804 581 4865; x_wconf 83' lang='lat' dir='ltr'>hic</span> <span class='ocrx_word' id='word_1_533' title='bbox 597 4803 635 4867; x_wconf 88' lang='lat' dir='ltr'>de</span> <span class='ocrx_word' id='word_1_534' title='bbox 651 4805 680 4867; x_wconf 88' lang='lat' dir='ltr'>S.</span> <span class='ocrx_word' id='word_1_535' title='bbox 697 4805 809 4867; x_wconf 84' lang='lat' dir='ltr'>Tharne</span> <span class='ocrx_word' id='word_1_536' title='bbox 907 4805 1062 4867; x_wconf 75' lang='lat' dir='ltr'>euodes</span> <span class='ocrx_word' id='word_1_537' title='bbox 1083 4803 1119 4866; x_wconf 87' lang='lat' dir='ltr'>de</span> <span class='ocrx_word' id='word_1_538' title='bbox 1139 4799 1314 4884; x_wconf 81' lang='lat' dir='ltr'>Arpentina,</span> <span class='ocrx_word' id='word_1_539' title='bbox 1332 4817 1347 4862; x_wconf 90' lang='lat' dir='ltr'>a</span> <span class='ocrx_word' id='word_1_540' title='bbox 1366 4797 1460 4878; x_wconf 88' lang='lat' dir='ltr'>patria</span> <span class='ocrx_word' id='word_1_541' title='bbox 1479 4795 1522 4856; x_wconf 87' lang='lat' dir='ltr'>sic</span> <span class='ocrx_word' id='word_1_542' title='bbox 1542 4791 1588 4853; x_wconf 88' lang='lat' dir='ltr'>di·</span> 
     </span>
    </p>
   </div>
   <div class='ocr_carea' id='block_1_7' title="bbox 93 4892 1591 5071">
    <p class='ocr_par' dir='ltr' id='par_1_10' title="bbox 93 4892 1591 5071">
     <span class='ocr_line' id='line_1_50' title="bbox 93 4892 1588 4981; baseline -0.009 -20"><span class='ocrx_word' id='word_1_543' title='bbox 93 4901 213 4980; x_wconf 80' lang='lat' dir='ltr'>protuli.</span> <span class='ocrx_word' id='word_1_544' title='bbox 226 4901 404 4981; x_wconf 81' lang='lat' dir='ltr'>plerumque</span> <span class='ocrx_word' id='word_1_545' title='bbox 420 4908 546 4964; x_wconf 86' lang='lat' dir='ltr'>secutus</span> <span class='ocrx_word' id='word_1_546' title='bbox 563 4917 630 4962; x_wconf 90' lang='lat' dir='ltr'>sum</span> <span class='ocrx_word' id='word_1_547' title='bbox 645 4900 809 4974; x_wconf 87' lang='lat' dir='ltr'>Quetitrum</span> <span class='ocrx_word' id='word_1_548' title='bbox 865 4907 945 4969; x_wconf 88' lang='lat' dir='ltr'>ctos,</span> <span class='ocrx_word' id='word_1_549' title='bbox 965 4898 1135 4978; x_wconf 76' lang='lat' dir='ltr'>theologus</span> <span class='ocrx_word' id='word_1_550' title='bbox 1157 4899 1321 4972; x_wconf 80' lang='lat' dir='ltr'>Parisinus,</span> <span class='ocrx_word' id='word_1_551' title='bbox 1343 4892 1588 4974; x_wconf 87' lang='lat' dir='ltr'>Augustinianus</span> 
     </span>
     <span class='ocr_line' id='line_1_51' title="bbox 94 4985 1591 5071; baseline -0.008 -17"><span class='ocrx_word' id='word_1_552' title='bbox 94 5001 124 5055; x_wconf 86' lang='lat' dir='ltr'>et</span> <span class='ocrx_word' id='word_1_553' title='bbox 139 4993 304 5071; x_wconf 83' lang='lat' dir='ltr'>(tudinum,</span> <span class='ocrx_word' id='word_1_554' title='bbox 320 4997 361 5056; x_wconf 87' lang='lat' dir='ltr'>ita</span> <span class='ocrx_word' id='word_1_555' title='bbox 377 5003 490 5070; x_wconf 82' lang='lat' dir='ltr'>tamen,</span> <span class='ocrx_word' id='word_1_556' title='bbox 504 5002 539 5056; x_wconf 91' lang='lat' dir='ltr'>ut</span> <span class='ocrx_word' id='word_1_557' title='bbox 557 4993 596 5055; x_wconf 87' lang='lat' dir='ltr'>de</span> <span class='ocrx_word' id='word_1_558' title='bbox 618 4996 694 5056; x_wconf 84' lang='lat' dir='ltr'>mois</span> <span class='ocrx_word' id='word_1_559' title='bbox 712 4995 804 5056; x_wconf 88' lang='lat' dir='ltr'>muita</span> <span class='ocrx_word' id='word_1_560' title='bbox 865 4996 1009 5068; x_wconf 79' lang='lat' dir='ltr'>Eremita,</span> <span class='ocrx_word' id='word_1_561' title='bbox 1030 5001 1062 5051; x_wconf 85' lang='lat' dir='ltr'>et</span> <span class='ocrx_word' id='word_1_562' title='bbox 1081 5010 1107 5052; x_wconf 83' lang='lat' dir='ltr'>a.</span> <span class='ocrx_word' id='word_1_563' title='bbox 1130 4992 1209 5054; x_wconf 80' lang='grc'><strong>4345</strong></span> <span class='ocrx_word' id='word_1_564' title='bbox 1223 4991 1338 5054; x_wconf 89' lang='lat' dir='ltr'>ordinis</span> <span class='ocrx_word' id='word_1_565' title='bbox 1354 4991 1400 5050; x_wconf 82' lang='lat' dir='ltr'>sui</span> <span class='ocrx_word' id='word_1_566' title='bbox 1418 4985 1591 5062; x_wconf 76' lang='lat' dir='ltr'>Generalis,-</span> 
     </span>
    </p>
   </div>
   <div class='ocr_carea' id='block_1_8' title="bbox 1326 5090 1383 5177">
    <p class='ocr_par' dir='ltr' id='par_1_11' title="bbox 1326 5090 1383 5177">
     <span class='ocr_line' id='line_1_52' title="bbox 1326 5090 1383 5177; baseline 0 0"><span class='ocrx_word' id='word_1_567' title='bbox 1326 5090 1383 5177; x_wconf 71' lang='lat' dir='ltr'>t¹⁹</span> 
     </span>
    </p>
   </div>
   <div class='ocr_carea' id='block_1_9' title="bbox 0 0 1820 5416">
    <p class='ocr_par' dir='ltr' id='par_1_12' title="bbox 0 0 1820 5416">
     <span class='ocr_line' id='line_1_53' title="bbox 0 0 1820 5416; baseline 0 1"><span class='ocrx_word' id='word_1_568' title='bbox 0 0 1820 5416; x_wconf 95' lang='lat' dir='ltr'> </span> 
     </span>
    </p>
   </div>
  </div>
 </body>
</html>
