3630 5422
532 233 558 295 J.
594 230 1117 307 sicioniissotiu
1520 231 1574 296 ott

96 343 203 423 plures
221 342 352 420 nobiles,
370 347 471 404 nostra
489 340 524 403 ad
543 341 617 404 haec
647 340 744 402 littora
762 357 815 402 na·
867 341 956 414 diem,
984 341 1123 404 bererum
1155 343 1218 404 XV.
1245 348 1336 422 atque
1352 343 1472 404 tertiam
1490 339 1579 402 borae

96 437 191 499 vibus
206 436 409 516 applicantes,
435 435 533 496 locum
563 444 721 514 postquam
755 435 813 495 illis
869 444 993 515 partem,
1015 435 1176 497 distantem
1194 438 1231 498 ab
1246 437 1424 499 Alexandria
1447 454 1500 515 per
1523 436 1581 496 Oc-

95 530 414 608 habilom,situmquo
427 529 687 607 incomparabilem
704 544 811 606 cogno·
868 529 989 591 cidnum
1019 529 1089 590 bora
1124 548 1191 604 una,
1225 538 1315 609 atque
1348 531 1425 590 binis
1454 533 1580 609 quartis.

97 632 223 684 verant:
244 625 282 686 ibi
300 633 457 702 postquam
473 622 655 683 desidientes
672 619 814 683 consede·
869 623 966 684 Aliam
986 641 1056 683 vero
1075 643 1165 686 unam
1180 625 1314 703 ejusdem
1328 627 1457 686 nominis
1475 627 1582 686 urbem

96 723 185 789 rant,
208 719 424 779 incrementum
444 718 587 777 eximium
614 723 736 792 coeptae
764 715 813 774 ili·
867 734 902 778 eo
919 718 955 778 ab
972 725 1092 779 auctore
1111 726 1172 778 toto
1194 727 1341 780 terrarum
1373 719 1443 779 orbe
1468 719 1582 779 descri-

94 812 186 871 ,vitati
223 812 428 882 omnifariam,
476 809 630 886 modisque
674 807 813 867 omnibus
868 818 949 890 ptam
967 813 1177 890 comperimus.
1207 814 1278 872 Nam
1308 815 1337 871 in
1373 812 1579 892 Cappadociae

94 905 275 966 contulisse.
296 905 355 966 Nec
375 904 512 982 equidem
531 903 579 964 elii
597 902 738 974 deluere,
762 901 812 978 qui
870 904 1051 965 nobilissimo
1068 907 1166 984 Regno
1185 907 1349 966 maritimas
1367 905 1402 964 ad
1426 922 1493 966 oras
1508 907 1583 966 Leu-

96 997 236 1060 dicerent
264 998 380 1059 Siculos
410 997 558 1075 quosdam
588 995 814 1073 antiquissimos
868 1014 992 1076 cosyron
1008 999 1159 1078 positaest
1174 998 1286 1059 Ancon.
1305 998 1362 1060 Sed
1378 998 1456 1076 quod
1475 997 1512 1058 ad
1531 1015 1582 1058 no·

97 1093 227 1173 populna
249 1092 446 1168 Tyrannicam
465 1090 650 1168 Cyclopum,
670 1089 813 1164 Lestrigo·
868 1097 949 1152 strae
967 1092 1122 1154 cumulum
1134 1092 1280 1153 claritatis
1291 1090 1414 1165 accedit,
1430 1091 1485 1151 linc
1500 1108 1584 1169 prae·

98 1203 236 1262 numque
259 1185 407 1263 fugientes
432 1183 629 1260 edacitatem,
656 1184 811 1242 sinistrum
868 1187 953 1263 cipue
968 1185 1091 1263 dignum
1109 1201 1353 1256 commemorare,
1384 1192 1415 1243 et
1446 1199 1585 1264 peregre·
1628 1185 1630 1188 ’

97 1280 203 1342 ltaliae
219 1280 310 1351 litus,
326 1295 377 1355 per
394 1277 579 1339 Adriaticum
606 1276 732 1338 navibus
749 1292 814 1353 per·
868 1283 948 1359 gium
968 1280 1053 1340 nobis
1069 1282 1167 1340 visum
1182 1287 1238 1350 est,
1254 1279 1331 1358 quod
1349 1279 1582 1350 harundinem

97 1373 290 1452 legentee,ad
303 1374 548 1448 nostrumipsum
565 1372 715 1451 Apennini
731 1387 813 1431 mou·
868 1375 1072 1445 nobiliumet
1097 1377 1287 1453 antiquarum
1324 1374 1425 1434 ltaliae
1458 1373 1583 1433 Urbium

101 1471 143 1528 tis
167 1471 400 1547 promontorium
423 1467 588 1538 ticoni,
610 1467 730 1526 liberam
759 1465 813 1526 sibi
870 1486 928 1530 una
952 1469 1024 1531 baec
1044 1468 1156 1530 Civitas
1178 1471 1291 1539 Ancon,
1317 1470 1403 1530 unica
1432 1466 1488 1527 sub
1505 1467 1582 1526 alma

97 1560 252 1622 Coloniam
265 1561 411 1638 delegisse
426 1563 454 1619 in
469 1560 530 1620 loco
545 1560 739 1632 lertili,acre
756 1558 813 1619 sub
869 1563 920 1623 Dei
953 1566 1058 1626 vicarii
1092 1571 1240 1645 potestate
1258 1562 1294 1623 ad
1315 1570 1450 1622 nostrum
1487 1577 1583 1639 usque

100 1670 220 1734 aequo,
236 1653 324 1714 cleris
339 1656 368 1713 in
381 1653 506 1714 coitibus
524 1655 693 1728 Oenotriis,
709 1660 739 1712 ct
756 1651 813 1713 sub
869 1664 998 1736 tempus,
1015 1661 1100 1720 unica
1117 1665 1147 1718 et
1158 1659 1235 1736 elma
1252 1657 1370 1718 Civium
1382 1655 1582 1716 democretius

99 1745 329 1826 pedcejusdem
349 1746 491 1807 Acroterii
522 1747 631 1805 montis
658 1744 811 1824 praecelsi.
869 1753 1276 1829 libastaiaflaqupapquaa
1298 1766 1370 1811 vaso
1392 1766 1497 1810 amnas
1519 1749 1584 1827 (pa.

100 1839 157 1902 Ubi
186 1840 382 1901 Liburnorum
409 1842 437 1899 in
462 1845 605 1917 cospectu
631 1838 666 1899 ad
693 1844 811 1917 portum
871 1863 949 1907 mam
965 1863 1084 1924 semper
1100 1846 1223 1922 excipio)
1240 1851 1293 1905 aut
1309 1842 1424 1904 deletae
1441 1844 1580 1922 penitus,

100 1951 198 2012 aquae
221 1933 498 2012 conspiciebantur,
516 1949 606 2011 aquo
620 1930 656 1992 nd
672 1932 812 2009 illyriam,
868 1945 920 2000 aui
937 1942 1093 2017 tyrannica
1115 1939 1226 1998 cirione
1252 1939 1394 1999 subactae
1423 1932 1583 1997 serviendo

102 2027 267 2101 Graeciam,
291 2027 401 2102 Asiam,
424 2032 454 2084 ⁰¹
475 2026 655 2103 Attidium,
686 2024 813 2102 reliqua·
869 2040 1007 2106 mestam,
1028 2040 1059 2093 et
1080 2033 1234 2110 lugubrem
1253 2035 1344 2092 vitam
1366 2036 1469 2109 agunt.
1492 2029 1582 2090 Clito·

104 2135 178 2198 squc
193 2122 379 2182 necessarias
388 2120 523 2198 gentium
537 2120 673 2196 regiones
683 2116 813 2184 saluber.
869 2127 994 2188 machus
1006 2143 1086 2200 vero,
1098 2127 1231 2187 Graecus
1246 2131 1277 2186 et
1294 2126 1367 2203 ipse,
1385 2129 1489 2184 auctor
1502 2119 1582 2186 baud

103 2212 252 2273 8018111118
283 2212 493 2291 navigantibus
514 2211 551 2271 ab
585 2211 666 2272 1111Ιί3
698 2215 813 2288 poteret
868 2221 1004 2298 ignobilis
1026 2221 1158 2281 muitum
1175 2225 1245 2281 ante
1263 2222 1326 2280 guig
1345 2220 1373 2277 jn
1390 2218 1582 2279 Commenta.

98 2322 261 2381 ⁸⁰⁰⁰⁸⁸1¹⁸i
280 2305 335 2365 ¹¹00
352 2307 432 2364 ellim
450 2306 639 2364 ⁵³⁰0l5³⁸lffl⁰
668 2309 753 2381 113οῑΟ
775 2319 812 2361 ¹¹0
868 2315 919 2372 riis
938 2313 1010 2374 baec
1029 2313 1066 2374 de
1083 2313 1205 2374 Ancone
1224 2314 1335 2390 scripta
1353 2309 1484 2386 reliquit.
1502 2312 1582 2367 utet

99 2420 235 2482 unquam
254 2404 290 2463 ibi
309 2402 430 2462 deesset
448 2401 610 2476 honestae,
628 2401 811 2480 etpulcber·
867 2405 974 2467 Latine
996 2407 1122 2467 babetur
1142 2423 1179 2466 ex
1213 2407 1294 2465 Lino.
1327 2401 1415 2463 Fides
1450 2401 1582 2479 primum

32 2491 35 2495 ’
99 2499 194 2558 rimae
210 2496 356 2556 libertatis
373 2497 514 2572 speciem,
532 2495 634 2568 docus,
647 2511 765 2566 nomen,
783 2499 813 2554 et
867 2498 995 2560 Aneonis
1013 2495 1141 2578 lapidem
1158 2503 1286 2558 cemento
1300 2493 1412 2576 pressit
1425 2493 1508 2553 Divis
1519 2509 1583 2551 mo·

100 2596 323 2652 ornamentum.
341 2590 380 2650 At
396 2591 551 2649 enimvero
569 2595 638 2648 noto
657 2590 735 2647 inter
762 2603 814 2648 au·
867 2588 955 2652 nibus
984 2594 1049 2653 suis
1067 2591 1096 2652 iu
1119 2589 1179 2652 loco
1195 2589 1394 2650 Paratoniioo
1410 2587 1449 2663 (l)
1466 2583 1508 2644 od
1523 2583 1584 2644 loe·

98 2692 199 2746 olores
217 2684 346 2744 Graecos
355 2685 556 2761 comperimus
572 2681 813 2742 mathematicum
868 2671 937 2746 oum
951 2685 1054 2765 pocati
1074 2684 1192 2755 littoris,
1224 2680 1417 2745 semestribut
1447 2683 1580 2759 quotuor

101 2777 185 2838 illum
197 2775 353 2839 Claudium
368 2774 812 2836 PtolemaeumAlcxandrinum
870 2783 899 2839 et
913 2779 1138 2858 quinquaqinta,
1157 2780 1199 2856 (tt)
1211 2776 1270 2838 sole
1286 2779 1409 2856 septimo
1427 2779 1493 2836 onte
1509 2773 1582 2834 Per-

97 2870 208 2932 bacde
237 2870 420 2932 nobilissima
453 2871 579 2929 Civitute
608 2869 750 2929 trifariam
785 2873 816 2925 et
868 2889 1024 2950 pomorum
1034 2871 1181 2950 flammas.
1201 2872 1384 2932 Domesticos
1397 2887 1467 2929 vero
1480 2875 1583 2929 aucto·

99 2965 250 3044 egregiam
275 2964 456 3023 mentionem
476 2961 585 3023 bebere
611 2964 659 3039 it).
675 2962 815 3022 Posuerut
870 2983 927 3040 res,
942 2969 990 3044 qui
1004 2967 1230 3028 celeberrimum
1250 2963 1340 3042 hujus
1357 2965 1453 3025 almae
1469 2963 1578 3024 Civita-

98 3059 179 3118 euim
200 3059 228 3115 in
244 3072 299 3117 suo
313 3055 350 3116 dc
365 3054 548 3134 Gcographie
569 3055 651 3130 libro,
674 3056 701 3112 in
720 3055 814 3114 Euro·
868 3060 907 3114 tis
934 3073 1042 3117 nomen
1068 3062 1314 3126 commemorant,
1347 3063 1375 3114 te
1398 3053 1522 3125 dudoni,
1545 3058 1576 3111 et

99 3147 387 3229 paerorograpbia
422 3150 510 3209 italas
542 3149 618 3207 iuter
651 3148 813 3206 maritimas
866 3148 967 3227 plures
987 3150 1138 3210 lectitasse
1161 3167 1218 3209 non
1240 3148 1354 3209 dubito.
1375 3144 1575 3223 NaniqucTi-

97 3250 214 3322 partes,
230 3245 307 3302 inter
320 3249 351 3302 et
368 3244 527 3316 Maritima,
546 3242 739 3317 Senonasquc
765 3240 812 3300 Ci—
865 3240 978 3303 bullum
1001 3245 1121 3303 Poetem
1142 3241 1397 3321 baudiguobilem
1416 3238 1453 3298 dc
1480 3237 1579 3300 Anco-

97 3338 230 3416 salpinos
252 3337 353 3398 Gallos
366 3336 488 3397 Ancona
503 3335 676 3395 Picenorum
693 3333 814 3412 provio·
868 3353 905 3395 ne
926 3336 1000 3397 baec
1015 3336 1089 3397 talia
1106 3337 1262 3417 scripsisse
1284 3332 1522 3396 luculentissime
1536 3330 1580 3390 di·

96 3434 160 3494 ciac
179 3432 335 3510 insignem,
353 3431 582 3508 primariamque
605 3428 764 3487 Civitatem
781 3428 810 3485 in
866 3429 982 3490 dicisti:

100 3527 170 3586 sinu
186 3525 304 3602 illyrico
321 3522 357 3584 ad
377 3525 532 3584 sinistrum
552 3522 653 3582 ltaliae
672 3522 765 3594 littus,
782 3525 813 3579 et
907 3522 997 3586 Fides
1015 3523 1084 3606 ficu
1114 3529 1163 3585 tuo
1193 3526 1294 3584 sancto
1324 3519 1360 3582 ric
1391 3516 1507 3579 nomino
1537 3515 1581 3577 di-

96 3621 249 3698 egregium
269 3620 297 3678 iu
313 3617 436 3678 Adriaco
454 3616 600 3692 Apennini
620 3617 729 3676 montis
747 3630 812 3692 pro·
866 3619 908 3676 sci
927 3619 966 3693 13)

98 3713 235 3774 montorii
254 3717 353 3790 caput,
376 3709 534 3771 habentem
552 3709 589 3770 ab
611 3707 741 3769 Occiduo
759 3721 831 3786 pcr-
908 3710 994 3787 Quae
1011 3708 1137 3772 tumidos
1155 3708 1258 3790 illyris
1270 3707 1380 3788 pactus
1398 3704 1437 3786 ii)
1458 3704 1583 3785 repelle·

98 3805 313 3885 longitudinem
325 3805 436 3884 gradus
447 3805 603 3877 xxxii,
624 3802 811 3880 atquebinas
865 3811 911 3864 ret
931 3805 1041 3865 Ancon.

101 3907 245 3982 quartas,
263 3899 429 3960 latitudinis
443 3915 514 3958 vero
535 3898 572 3957 ab
597 3894 812 3974 aequinoctiali
867 3900 1019 3960 Lucanum
1036 3915 1107 3958 vero
1119 3897 1354 3970 Cordubensem,
1372 3893 1445 3955 dum
1459 3893 1488 3952 in
1507 3907 1576 3952 cau·

102 3997 132 4057 ia
149 3994 272 4056 Arctum
291 3990 401 4070 gradus
419 3997 534 4070 septem
551 3988 588 4050 de
605 3990 812 4066 quinquagies,
866 4013 897 4056 se
912 3994 980 4055 belli
998 3994 1096 4054 civilis
1108 3994 1241 4068 insignes
1253 3991 1289 4052 ad
1303 3998 1465 4068 utrumque
1478 3988 1581 4049 ltaliae

99 4095 130 4150 cl
146 4084 314 4156 dimidium,
331 4101 462 4163 cumque
481 4090 575 4144 Stilo·
597 4081 662 4154 Qua
684 4095 754 4142 ltro
781 4081 810 4140 in
865 4088 950 4149 littus
966 4088 1150 4148 describeret
1167 4085 1271 4158 Urbes,
1289 4085 1403 4145 dixisse
1419 4082 1544 4143 novisti:

97 4188 181 4262 perte
200 4187 318 4240 montes
335 4177 543 4256 descripserat,
563 4175 736 4254 Apenninus
754 4175 812 4252 pri·
885 4181 961 4243 ltine
987 4182 1122 4262 lberam
1148 4179 1226 4242 vodo
1250 4177 1425 4260 fronpentes
1451 4191 1583 4256 oeqirorc

99 4292 181 4337 mum
200 4273 237 4334 ad
255 4273 385 4334 Aocoois
404 4271 636 4350 promontorium
656 4269 684 4327 in
703 4265 806 4328 Adria·
1432 4268 1522 4328 Pisae

97 4386 166 4432 corn
180 4383 263 4428 marc
283 4372 442 4446 vergentes
455 4369 603 4441 posucrat·
620 4361 671 4422 Ubi
687 4358 808 4420 landem
880 4367 965 4431 Illinc
979 4364 1156 4427 Dalmaticis
1170 4363 1301 4426 obnoccio
1313 4359 1455 4443 {luctibus
1468 4361 1578 4420 Ancon.

102 4463 130 4522 in
148 4463 207 4522 tine
225 4460 262 4521 de
280 4460 395 4520 dicrum
424 4457 591 4531 altitudine,
620 4454 760 4514 nobilium
780 4455 808 4512 in
903 4462 1079 4524 Juvaaatara
1102 4459 1240 4539 aqaidaaa
1263 4459 1404 4536 Satyrum
1435 4456 1580 4516 cecinisse

99 4559 179 4620 ltalia
195 4555 357 4617 Civitetum
377 4555 558 4614 mentionem
578 4549 667 4610 babet
682 4548 729 4622 A).
750 4547 810 4608 An·
864 4558 942 4620 haud
961 4560 1097 4635 ignaras:

99 4668 203 4713 cortem
222 4651 260 4711 Χ.
279 4651 356 4709 inter
379 4649 511 4725 insignes
527 4648 618 4706 totius
634 4643 734 4704 ltaliae
757 4641 811 4702 Ur·

100 4746 152 4808 bes
168 4743 337 4822 descripsit,
355 4741 515 4802 habentem
544 4739 704 4800 maximam
737 4735 806 4798 onoi
927 4732 961 4791 111
978 4728 1040 4815 itin.
1058 4727 1250 4814 inferentiae

927 4808 962 4868 (2)
980 4805 1040 4853 ltin.
1057 4805 1148 4854 decem
1165 4809 1191 4853 et
1208 4799 1400 4866 quinquaginta.

158 4895 194 4955 (1)
210 4887 319 4940 Ptolem.
337 4887 418 4949 Geop.
435 4887 454 4938 1.
471 4890 494 4936 3.
512 4898 568 4946 cap.
588 4887 610 4933 1.
921 4883 956 4944 tt)
975 4881 1034 4930 ltin.
1051 4878 1129 4929 iliani.

158 4973 193 5032 tsi
211 4969 282 5018 idern
299 4966 345 5015 lib.
363 4965 435 5016 vill.
453 4963 505 5014 iob.
523 4961 569 5010 Vl.
922 4959 957 5020 (tt
972 4957 1033 5005 ltin.
1049 4955 1211 5018 Depelleret.
1227 4955 1326 5006 Desunt
1342 4953 1406 5004 boec
1424 4947 1449 4998 in
1466 4945 1581 4998 Tibullo.

1300 5031 1360 5092 232
