3542 5424
17 178 22 315 3
648 192 956 305 nonachus
1512 241 1557 304 33

17 338 20 431 f
93 345 774 432 3331333336031331333813313333,
827 349 1006 413 admonendi
1022 348 1213 410 sunteruditi
1233 365 1384 410 summam
1404 347 1552 410 31133336-

90 443 209 507 33631333
229 442 342 500 Ducem
375 446 407 499 et
438 443 503 518 pag.
538 441 607 502 396.
635 441 776 504 Boeotico
829 452 938 506 versus'
962 444 1108 506 catharos
1125 453 1156 504 et
1175 443 1360 518 valdenses,
1379 461 1457 520 quae
1475 442 1551 502 mul·

18 540 20 594 7
92 535 282 598 adGaleatium
302 532 424 593 Mariam
446 533 658 595 vicecomitem
687 542 719 595 et
746 554 776 615 p.
830 540 870 599 tis
891 539 1003 599 seculis
1033 539 1154 598 omnino
1179 537 1276 615 jacuit
1304 539 1333 596 in
1364 538 1475 618 pluteis
1506 537 1555 595 Bi-

16 676 18 684 .
92 631 140 690 333.
156 627 186 688 63
203 623 315 705 nuptiis
336 624 469 686 Trislani
486 625 678 692 Vicecomitis.
741 645 744 654 “
831 631 1048 691 bliothecarum
1087 631 1224 708 sepulte,
1259 628 1436 710 productam
1460 628 1554 688 luisse

17 705 18 718 ¹
118 719 299 782 3303303108
333 717 779 798 3333333333,’33333333333·
831 710 1554 802 133633131333333361333336333333733.

16 860 17 870 ,
89 831 132 895 pus
147 814 320 875 amonensis
338 803 403 873 sive
421 813 613 874 ptolemaidis
635 817 663 873 in
687 815 780 875 Phoc·
831 833 952 896 operam
968 816 1045 878 hano
1061 817 1165 878 utilem
1181 817 1298 895 publico
1318 821 1492 895 praestante
1507 816 1553 873 l'r.
1583 815 1590 820 ’

90 905 211 981 cicade
232 905 459 984 recuperatas.
478 907 566 967 3191.
585 907 777 980 3131333363,Ι
832 910 1147 987 thoma-Augustino
1176 908 1327 969 lticchinio
1364 909 1441 968 sacri
1476 906 1556 967 indi·

15 1026 17 1075 l
88 1000 186 1061 3631333
198 1000 430 1062 3333133333333
443 999 675 1061 heroldo-basil.
689 1001 776 1062 1363.
831 1006 909 1066 3333
931 1005 1057 1064 33333133
1079 1001 1293 1077 meritissimo,
1312 1001 1428 1080 quade
1450 1019 1486 1062 re
1501 1017 1554 1077 pu·

89 1094 169 1154 icum
182 1091 376 1154 GUlLELMO
389 1095 488 1170 Tyrio.
505 1093 568 1170 [391
593 1092 780 1171 33633633.
831 1097 907 1158 blico
928 1095 1098 1156 nominth
1114 1095 1319 1155 erarditi‘ssimo
1342 1097 1466 1154 meritas
1489 1109 1556 1170 gre-

14 1188 23 1244 1
87 1187 199 1247 Mennis
213 1185 248 1246 di
258 1186 386 1247 Monaco
403 1184 593 1250 de’cortnzr
616 1186 778 1246 Patriarcn
832 1191 889 1251 tias
910 1191 1046 1268 agimus,
1066 1187 1211 1264 nobisque
1233 1187 1461 1264 adgratulemer
1474 1183 1555 1263 quod

17 1284 18 1290 ’
88 1277 342 1340 60333313333
367 1277 496 1340 raccolte
519 1279 561 1340 da
582 1280 647 1341 Gio.
662 1279 776 1341 Mariti.
832 1285 911 1358 votis
926 1283 1036 1342 nostris
1053 1279 1127 1340 adeo
1144 1281 1263 1358 egregie
1284 1281 1324 1338 sit
1351 1279 1555 1350 setislactum·

14 1360 15 1401 3
88 1371 192 1434 lirense
208 1361 298 1434 3783.
316 1374 345 1432 8.
364 1371 372 1445 1
520 1425 523 1432 .
831 1393 900 1437 uam
919 1377 1000 1455 operi
1017 1374 1056 1434 illi
1075 1373 1248 1436 Ricohinius
1263 1373 1419 1449 praemisit
1436 1369 1474 1430 de
1494 1373 1556 1430 vita

14 1538 15 1544 ἵ
113 1465 225 1527 ioannes
256 1464 485 1541 MONACMUS‚
512 1465 690 1527 Cardinalis.
722 1466 778 1526 Su·
831 1477 862 1530 et
883 1471 1003 1547 scriptis
1025 1471 1055 1529 P.
1083 1467 1218 1529 Monetae
1243 1465 1463 1527 discussionem
1491 1463 1557 1525 dili-

84 1559 213 1635 prath
234 1576 264 1637 p.
287 1559 356 1619 389.
378 1557 518 1619 0363333
538 1565 559 1617 3.
581 1560 600 1618 3
618 1575 647 1636 p.
669 1559 738 1618 690.
775 1577 778 1582 ·
831 1570 1008 1641 gentemao
1029 1561 1066 1622 de
1084 1559 1225 1621 Catharis
1242 1565 1273 1620 et
1292 1559 1494 1622 Valdensibns
1508 1557 1558 1633 ju-

113 1651 303 1712 sontibus
323 1649 609 1730 acvimpotnnoa's,
642 1652 778 1714 Dalmata
832 1664 915 1718 stum
935 1655 1249 1730 commentariumpne
1271 1651 1342 1730 quid
1365 1651 1493 1713 dixerim
1517 1651 1556 1711 de

82 1741 245 1805 0313313301.
264 1745 428 1805 defunctus
443 1745 522 1804 circa
539 1743 574 1804 A·
594 1744 682 1805 3310·
701 1745 780 1806 Scri·
832 1750 1076 1813 adnotationibus
1104 1746 1261 1807 hincinde
1289 1749 1424 1825 sparsis,
1443 1747 1555 1826 quibus

14 1868 17 1900 f
83 1838 129 1912 psit
145 1839 294 1899 Summam
323 1837 458 1899 Casuum
486 1836 693 1901 Conscientiae
712 1840 779 1898 sive
833 1851 929 1906 totum
947 1859 1024 1922 opus
1043 1842 1175 1903 illnstrat
1189 1846 1220 1899 31
1234 1846 1330 1900 33331.
1345 1842 1391 1900 Ex
1404 1840 1509 1900 eodem
1523 1842 1554 1899 P.

13 1920 16 1993 3
82 1929 781 2011 3131336313133306303113,10333θοί1301)υῦ
834 1937 986 1999 hrochinio
1003 1936 1151 1996 discimus
1166 1932 1265 1994 eidem
1282 1935 1419 1994 Monetae
1441 1936 1557 1994 auctori

14 2018 16 2051 ³
83 2031 133 2098 est,
146 2043 217 2104 qnae
233 2027 274 2087 ab
291 2027 356 2103 ipso
373 2023 545 2086 Monnhiina
565 2032 656 2104 atque
683 2043 781 2087 avrea
834 2031 936 2092 deberi
949 2030 1060 2091 etiam:
1084 2024 1320 2093 Commentarios
1338 2025 1369 2084 in
1385 2023 1557 2086 Aristotelis

13 2098 15 2160 3
80 2122 214 2179 consuevit
229 2118 386 2198 appellari.
403 2117 515 2186 Prodiit
533 2117 627 2198 Lugd.
645 2119 734 2180 1516.
753 2121 782 2180 8.
836 2123 975 2204 33933333
988 2128 1017 2183 33
1028 2135 1177 2184 summam
1188 2134 1314 2178 casanat
1325 2117 1529 2178 conscientiae.

82 2207 258 2279 Quaestiones
276 2210 314 2270 'in
337 2211 388 2272 lv.
415 2208 510 2272 libros
541 2210 780 2287 servientabrnm,
875 2211 1487 2289 336333303633118(1313333333.
1510 2211 1559 2271 20.

80 2305 258 2369 nemetes
275 2305 389 2367 Varios.
406 2303 482 2364 Vide
499 2305 698 2364 Vrithemium
716 2313 781 2384 cap'.
835 2310 937 2371 ltaliae
957 2307 1138 2380 orientalis,
1161 2303 1214 2364 sed
1236 2305 1297 2364 Nic.
1317 2305 1471 2366 comneno
1493 2320 1559 2382 pag.

80 2393 132 2454 676.
150 2399 301 2459 Labbeum
319 2403 342 2458 t.
364 2396 441 2459 363
463 2399 493 2458 S.
515 2399 549 2458 E.
572 2415 600 2476 p.
623 2395 672 2457 95.
836 2404 905 2464 993.
928 2402 997 2462 hist.
1019 2399 1177 2478 Gymnasii
1200 2399 1335 2458 Patavini
1367 2396 1560 2457 60303108

106 2489 303 2553 adnatans
333 2489 370 2551 de
395 2490 538 2565 Ancona,
555 2490 645 2558 ¹0rd.
678 2492 780 2552 Minor.
836 2495 991 2574 Alpapas‚
1013 2493 1212 2565 bellunensis,
1237 2490 1435 2568 Philosophus
1453 2491 1561 2549 31313-

78 2577 215 2658 lieligionis
229 2584 422 2646 Christianae
439 2581 627 2662 praedicator
649 2585 734 2644 tortis
749 2591 782 2644 et
835 2587 1114 2650 dicus-Orientaies
1146 2585 1263 2644 litteras
1289 2585 1367 2643 circa
1390 2583 1447 2642 33.
1470 2583 1560 2643 1606.

75 2683 197 2737 museus
230 2680 314 2740 inter
345 2679 510 2738 Saracenos
530 2693 565 2736 33
587 2679 697 2756 Martyr
724 2677 781 2738 33.
837 2683 940 2743 docuit
959 2681 1093 2752 Patavii,
1124 2684 1155 2738 et
1183 2677 1355 2738 versionem
1386 2674 1563 2735 Avicennae,

78 2765 147 2828 1383
162 2769 199 2830 63
220 2789 285 2850 quo
302 2769 491 2850 Waddingus
508 2769 648 2831 edilium
667 2789 781 2833 annum
838 2778 903 2835 sive
924 2774 1097 2846 Ebensina,
1120 2772 1229 2832 iactam
1251 2787 1269 2830 a
1289 2767 1422 2828 Gerardo
1439 2769 1561 2828 Cremo-

75 2863 343 2934 tt0udinustom.
365 2865 385 2925 3
406 2881 435 2942 p.
453 2863 523 2924 873.
678 2891 680 2896 ·
838 2869 925 2928 33333
956 2864 1143 2926 emendavit.
1173 2863 1270 2923 Vertit
1297 2876 1328 2921 et
1360 2861 1558 2939 Serapionem

105 2955 362 3020 MOMALDUSde
379 2955 596 3030 Monaidesais,
618 2958 783 3020 Urbeveta-
838 2969 930 3040 atque
962 2959 1019 3020 alia
1050 2957 1205 3030 Arabum,
1226 2957 1317 3016 etiam
1340 2955 1485 3032 Syrorum
1507 2952 1561 3014 do·

75 3061 136 3121 nus,
155 3052 412 3130 Archiepiscopus
432 3053 669 3114 Beneventanus
690 3052 729 3136 ab
747 3052 782 3112 3.
838 3063 956 3116 charum
978 3054 1090 3130 scripta
1104 3055 1164 3111 :et
1185 3049 1222 3109 de
1243 3050 1315 3108 vitis
1333 3050 1424 3126 elque
1444 3047 1561 3108 artibus

77 3137 146 3202 3333.
161 3143 198 3204 36
222 3146 315 3206 lasa.
337 3144 411 3204 Vide
430 3143 589 3222 Ughellum
610 3150 683 3204 tom.
717 3145 783 3205 Vlll
839 3146 1084 3225 Philosophorum
1106 3149 1138 3203 et
1157 3141 1339 3204 Medicorum
1367 3139 1499 3202 Arabum
1525 3155 1561 3200 ac

73 3229 131 3292 edit.
148 3253 247 3300 novae
271 3257 301 3317 p.
324 3236 391 3298 1133.
412 3253 477 3314 seq.
836 3240 1019 3302 Graecorum
1040 3242 1265 3319 commentatus
1286 3249 1355 3294 esse
1377 3227 1521 3294 traditur.¹

13 3350 16 3366 ==
102 3327 308 3392 3033133118
329 3329 365 3390 de
385 3327 523 3398 Rosnrv'is
535 3329 711 3414 carmelita,
728 3324 785 3391 llo*
879 3333 1010 3391 ioannes
1031 3326 1384 3400 MONSTERBEMGIUS,
1401 3326 1564 3387 Monachus

12 3381 14 3521 1
72 3423 123 3478 tior
141 3424 234 3484 Paris.
257 3423 425 3484 defunctus
445 3414 621 3502 Burdigalae
639 3425 673 3484 3.
697 3425 785 3484 3608.
839 3423 1081 3497 Chemnicensis‚
1091 3427 1197 3481 auctor
1207 3420 1256 3480 vel
1269 3421 1462 3479 continuator
1472 3417 1566 3478 Chro-

12 3550 14 3600 l
72 3507 132 3586 Eius
151 3515 243 3578 libros
267 3525 333 3578 tres
355 3517 393 3576 de
415 3517 551 3595 partibus
584 3520 784 3596 poenitentiae
839 3507 1563 3588 3333033333333333,333331333333133336

12 3609 14 3699 1
73 3607 286 3671 3633333333
320 3609 604 3688 Quadragesimales
640 3618 787 3672 memorat
839 3610 984 3673 31308.
1006 3608 1043 3670 36
1066 3606 1153 3669 1616.
1175 3622 1214 3665 ex
1236 3603 1346 3664 Codice
1368 3603 1445 3661 Petri
1480 3599 1562 3662 hibi·

14 3714 15 3727 ¹
73 3696 182 3764 1133333
201 3704 345 3768 ductarii
366 3720 432 3782 cap.
455 3703 526 3764 tal.
600 3749 604 3756 .
784 3763 788 3771 ,
841 3706 890 3780 33,
913 3704 1002 3764 hodie
1019 3699 1143 3762 hrcbivi
1163 3699 1227 3762 sive
1245 3695 1393 3757 Tabularii
1415 3693 1565 3754 13333633-

96 3793 664 3873 33333333331033613305.833333.1
684 3798 787 3876 3337.
840 3798 883 3857 333
904 3797 1041 3875 vulgavit
1070 3793 1286 3854 celeberrimus
1317 3785 1512 3848 Menckenius
1541 3793 1563 3844 t.

12 3926 14 4020 Α
101 3887 277 3954 3101167175
297 3896 363 3952 sive
384 3890 550 3963 3103873,
572 3889 786 3952 Cremonensis
842 3883 1402 3968 3333313333.333330333333333.ρ.
1423 3877 1564 3950 167-169.

13 4026 14 4041 .
72 3976 206 4045 holessor
227 3987 355 4047 Artium
373 3985 534 4055 Bononiae,
548 3988 639 4059 atque
655 3982 724 4044 inde
741 3985 786 4043 in·
879 3973 1564 4054 3333333333313333331.113333.

12 4094 14 4146 1
74 4075 109 4131 itt
124 4080 236 4155 primos
259 4081 296 4141 S.
317 4079 462 4139 Dominiei
496 4076 678 4153 discipulos,
705 4079 784 4138 circa
879 4075 1023 4138 Nicotaus
1032 4070 1312 4144 MONTAGUTlUS,
1328 4071 1494 4129 historicus
1506 4069 1566 4130 33-

12 4169 15 4241 'l
74 4165 199 4234 3.1236.
223 4175 355 4252 scripsit
375 4173 531 4234 Summam
551 4173 654 4230 contra
676 4171 785 4233 Catha-
840 4172 909 4251 glus
929 4173 1009 4231 circa
1029 4161 1566 4244 31366.333363133311111.96.

74 4273 114 4321 m
129 4269 158 4325 et
178 4265 381 4342 waldenses,
401 4266 485 4325 libris
517 4264 549 4324 V.
578 4264 662 4342 Opus
684 4267 784 4326 llanu-
839 4267 958 4326 Pitseus
978 4281 1007 4341 p.
1028 4263 1097 4324 667.
1118 4277 1153 4321 33
1174 4259 1300 4320 Vossius
1318 4273 1348 4332 p.
1370 4255 1440 4316 633.
1459 4260 1567 4314 notant

74 4367 118 4414 113.
136 4358 296 4436 Venetiis,
321 4359 458 4439 Neapoli,
481 4357 631 4418 Bononiae
652 4364 683 4417 et
705 4359 782 4444 Peri·
838 4360 997 4440 scripsisse
1030 4356 1142 4417 scalam
1178 4361 1350 4429 temporum
1387 4349 1405 4408 a
1437 4349 1566 4410 Cllristo

73 4447 114 4510 333
130 4452 157 4514 33
179 4457 280 4517 variis
303 4451 506 4515 bibliothecis.
527 4451 603 4512 Vide
628 4449 782 4512 Oudinum
838 4459 926 4525 nato,
948 4447 1036 4511 3163
1057 4447 1189 4526 Regibus
1210 4451 1302 4520 atque
1324 4443 1486 4520 Episcopis
1503 4441 1565 4501 33-

73 4547 129 4604 113.
150 4549 167 4608 3
187 4565 255 4628 pag
285 4549 338 4608 93.
369 4545 529 4609 Editurum
551 4561 584 4604 se
604 4547 783 4624 promiserat
839 4546 936 4624 gline,
957 4560 1013 4605 nec
1046 4559 1105 4601 non
1137 4540 1271 4602 carmina
1304 4543 1397 4614 atque
1418 4537 1566 4613 epigram-

73 4633 217 4705 Gntserus
239 4643 282 4704 ad
308 4641 490 4713 1333333333,
517 4645 539 4700 1.
566 4640 607 4699 96
636 4639 712 4701 bibl.
734 4641 785 4702 Pa'-
840 4647 940 4702 mata:
963 4637 1017 4699 sed
1039 4635 1117 4696 male
1138 4633 1178 4696 ad
1198 4647 1270 4693 eum
1292 4630 1429 4690 referunt
1446 4625 1567 4686 catalo-

73 4735 138 4793 imm
158 4736 256 4817 bugd.
282 4754 316 4814 p.
337 4735 406 4796 377.
672 4751 674 4754 ·
839 4749 911 4812 gum
942 4729 1119 4792 Pontificum
1149 4729 1235 4806 honr.
1264 4723 1303 4783 de
1336 4737 1396 4799 quo
1418 4733 1514 4795 supra
1536 4719 1565 4776 in

104 4823 169 4891 'lte
184 4837 292 4893 aetate
313 4830 409 4889 senati
428 4827 519 4890 buius
539 4829 694 4907 scriptoris
711 4826 785 4889 nihil
839 4821 1087 4888 MthhGUTlO.

75 4915 153 4982 habeo
162 4926 236 4986 certi
253 4921 343 5004 quod
355 4923 515 5001 proleram;
529 4921 567 4984 de
579 4915 701 5001 scriptis
712 4937 784 4983 vero
883 4917 1020 4981 Adamas
1034 4915 1070 4978 de
1082 4907 1298 4984 1303731330,
1311 4903 1484 4968 Genuensit
1494 4902 1567 4966 Ord·
