3368 5362
163 180 221 242 460
774 177 1023 242 Orosius

162 287 278 364 larius,
300 287 449 363 4114044144)
467 286 655 347 Florentinus
672 287 722 364 qui
741 287 869 347 Leonem
923 305 992 347 ram
1012 288 1040 358 4)
1059 286 1190 365 cognitor
1206 289 1270 367 ipso
1284 283 1434 347 suadente.
1451 279 1575 360 scripsit
1587 279 1634 340 ad-

161 385 200 443 Χ.
220 383 318 459 attigit
337 380 532 458 cognatione,
554 381 646 442 JCtus
677 387 708 440 et
742 380 870 440 Philoso·
923 399 1043 443 versum
1073 379 1213 462 0440444104
1234 386 1262 440 04
1282 378 1465 461 infamantes
1492 373 1633 437 044444440-

160 474 239 554 phus
260 475 358 534 clarus
378 475 455 532 circa
478 474 513 532 ii.
532 474 618 532 1490.
637 481 754 551 praeter
775 473 872 534 Histo-
924 474 1117 548 binominis,
1138 472 1193 553 qui
1211 470 1350 533 dicebant
1369 468 1518 551 desectum
1538 471 1636 530 4104440-

160 568 240 627 riam
261 561 401 627 derebus
418 562 660 642 initaliapesirs
677 566 713 625 ab
733 567 767 627 Α.
785 565 871 643 4483.
924 585 981 628 nae
1002 566 1080 649 lieip.
1102 570 1128 642 4)
1161 564 1276 630 Christi
1304 564 1445 625 4100444440
1477 562 1636 633 brucciam

118 733 122 740 ⁸
160 664 225 721 sive
246 658 284 720 ab
305 657 434 719 aduentu
457 650 562 721 Caroli
586 659 662 718 Vlll.
684 655 800 718 Galliae
820 660 873 718 410-
924 662 1015 722 libros
1036 667 1172 740 septem3
1190 663 1218 720 in
1237 656 1346 739 quibus
1367 655 1637 730 (laudatisdGe-n·

146 753 206 833 ¹gis
226 753 257 814 in
277 751 366 813 ltalia
386 751 423 812 de
444 752 532 831 cuius
553 751 683 811 editione
704 752 765 812 dixi
801 758 872 811 404.
926 755 1014 816 nadio
1033 771 1098 834 cap.
1121 755 1167 815 39.
1190 752 1227 813 44
1248 754 1277 814 S.
1298 752 1334 812 Ε.
1356 749 1520 826 eidemque
1537 749 1567 807 S
1583 747 1637 807 44·

131 910 135 916 ,
160 851 172 908 4
199 863 265 927 pag.
286 847 354 907 240.
377 848 497 924 scripsit
519 852 549 905 et
570 844 734 907 Historiam
753 841 872 904 Floren-
925 851 1044 926 gusiino
1058 846 1220 922 dedicatis)
1239 862 1334 924 paene
1349 844 1442 903 totins
1456 838 1564 903 4400444
1575 845 1638 900 tem·

159 939 250 999 440004
270 945 300 1000 04
320 938 552 1001 Commentarios
580 938 615 998 410
649 936 726 1000 Urbe
757 939 870 1011 414040,
921 959 1012 1022 pora,
1035 942 1090 1016 (44
1107 939 1185 999 0444
1206 938 1324 998 0044440
1345 948 1445 1015 usque
1479 934 1520 994 ad
1549 932 1582 993 4.
1608 934 1636 994 41.

155 1031 291 1092 14444404
312 1035 397 1092 Petro
431 1034 544 1094 Crinito
566 1032 614 1091 lV.
635 1032 663 1090 9.
685 1029 722 1091 de
744 1031 867 1091 honesta
927 1035 1012 1106 417.)
1033 1030 1217 1092 calamitates
1239 1029 1424 1090 etmiserios
1444 1024 1635 1087 nebettam

158 1123 333 1203 disciplina:
355 1132 385 1185 et
406 1123 520 1185 Bellum
542 1123 699 1185 Pisanum.
726 1123 800 1185 Vide
820 1126 870 1182 iu·
924 1124 1140 1204 inquietudines
1176 1121 1346 1202 replicans,
1383 1118 1515 1180 ostendit
1551 1117 1636 1197 4440044

159 1219 188 1278 iii
210 1217 289 1297 Nigri
308 1218 460 1279 historiam
477 1221 658 1298 scriptorum
677 1219 870 1279 Florentinor.
931 1218 1119 1281 Christianae
1141 1213 1355 1277 observationis
1376 1229 1461 1285 esse,
1488 1212 1570 1292 quaa
1580 1228 1636 1272 con

159 1326 224 1388 pag.
247 1311 312 1371 400.
336 1312 382 1372 444
405 1314 548 1372 eximium
573 1327 677 1389 poema
698 1310 735 1370 ds
767 1310 872 1388 apibus
926 1320 975 1374 tra
1006 1311 1144 1371 meritam
1177 1325 1265 1368 snam
1295 1323 1346 1369 res
1378 1309 1518 1368 1104440440
1549 1303 1635 1364 adine

158 1402 259 1463 italice
280 1403 392 1464 editum
408 1404 512 1464 Venet.
533 1405 620 1466 4539.
640 1402 768 1463 Floreat.
785 1403 872 1463 4590.
926 1406 1070 1473 duraret,
1088 1409 1117 1463 et
1132 1419 1206 1483 pace
1228 1398 1366 1461 culturae
1389 1398 1468 1458 itai
1477 1444 1485 1475 ,
1505 1404 1637 1480 pacatam

158 1510 228 1556 044
251 1498 329 1556 40414
350 1495 420 1556 hob.
444 1498 510 1556 Titii
546 1505 577 1556 et
607 1499 707 1557 Patav.
737 1495 822 1557 4718.
845 1495 873 1553 4.
926 1499 1066 1560 retineret
1087 1496 1256 1576 Imperium.
1279 1496 1361 1554 ld‘em
1384 1500 1601 1572 argumentum
1622 1491 1636 1552 4

159 1604 313 1667 perperam
335 1590 402 1650 huic
429 1589 579 1668 praedicto
601 1589 750 1650 80444440
771 1589 874 1649 tribuit
927 1594 1048 1655 Graecis
1070 1590 1264 1669 scriptoribus
1284 1587 1428 1648 lustinus
1445 1603 1498 1662 qu.
1518 1584 1636 1647 cxxii.

157 1680 236 1759 quod
259 1683 293 1743 Α.
316 1684 402 1744 4594.
425 1685 481 1744 4444
497 1685 697 1762 compositum
726 1685 835 1744 110444
856 1685 873 1743 a
926 1688 963 1748 44
986 1684 1176 1749 0444040404
1192 1683 1340 1760 attigerat,
1357 1680 1424 1740 ete
1445 1680 1562 1739 Latinis
1577 1678 1634 1738 Teo·

160 1774 219 1835 0140
240 1774 874 1859 804444441000000810144444110,Ρ44-
927 1781 1095 1852 444144404,
1116 1777 1136 1852 4)
1158 1777 1347 1853 Cyprianus,
1370 1772 1403 1850 g)
1424 1769 1635 1845 Arnobius‚bl

157 1866 289 1928 lentisci
305 1869 406 1929 Cosmi
428 1868 668 1930 Orieellariorum
686 1869 776 1930 144444
790 1886 875 1947 prae·
927 1873 1124 1944 444404444,
1147 1870 1175 1944 1)
1199 1866 1379 1928 Prudentius
1400 1865 1430 1942 44)
1452 1872 1486 1924 44
1507 1865 1634 1943 Augusti·

157 1958 234 2020 44040
250 1963 364 2022 castelli
380 1963 410 2022 S.
428 1962 543 2039 Angeli.
560 1961 633 2021 Vide
655 1963 785 2022 Dianium
807 1979 875 2021 eru-

157 2051 287 2115 ditorum
304 2055 405 2114 ltaliae
423 2062 445 2113 4.
463 2055 501 2115 93
520 2067 584 2132 pag.
600 2054 668 2113 908.
681 2069 745 2132 seq.
761 2061 792 2114 et
806 2054 873 2113 988.

158 2151 190 2204 04
210 2147 464 2208 (144404440ῃί44
481 2149 510 2206 14
527 2146 594 2207 4444.
606 2149 732 2207 9044004
748 2147 874 2226 italicae.

199 2241 356 2302 OlilESlS.
380 2241 476 2320 Supra
499 2240 706 2302 ORESlESlS.

196 2333 359 2395 OliONlUS
379 2351 449 2395 cum
472 2331 561 2394 Gilda
582 2339 610 2394 et
630 2331 812 2414 Plemmydio
830 2336 874 2394 in-

158 2432 205 2488 ter
224 2429 329 2488 raetos
350 2429 368 2488 d
390 2427 522 2506 Gyraido
546 2430 575 2487 in
597 2428 699 2488 limine
720 2427 826 2513 dialogi
846 2430 875 2490 9.

158 2529 252 2600 atque
274 2521 342 2582 inde
357 2541 374 2583 a
391 2522 519 2583 Lelando
539 2538 603 2600 cap.
628 2523 674 2583 10.
696 2522 873 2584 celebratur.

157 2614 316 2694 Britanni,
339 2617 437 2694 inquit
455 2615 624 2694 GyralduS,
648 2619 764 2675 40044444
792 2615 876 2694 peni·

159 2714 226 2782 4444,
248 2714 281 2768 04
299 2709 344 2769 044
376 2711 486 2780 Poeta,
519 2714 620 2768 000440
657 2705 736 2768 Orbe
767 2706 875 2780 440444,

154 2807 258 2882 poclm
270 2818 389 2882 semper
407 2807 605 2877 amaverunt,
627 2807 718 2881 atque
735 2803 811 2862 inter
827 2816 876 2861 eos

161 2893 380 2975 Plemmydins,
404 2896 532 2956 Orunius
553 2900 582 2956 et
604 2893 708 2956 0444404
733 2893 877 2956 reamari

157 2985 291 3069 suerum.
709 3058 712 3065 ⁴

201 3080 314 3143 Paulus
335 3081 501 3143 OROSlUS
522 3088 611 3161 geute
630 3083 789 3161 Hispanus,
806 3082 877 3142 Pre-

160 3174 267 3253 sbyter
287 3176 539 3249 tarraconensis,
555 3172 581 3253 4)
599 3176 635 3236 44
653 3177 790 3255 Hispanis
804 3177 877 3235 scri·

160 3268 295 3346 ptoribus
318 3268 345 3343 4)
371 3274 491 3346 praeter
521 3284 585 3328 rem
616 3269 785 3347 adscriptus
806 3270 877 3330 Ere·

159 3363 241 3422 mitis
261 3363 517 3442 Augustinianis,
538 3361 585 3422 vel
598 3362 759 3443 Episcopis
778 3365 877 3441 Legio·

160 3458 315 3518 44444444.
337 3457 372 3518 Α.
395 3458 428 3518 G.
451 3457 520 3516 413.
539 3456 656 3534 legatus
672 3456 709 3516 ad
727 3457 757 3516 S.
775 3455 877 3534 Augu·

161 3552 276 3612 444444
300 3552 329 3610 44
351 3550 483 3611 Africam
502 3552 528 3626 0)
548 3557 579 3610 04
600 3549 638 3608 44
659 3549 882 3609 94440411441444-

165 3661 232 3704 4444
263 3645 414 3704 erroribus
445 3646 475 3703 in
510 3643 651 3721 Hispania
683 3643 877 3721 gliscentibus

163 3754 234 3798 eum
258 3740 449 3813 moniturus,
470 3737 520 3799 vir
542 3734 678 3816 eloquens
694 3740 722 3795 el
739 3734 879 3796 44444440·

202 3982 227 4043 a)
246 3987 423 4035 Tarraconem
440 3987 607 4035 nostramad
617 3986 828 4035 consolationem
835 3987 883 4034 mi·

160 4059 371 4108 sersaerecentrs
388 4063 563 4112 ostendimus.
580 4065 714 4112 0404441.
733 4062 774 4113 99

160 4222 219 4274 pen.
237 4209 327 4258 veteris
340 4220 394 4271 cap.
411 4208 434 4257 1
447 4209 469 4258 01
486 4210 584 4259 arelius
602 4215 627 4260 iu
645 4215 741 4262 404100.

203 4284 228 4343 e)
245 4282 305 4333 vide
321 4285 401 4332 040011
420 4286 664 4345 Commonitorium,
681 4287 713 4336 de
727 4288 864 4351 04414144.

928 1983 987 2027 nus
1005 1968 1067 2043 ipse
1090 1964 1173 2024 libris
1187 1960 1366 2040 primoribus
1380 1958 1419 2018 de
1437 1957 1571 2018 Ciuitate
1583 1955 1633 2017 iiiii

927 2060 965 2121 44
986 2058 1208 2121 Marcellinum:
1232 2055 1261 2129 1)
1281 2052 1338 2113 Sed
1357 2050 1536 2130 diligentius
1551 2057 1634 2112 04040·

928 2157 969 2214 444
990 2156 1169 2231 persecutus
1204 2154 1251 2207 est
1278 2145 1405 2206 Orosius
1428 2146 1457 2204 in
1481 2144 1539 2204 huc
1558 2158 1633 2222 opere

929 2264 981 2326 per
1002 2244 1204 2304 inductionem
1235 2239 1370 2299 omnium
1404 2235 1634 2316 temporumde-
1678 2308 1680 2313 Ι

931 2346 1102 2400 monstmns
1124 2350 1236 2394 40444
1259 2333 1336 2392 4440
1357 2330 1543 2391 calumniam
1560 2331 1634 2407 iege
1677 2336 1680 2397 )

929 2448 1036 2492 444444
1068 2446 1135 2489 0444
1169 2426 1247 2487 411444
1268 2424 1398 2497 4444444,
1422 2426 1440 2483 a
1460 2423 1572 2501 quibus
1593 2436 1634 2479 ne

929 2541 994 2584 men
1016 2521 1140 2584 Cilristi
1159 2524 1302 2597 tanquam
1323 2515 1386 2576 4004
1402 2512 1635 2595 aliqceaillorua
1678 2523 1680 2533 '

929 2623 1093 2702 temporum
1110 2611 1234 2692 probris
1251 2607 1457 2690 grauabatur.¹
1471 2613 1511 2686 4)

971 2712 1070 2772 Editio
1093 2710 1287 2769 ilistoriarum
1302 2704 1397 2764 040444
1416 2703 1680 2811 augustensi.

931 2804 1021 2868 4471.
1042 2821 1094 2882 per
1115 2806 1158 2861 to.
1182 2800 1343 2872 Schusier,
1366 2799 1413 2860 404.
1437 2799 1526 2858 obvia
1552 2797 1635 2856 44114
1678 2768 1680 2849 i

929 2901 970 2960 41.
1003 2896 1259 2957 Heilsbronnensi.
1290 2893 1447 2952 vicentina
1479 2890 1567 2953 4475.
1592 2905 1636 2966 per

931 2995 1134 3054 llermannum
1157 2986 1194 3046 44
1212 2986 1343 3046 Colonia.
1362 2984 1476 3043 Veneta
1496 2980 1637 3045 149444

930 3103 1018 3165 opera
1039 3091 1071 3143 ei
1090 3082 1234 3160 expensis
1255 3078 1412 3140 Octaviani
1435 3077 1517 3137 80044
1535 3073 1639 3137 410404·

930 3183 1035 3242 4404444
1057 3178 1111 3237 4444
1134 3178 1162 3234 44
1185 3172 1257 3233 44441.
1280 3169 1522 3232 llohendorliana
1553 3187 1580 3248 p.
1600 3167 1639 3226 94.

931 3282 961 3334 04
982 3276 1011 3333 44
1035 3268 1215 3332 bibliotheca
1248 3267 1373 3326 ioannis
1395 3265 1489 3335 41041,
1511 3259 1637 3341 Episcopi

932 3369 1068 3429 Eliensis.
1092 3360 1224 3424 Eandem
1258 3359 1374 3436 inspexi
1404 3357 1642 3436 apodasmo

933 3467 1030 3520 4444444
1053 3454 1206 3516 Woliium.
1231 3454 1308 3513 44400
1330 3452 1368 3510 444
1391 3467 1451 3509 404
1474 3442 1578 3511 secuta
1593 3452 1639 3516 cst

932 3550 1035 3627 4)-404
1058 3547 1180 3629 perinde
1202 3553 1235 3607 44
1258 3547 1388 3604 Venetae
1408 3543 1491 3604 duas
1512 3543 1584 3602 41440
1611 3539 1640 3599 l.

934 3646 1020 3707 1484.
1042 3660 1095 3720 per
1111 3639 1280 3701 Erhardum
1292 3635 1410 3696 Ratdolt
1425 3635 1637 3713 augustensem

931 3737 1073 3799 041199.
1097 3752 1151 3813 per
1181 3728 1430 3808 Christophorum
1463 3728 1503 3788 de
1531 3725 1639 3797 4044440,

970 4001 1000 4064 ς)
1016 3999 1052 4050 444
1071 4001 1271 4048 demetrianum.
1288 3993 1382 4043 Cautes
1391 3993 1487 4043 44414444
1508 3998 1579 4042 nous
1596 4000 1640 4051 pag.

925 4077 982 4125 444
998 4069 1387 4124 044414444144950.4444
1406 4067 1447 4116 91.
1461 4079 1516 4129 seq.
1528 4070 1586 4115 etit.
1595 4066 1640 4112 Kar·

209 4132 807 4193 4)1440404014441144.404044140144.1119144.
824 4139 881 4186 itis·
927 4152 1036 4201 rhoetum
1054 4161 1114 4210 Μ
1130 4146 1171 4194 49
1188 4151 1212 4194 ei
1226 4146 1353 4194 pnsum
1366 4145 1506 4203 unum

970 4225 999 4284 h)
1015 4222 1140 4273 arnobius
1151 4219 1196 4268 114
1218 4218 1240 4269 4.
1256 4218 1313 4268 sub.
1326 4220 1381 4267 tuit.

976 4300 997 4357 4)
1014 4301 1106 4348 contra
1122 4293 1319 4357 symmachum,
1332 4293 1413 4354 itpist.
1429 4288 1470 4340 si.
1490 4289 1523 4339 ad
1542 4286 1636 4338 44104441·

202 4359 229 4419 4)
240 4362 343 4408 orosius
360 4359 575 4421 historiographus
592 4361 748 4412 citaturbs.
760 4366 880 4424 Prospero
938 4378 1044 4425 „renum
1060 4376 1123 4434 imp.

159 4434 192 4485 de
206 4433 415 4497 promissionibus
431 4446 487 4495 pag.
500 4436 538 4483 78
552 4435 764 4496 erminonem
783 4442 880 4497 044404

970 4450 998 4508 i)
1014 4447 1067 4496 444.
1083 4443 1253 4496 94044010.
1271 4454 1326 4504 seq
1342 4447 1431 4490 centra
1444 4438 1618 4502 tumarchen

158 4511 215 4561 44444
227 4509 323 4572 alioqui
339 4512 462 4571 scriptore
475 4506 489 4558 i
506 4511 568 4560 viris
580 4513 661 4562 doctis
673 4520 809 4574 notentur,
820 4514 880 4564 vide
969 4523 992 4583 ι)
1006 4521 1097 4571 confer
1109 4521 1241 4581 Augustini
1253 4521 1446 4567 arrestationes
1458 4515 1502 4566 114,
1514 4517 1538 4563 2
1546 4505 1633 4574 04414

158 4589 179 4636 si
192 4585 271 4649 piacet
281 4584 348 4648 apud
365 4588 479 4634 vossium
496 4588 526 4635 ii.
545 4585 581 4636 i.
595 4586 695 4638 dehist
709 4594 759 4638 tat

924 4606 949 4647 et
965 4600 1032 4660 Epis
1048 4577 1637 4654 044444044444444.(0444.44040οω4114)

202 4661 362 4719 0).004440444
375 4661 547 4710 0044144144
557 4662 679 4711 1104440441
687 4665 880 4716 obtrectatorem
927 4683 984 4733 erp.
998 4669 1035 4719 io.

162 4747 287 4797 4444444444
303 4737 347 4785 114.
363 4736 387 4785 9.
404 4749 460 4800 cap.
476 4736 514 4786 45.

208 4810 228 4868 i)
248 4811 400 4875 apologetici
418 4824 474 4876 cap.
491 4812 532 4863 40.
544 4826 597 4875 seq.
610 4818 635 4861 ei
647 4813 689 4862 lib.
709 4812 730 4864 i.
743 4816 774 4864 sd
795 4817 883 4864 lietto-

161 4898 203 4936 nes
216 4923 223 4948 ,
236 4900 290 4949 cap.
307 4900 322 4947 0

971 4748 1007 4804 m)
1026 4744 1187 4794 orosiusiib·
1194 4741 1250 4790 Vll.
1260 4754 1314 4803 cap.
1326 4741 1365 4790 57.

972 4820 1000 4879 4)
1009 4824 1122 4869 mutam
1138 4818 1228 4868 scribit
1238 4820 1291 4866 iiic.
1305 4819 1431 4866 Antonius
1443 4826 1499 4878 pag.
1514 4810 1565 4861 isi.
1581 4814 1640 4856 isin·

928 4896 938 4944 i
954 4894 1182 4956 iithhiilspenicee
1199 4894 1299 4943 4040414.
