<?xml version="1.0" encoding="UTF-8"?>
<!DOCTYPE html PUBLIC "-//W3C//DTD XHTML 1.0 Transitional//EN"
    "http://www.w3.org/TR/xhtml1/DTD/xhtml1-transitional.dtd">
<html xmlns="http://www.w3.org/1999/xhtml" xml:lang="en" lang="en">
 <head>
  <title>
</title>
<meta http-equiv="Content-Type" content="text/html;charset=utf-8" />
  <meta name='ocr-system' content='tesseract 3.04.00' />
  <meta name='ocr-capabilities' content='ocr_page ocr_carea ocr_par ocr_line ocrx_word'/>
</head>
<body>
  <div class='ocr_page' id='page_1' title='image "./bibliothecalati01gallgoog_0061.png"; bbox 0 0 3368 5362; ppageno 0'>
   <div class='ocr_carea' id='block_1_1' title="bbox 99 181 996 247">
    <p class='ocr_par' dir='ltr' id='par_1_1' title="bbox 99 181 996 247">
     <span class='ocr_line' id='line_1_1' title="bbox 99 181 996 247; baseline -0.002 0"><span class='ocrx_word' id='word_1_1' title='bbox 99 181 139 247; x_wconf 72' lang='grc'>04</span> <span class='ocrx_word' id='word_1_2' title='bbox 676 181 996 245; x_wconf 79' lang='lat' dir='ltr'>Musuuout</span> 
     </span>
    </p>
   </div>
   <div class='ocr_carea' id='block_1_2' title="bbox 95 301 1593 1968">
    <p class='ocr_par' dir='ltr' id='par_1_2' title="bbox 95 301 1593 1968">
     <span class='ocr_line' id='line_1_2' title="bbox 102 301 1588 382; baseline 0.001 -16"><span class='ocrx_word' id='word_1_3' title='bbox 102 306 191 367; x_wconf 86' lang='grc'><strong>4430.</strong></span> <span class='ocrx_word' id='word_1_4' title='bbox 207 322 241 366; x_wconf 89' lang='grc'>00</span> <span class='ocrx_word' id='word_1_5' title='bbox 257 306 343 366; x_wconf 88' lang='grc'><strong>4304.</strong></span> <span class='ocrx_word' id='word_1_6' title='bbox 363 304 466 382; x_wconf 88' lang='lat' dir='ltr'>Capita</span> <span class='ocrx_word' id='word_1_7' title='bbox 483 304 609 364; x_wconf 76' lang='lat' dir='ltr'>CLXIV.</span> <span class='ocrx_word' id='word_1_8' title='bbox 627 307 654 363; x_wconf 91' lang='lat' dir='ltr'>in</span> <span class='ocrx_word' id='word_1_9' title='bbox 677 305 818 364; x_wconf 86' lang='lat' dir='ltr'>celeberr.</span> <span class='ocrx_word' id='word_1_10' title='bbox 876 304 996 364; x_wconf 88' lang='lat' dir='ltr'>snensis</span> <span class='ocrx_word' id='word_1_11' title='bbox 1014 301 1166 362; x_wconf 76' lang='lat' dir='ltr'>Ecclesiae</span> <span class='ocrx_word' id='word_1_12' title='bbox 1186 304 1264 363; x_wconf 89' lang='lat' dir='ltr'>circa</span> <span class='ocrx_word' id='word_1_13' title='bbox 1288 303 1344 363; x_wconf 91' lang='lat' dir='ltr'>An.</span> <span class='ocrx_word' id='word_1_14' title='bbox 1367 306 1446 366; x_wconf 85' lang='grc'><strong>4443</strong></span> <span class='ocrx_word' id='word_1_15' title='bbox 1470 308 1527 368; x_wconf 92' lang='lat' dir='ltr'>sub</span> <span class='ocrx_word' id='word_1_16' title='bbox 1546 308 1588 367; x_wconf 87' lang='lat' dir='ltr'>lo·</span> 
     </span>
     <span class='ocr_line' id='line_1_3' title="bbox 100 395 1590 476; baseline -0.001 -14"><span class='ocrx_word' id='word_1_17' title='bbox 100 399 266 462; x_wconf 81' lang='lat' dir='ltr'>Moratorr&#39;r&#39;</span> <span class='ocrx_word' id='word_1_18' title='bbox 278 399 419 459; x_wconf 89' lang='lat' dir='ltr'>thesauro</span> <span class='ocrx_word' id='word_1_19' title='bbox 435 398 618 475; x_wconf 83' lang='lat' dir='ltr'>Scriptorum</span> <span class='ocrx_word' id='word_1_20' title='bbox 632 399 734 458; x_wconf 88' lang='lat' dir='ltr'>ltaliae</span> <span class='ocrx_word' id='word_1_21' title='bbox 747 408 818 457; x_wconf 91' lang='lat' dir='ltr'>tom.</span> <span class='ocrx_word' id='word_1_22' title='bbox 875 412 953 455; x_wconf 89' lang='grc'><strong>0000</strong></span> <span class='ocrx_word' id='word_1_23' title='bbox 971 395 1117 472; x_wconf 85' lang='lat' dir='ltr'>Episcopo</span> <span class='ocrx_word' id='word_1_24' title='bbox 1138 396 1299 468; x_wconf 91' lang='lat' dir='ltr'>Misnensi‚</span> <span class='ocrx_word' id='word_1_25' title='bbox 1317 404 1348 455; x_wconf 91' lang='grc'>04</span> <span class='ocrx_word' id='word_1_26' title='bbox 1365 407 1524 476; x_wconf 86' lang='lat' dir='ltr'>superstes</span> <span class='ocrx_word' id='word_1_27' title='bbox 1544 402 1590 461; x_wconf 89' lang='lat' dir='ltr'>ad-</span> 
     </span>
     <span class='ocr_line' id='line_1_4' title="bbox 95 487 1590 571; baseline 0.001 -18"><span class='ocrx_word' id='word_1_28' title='bbox 95 495 180 554; x_wconf 84' lang='lat' dir='ltr'>·Xl&#39;l.</span> <span class='ocrx_word' id='word_1_29' title='bbox 197 511 263 571; x_wconf 90' lang='lat' dir='ltr'>pag.</span> <span class='ocrx_word' id='word_1_30' title='bbox 286 493 353 552; x_wconf 83' lang='grc'><strong>644.</strong></span> <span class='ocrx_word' id='word_1_31' title='bbox 378 492 448 550; x_wconf 89' lang='grc'><strong>840.</strong></span> <span class='ocrx_word' id='word_1_32' title='bbox 475 490 548 551; x_wconf 83' lang='lat' dir='ltr'>Vide</span> <span class='ocrx_word' id='word_1_33' title='bbox 569 494 659 550; x_wconf 88' lang='lat' dir='ltr'>ctiam</span> <span class='ocrx_word' id='word_1_34' title='bbox 682 509 758 568; x_wconf 86' lang='lat' dir='ltr'>quae</span> <span class='ocrx_word' id='word_1_35' title='bbox 782 490 819 549; x_wconf 87' lang='lat' dir='ltr'>de</span> <span class='ocrx_word' id='word_1_36' title='bbox 876 488 936 547; x_wconf 88' lang='lat' dir='ltr'>huc</span> <span class='ocrx_word' id='word_1_37' title='bbox 952 488 1009 547; x_wconf 91' lang='lat' dir='ltr'>An.</span> <span class='ocrx_word' id='word_1_38' title='bbox 1030 489 1117 547; x_wconf 86' lang='grc'><strong>4476.</strong></span> <span class='ocrx_word' id='word_1_39' title='bbox 1133 487 1207 566; x_wconf 88' lang='lat' dir='ltr'>Ejus</span> <span class='ocrx_word' id='word_1_40' title='bbox 1219 488 1366 550; x_wconf 80' lang='lat' dir='ltr'>Hortalus</span> <span class='ocrx_word' id='word_1_41' title='bbox 1378 493 1517 570; x_wconf 75' lang='lat' dir='ltr'>Reginae,</span> <span class='ocrx_word' id='word_1_42' title='bbox 1533 498 1590 554; x_wconf 87' lang='lat' dir='ltr'>sive</span> 
     </span>
     <span class='ocr_line' id='line_1_5' title="bbox 102 579 1590 665; baseline -0.001 -16"><span class='ocrx_word' id='word_1_43' title='bbox 102 588 312 649; x_wconf 71' lang='lat' dir='ltr'>Mediolanensi</span> <span class='ocrx_word' id='word_1_44' title='bbox 335 587 464 645; x_wconf 78' lang='lat' dir='ltr'>Ciuitate</span> <span class='ocrx_word' id='word_1_45' title='bbox 481 592 572 662; x_wconf 88' lang='lat' dir='ltr'>atque</span> <span class='ocrx_word' id='word_1_46' title='bbox 590 587 620 643; x_wconf 91' lang='lat' dir='ltr'>in</span> <span class='ocrx_word' id='word_1_47' title='bbox 639 585 669 645; x_wconf 88' lang='lat' dir='ltr'>S.</span> <span class='ocrx_word' id='word_1_48' title='bbox 695 583 818 643; x_wconf 88' lang='lat' dir='ltr'>Ambro—</span> <span class='ocrx_word' id='word_1_49' title='bbox 874 581 1037 641; x_wconf 83' lang='lat' dir='ltr'>Sermones</span> <span class='ocrx_word' id='word_1_50' title='bbox 1058 579 1095 639; x_wconf 90' lang='lat' dir='ltr'>de</span> <span class='ocrx_word' id='word_1_51' title='bbox 1124 581 1243 640; x_wconf 90' lang='lat' dir='ltr'>Sanctis</span> <span class='ocrx_word' id='word_1_52' title='bbox 1264 590 1295 641; x_wconf 89' lang='lat' dir='ltr'>et</span> <span class='ocrx_word' id='word_1_53' title='bbox 1321 585 1525 646; x_wconf 89' lang='lat' dir='ltr'>Dominicales</span> <span class='ocrx_word' id='word_1_54' title='bbox 1544 606 1590 665; x_wconf 87' lang='lat' dir='ltr'>per</span> 
     </span>
     <span class='ocr_line' id='line_1_6' title="bbox 101 673 1591 755; baseline -0.001 -15"><span class='ocrx_word' id='word_1_55' title='bbox 101 684 199 754; x_wconf 86' lang='lat' dir='ltr'>sium,</span> <span class='ocrx_word' id='word_1_56' title='bbox 217 682 246 738; x_wconf 94' lang='lat' dir='ltr'>in</span> <span class='ocrx_word' id='word_1_57' title='bbox 264 678 399 738; x_wconf 85' lang='lat' dir='ltr'>eiusdem</span> <span class='ocrx_word' id='word_1_58' title='bbox 427 678 561 738; x_wconf 81' lang='lat' dir='ltr'>thesauri</span> <span class='ocrx_word' id='word_1_59' title='bbox 581 686 652 737; x_wconf 89' lang='lat' dir='ltr'>torn.</span> <span class='ocrx_word' id='word_1_60' title='bbox 675 678 709 739; x_wconf 96' lang='lat' dir='ltr'>ll.</span> <span class='ocrx_word' id='word_1_61' title='bbox 735 683 819 755; x_wconf 87' lang='lat' dir='ltr'>parte</span> <span class='ocrx_word' id='word_1_62' title='bbox 874 689 987 733; x_wconf 89' lang='lat' dir='ltr'>annum</span> <span class='ocrx_word' id='word_1_63' title='bbox 1009 674 1158 751; x_wconf 90' lang='lat' dir='ltr'>integram</span> <span class='ocrx_word' id='word_1_64' title='bbox 1180 673 1316 752; x_wconf 85' lang='lat' dir='ltr'>prodiere</span> <span class='ocrx_word' id='word_1_65' title='bbox 1335 679 1363 735; x_wconf 93' lang='lat' dir='ltr'>in</span> <span class='ocrx_word' id='word_1_66' title='bbox 1388 679 1438 738; x_wconf 89' lang='grc'><strong>404.</strong></span> <span class='ocrx_word' id='word_1_67' title='bbox 1454 681 1591 740; x_wconf 85' lang='grc'><strong>04004000</strong></span> 
     </span>
     <span class='ocr_line' id='line_1_7' title="bbox 102 768 1591 853; baseline -0.003 -17"><span class='ocrx_word' id='word_1_68' title='bbox 102 777 129 836; x_wconf 86' lang='grc'>4.</span> <span class='ocrx_word' id='word_1_69' title='bbox 150 793 214 853; x_wconf 87' lang='lat' dir='ltr'>pag.</span> <span class='ocrx_word' id='word_1_70' title='bbox 240 774 308 832; x_wconf 85' lang='lat'>688.</span> <span class='ocrx_word' id='word_1_71' title='bbox 323 773 391 832; x_wconf 90' lang='grc'><strong>089.</strong></span> <span class='ocrx_word' id='word_1_72' title='bbox 410 773 452 832; x_wconf 87' lang='lat' dir='ltr'>De</span> <span class='ocrx_word' id='word_1_73' title='bbox 481 771 624 832; x_wconf 88' lang='lat' dir='ltr'>thesauro</span> <span class='ocrx_word' id='word_1_74' title='bbox 641 771 689 832; x_wconf 91' lang='lat' dir='ltr'>iilo</span> <span class='ocrx_word' id='word_1_75' title='bbox 716 773 766 848; x_wconf 88' lang='lat' dir='ltr'>qui</span> <span class='ocrx_word' id='word_1_76' title='bbox 789 777 819 828; x_wconf 94' lang='lat' dir='ltr'>et</span> <span class='ocrx_word' id='word_1_77' title='bbox 874 774 906 824; x_wconf 90' lang='grc'>04</span> <span class='ocrx_word' id='word_1_78' title='bbox 920 782 1008 839; x_wconf 89' lang='grc'><strong>0000,</strong></span> <span class='ocrx_word' id='word_1_79' title='bbox 1028 773 1093 826; x_wconf 93' lang='lat' dir='ltr'>tum</span> <span class='ocrx_word' id='word_1_80' title='bbox 1107 768 1236 828; x_wconf 88' lang='lat' dir='ltr'>Morimb.</span> <span class='ocrx_word' id='word_1_81' title='bbox 1250 770 1337 829; x_wconf 88' lang='grc'><strong>4487.</strong></span> <span class='ocrx_word' id='word_1_82' title='bbox 1354 772 1403 830; x_wconf 90' lang='grc'><strong>401.</strong></span> <span class='ocrx_word' id='word_1_83' title='bbox 1416 775 1508 833; x_wconf 84' lang='grc'><strong>80044.</strong></span> <span class='ocrx_word' id='word_1_84' title='bbox 1523 772 1591 834; x_wconf 87' lang='grc'><strong>4488</strong></span> 
     </span>
     <span class='ocr_line' id='line_1_8' title="bbox 100 858 1593 947; baseline -0.001 -19"><span class='ocrx_word' id='word_1_85' title='bbox 100 872 163 947; x_wconf 91' lang='lat' dir='ltr'>ipse</span> <span class='ocrx_word' id='word_1_86' title='bbox 194 867 346 929; x_wconf 80' lang='lat' dir='ltr'><strong>Mediolani</strong></span> <span class='ocrx_word' id='word_1_87' title='bbox 377 864 555 940; x_wconf 77' lang='lat' dir='ltr'>excuditur,</span> <span class='ocrx_word' id='word_1_88' title='bbox 584 873 614 924; x_wconf 89' lang='lat' dir='ltr'>et</span> <span class='ocrx_word' id='word_1_89' title='bbox 641 865 728 925; x_wconf 89' lang='lat' dir='ltr'>cuius</span> <span class='ocrx_word' id='word_1_90' title='bbox 758 867 816 924; x_wconf 88' lang='lat' dir='ltr'>iam</span> <span class='ocrx_word' id='word_1_91' title='bbox 875 858 923 918; x_wconf 86' lang='lat' dir='ltr'>iol.</span> <span class='ocrx_word' id='word_1_92' title='bbox 942 858 1527 945; x_wconf 82' lang='lat' dir='ltr'>sedctMonachiil6l5.B.llirginem</span> <span class='ocrx_word' id='word_1_93' title='bbox 1547 887 1593 927; x_wconf 89' lang='grc'>00-</span> 
     </span>
     <span class='ocr_line' id='line_1_9' title="bbox 98 951 1593 1038; baseline -0.003 -15"><span class='ocrx_word' id='word_1_94' title='bbox 98 963 207 1023; x_wconf 81' lang='lat' dir='ltr'>xxiv.</span> <span class='ocrx_word' id='word_1_95' title='bbox 230 962 300 1019; x_wconf 90' lang='lat' dir='ltr'>tomi</span> <span class='ocrx_word' id='word_1_96' title='bbox 329 957 487 1037; x_wconf 83' lang='lat' dir='ltr'>prodiere,</span> <span class='ocrx_word' id='word_1_97' title='bbox 508 958 570 1018; x_wconf 82' lang='lat' dir='ltr'>dixi</span> <span class='ocrx_word' id='word_1_98' title='bbox 593 960 621 1015; x_wconf 95' lang='lat' dir='ltr'>in</span> <span class='ocrx_word' id='word_1_99' title='bbox 648 958 818 1035; x_wconf 89' lang='lat' dir='ltr'>Conspectu</span> <span class='ocrx_word' id='word_1_100' title='bbox 875 967 997 1009; x_wconf 88' lang='lat' dir='ltr'>munem</span> <span class='ocrx_word' id='word_1_101' title='bbox 1015 951 1053 1010; x_wconf 88' lang='lat' dir='ltr'>ab</span> <span class='ocrx_word' id='word_1_102' title='bbox 1070 954 1206 1030; x_wconf 81' lang='lat' dir='ltr'>originali</span> <span class='ocrx_word' id='word_1_103' title='bbox 1224 955 1290 1015; x_wconf 90' lang='lat' dir='ltr'>labe</span> <span class='ocrx_word' id='word_1_104' title='bbox 1309 957 1404 1017; x_wconf 86' lang='lat' dir='ltr'>luisse</span> <span class='ocrx_word' id='word_1_105' title='bbox 1422 969 1514 1038; x_wconf 84' lang='lat' dir='ltr'>negat</span> <span class='ocrx_word' id='word_1_106' title='bbox 1532 962 1593 1020; x_wconf 89' lang='lat' dir='ltr'>Mel·</span> 
     </span>
     <span class='ocr_line' id='line_1_10' title="bbox 100 1043 1589 1128; baseline -0.002 -12"><span class='ocrx_word' id='word_1_107' title='bbox 100 1055 233 1115; x_wconf 85' lang='lat' dir='ltr'>thesauri</span> <span class='ocrx_word' id='word_1_108' title='bbox 259 1053 395 1112; x_wconf 89' lang='lat' dir='ltr'>litterarii</span> <span class='ocrx_word' id='word_1_109' title='bbox 418 1051 538 1121; x_wconf 84' lang='lat' dir='ltr'>ltaliae,</span> <span class='ocrx_word' id='word_1_110' title='bbox 554 1051 657 1110; x_wconf 88' lang='lat' dir='ltr'>Mamb.</span> <span class='ocrx_word' id='word_1_111' title='bbox 678 1050 765 1112; x_wconf 90' lang='grc'><strong>4730.</strong></span> <span class='ocrx_word' id='word_1_112' title='bbox 788 1050 816 1108; x_wconf 89' lang='lat'>8.</span> <span class='ocrx_word' id='word_1_113' title='bbox 875 1043 1011 1119; x_wconf 84' lang='lat' dir='ltr'>ircthus,</span> <span class='ocrx_word' id='word_1_114' title='bbox 1030 1045 1108 1122; x_wconf 90' lang='lat' dir='ltr'>quod</span> <span class='ocrx_word' id='word_1_115' title='bbox 1127 1048 1359 1125; x_wconf 87' lang='lat' dir='ltr'>reprehenditur</span> <span class='ocrx_word' id='word_1_116' title='bbox 1369 1053 1407 1110; x_wconf 88' lang='lat' dir='ltr'>ab</span> <span class='ocrx_word' id='word_1_117' title='bbox 1419 1053 1589 1128; x_wconf 81' lang='lat' dir='ltr'>editoribus,</span> 
     </span>
     <span class='ocr_line' id='line_1_11' title="bbox 99 1136 1591 1220; baseline -0.003 -11"><span class='ocrx_word' id='word_1_118' title='bbox 99 1148 250 1209; x_wconf 89' lang='lat' dir='ltr'>Andream</span> <span class='ocrx_word' id='word_1_119' title='bbox 269 1146 437 1220; x_wconf 82' lang='lat' dir='ltr'>Alciatum,</span> <span class='ocrx_word' id='word_1_120' title='bbox 456 1146 628 1205; x_wconf 85' lang='lat' dir='ltr'>Tristanum</span> <span class='ocrx_word' id='word_1_121' title='bbox 650 1144 818 1214; x_wconf 85' lang='lat' dir='ltr'>Choicum,</span> <span class='ocrx_word' id='word_1_122' title='bbox 873 1136 965 1214; x_wconf 89' lang='lat' dir='ltr'>atque</span> <span class='ocrx_word' id='word_1_123' title='bbox 982 1138 1151 1199; x_wconf 81' lang='lat' dir='ltr'>lOANMES</span> <span class='ocrx_word' id='word_1_124' title='bbox 1167 1142 1188 1200; x_wconf 86' lang='grc'>4</span> <span class='ocrx_word' id='word_1_125' title='bbox 1202 1141 1312 1220; x_wconf 84' lang='lat' dir='ltr'>Lepide</span> <span class='ocrx_word' id='word_1_126' title='bbox 1325 1145 1552 1206; x_wconf 83' lang='lat' dir='ltr'>Cart-basianus</span> <span class='ocrx_word' id='word_1_127' title='bbox 1569 1150 1591 1205; x_wconf 92' lang='lat' dir='ltr'>in</span> 
     </span>
     <span class='ocr_line' id='line_1_12' title="bbox 98 1232 1591 1323; baseline 0.002 -27"><span class='ocrx_word' id='word_1_128' title='bbox 98 1251 130 1302; x_wconf 80' lang='lat' dir='ltr'>es</span> <span class='ocrx_word' id='word_1_129' title='bbox 144 1242 218 1302; x_wconf 81' lang='lat' dir='ltr'>allos</span> <span class='ocrx_word' id='word_1_130' title='bbox 230 1240 267 1323; x_wconf 87' lang='grc'>40</span> <span class='ocrx_word' id='word_1_131' title='bbox 278 1238 369 1300; x_wconf 90' lang='lat' dir='ltr'>rebus</span> <span class='ocrx_word' id='word_1_132' title='bbox 380 1238 819 1315; x_wconf 88' lang='lat' dir='ltr'>Mediolanensibusscriptores</span> <span class='ocrx_word' id='word_1_133' title='bbox 874 1232 1357 1307; x_wconf 77' lang='lat' dir='ltr'>praemonitioneadbasileensem</span> <span class='ocrx_word' id='word_1_134' title='bbox 1367 1238 1535 1299; x_wconf 90' lang='lat' dir='ltr'>editionem</span> <span class='ocrx_word' id='word_1_135' title='bbox 1543 1258 1591 1299; x_wconf 94' lang='lat' dir='ltr'>nou</span> 
     </span>
     <span class='ocr_line' id='line_1_13' title="bbox 99 1322 1591 1410; baseline 0.005 -16"><span class='ocrx_word' id='word_1_136' title='bbox 99 1333 235 1394; x_wconf 79' lang='lat' dir='ltr'>exhibuit</span> <span class='ocrx_word' id='word_1_137' title='bbox 251 1333 495 1408; x_wconf 89' lang='lat' dir='ltr'>elegantissimus</span> <span class='ocrx_word' id='word_1_138' title='bbox 508 1331 657 1392; x_wconf 80' lang='lat' dir='ltr'>Graevius</span> <span class='ocrx_word' id='word_1_139' title='bbox 673 1340 754 1390; x_wconf 89' lang='lat' dir='ltr'>tomo</span> <span class='ocrx_word' id='word_1_140' title='bbox 773 1347 819 1390; x_wconf 85' lang='lat' dir='ltr'>sc·</span> <span class='ocrx_word' id='word_1_141' title='bbox 874 1322 992 1384; x_wconf 90' lang='lat' dir='ltr'>dubitat</span> <span class='ocrx_word' id='word_1_142' title='bbox 1005 1324 1164 1384; x_wconf 85' lang='lat' dir='ltr'>haereseos</span> <span class='ocrx_word' id='word_1_143' title='bbox 1181 1342 1306 1405; x_wconf 83' lang='lat' dir='ltr'>arguere</span> <span class='ocrx_word' id='word_1_144' title='bbox 1322 1346 1404 1403; x_wconf 70' lang='lat' dir='ltr'>eum,</span> <span class='ocrx_word' id='word_1_145' title='bbox 1423 1333 1591 1410; x_wconf 71' lang='lat' dir='ltr'>quicunque</span> 
     </span>
     <span class='ocr_line' id='line_1_14' title="bbox 98 1419 1591 1502; baseline -0.005 -13"><span class='ocrx_word' id='word_1_146' title='bbox 98 1427 198 1489; x_wconf 83' lang='lat' dir='ltr'>cundo</span> <span class='ocrx_word' id='word_1_147' title='bbox 215 1436 245 1487; x_wconf 93' lang='lat' dir='ltr'>et</span> <span class='ocrx_word' id='word_1_148' title='bbox 261 1428 349 1486; x_wconf 86' lang='lat' dir='ltr'>tertio</span> <span class='ocrx_word' id='word_1_149' title='bbox 364 1425 586 1502; x_wconf 79' lang='lat' dir='ltr'>Antiquitatum</span> <span class='ocrx_word' id='word_1_150' title='bbox 599 1426 709 1499; x_wconf 88' lang='lat' dir='ltr'>ltaliae,</span> <span class='ocrx_word' id='word_1_151' title='bbox 722 1430 756 1484; x_wconf 94' lang='lat' dir='ltr'>ut</span> <span class='ocrx_word' id='word_1_152' title='bbox 769 1441 821 1483; x_wconf 93' lang='lat' dir='ltr'>no·</span> <span class='ocrx_word' id='word_1_153' title='bbox 876 1426 943 1496; x_wconf 84' lang='lat' dir='ltr'>pust</span> <span class='ocrx_word' id='word_1_154' title='bbox 959 1419 1179 1497; x_wconf 76' lang='lat' dir='ltr'>promulgatum</span> <span class='ocrx_word' id='word_1_155' title='bbox 1197 1420 1235 1480; x_wconf 87' lang='lat' dir='ltr'>ab</span> <span class='ocrx_word' id='word_1_156' title='bbox 1246 1421 1408 1483; x_wconf 82' lang='lat' dir='ltr'>Academia</span> <span class='ocrx_word' id='word_1_157' title='bbox 1428 1427 1591 1500; x_wconf 72' lang='lat' dir='ltr'>Mansisset,</span> 
     </span>
     <span class='ocr_line' id='line_1_15' title="bbox 98 1512 1591 1599; baseline 0 -20"><span class='ocrx_word' id='word_1_158' title='bbox 98 1528 195 1581; x_wconf 91' lang='lat' dir='ltr'>latum</span> <span class='ocrx_word' id='word_1_159' title='bbox 215 1522 243 1579; x_wconf 93' lang='lat' dir='ltr'>in</span> <span class='ocrx_word' id='word_1_160' title='bbox 259 1519 365 1577; x_wconf 86' lang='lat' dir='ltr'>eodem</span> <span class='ocrx_word' id='word_1_161' title='bbox 383 1519 555 1595; x_wconf 90' lang='lat' dir='ltr'>Conspectu</span> <span class='ocrx_word' id='word_1_162' title='bbox 569 1536 633 1597; x_wconf 89' lang='lat' dir='ltr'>pag.</span> <span class='ocrx_word' id='word_1_163' title='bbox 649 1519 696 1579; x_wconf 88' lang='grc'>84.</span> <span class='ocrx_word' id='word_1_164' title='bbox 712 1534 775 1594; x_wconf 86' lang='lat' dir='ltr'>seq.</span> <span class='ocrx_word' id='word_1_165' title='bbox 790 1520 818 1576; x_wconf 94' lang='lat' dir='ltr'>in</span> <span class='ocrx_word' id='word_1_166' title='bbox 874 1512 1006 1571; x_wconf 83' lang='lat' dir='ltr'>Concilio</span> <span class='ocrx_word' id='word_1_167' title='bbox 1018 1512 1181 1571; x_wconf 76' lang='lat' dir='ltr'>basileensi</span> <span class='ocrx_word' id='word_1_168' title='bbox 1194 1516 1317 1599; x_wconf 82' lang='grc'><strong>0484440</strong></span> <span class='ocrx_word' id='word_1_169' title='bbox 1332 1519 1379 1577; x_wconf 94' lang='lat' dir='ltr'>lV.</span> <span class='ocrx_word' id='word_1_170' title='bbox 1392 1520 1539 1579; x_wconf 85' lang='lat' dir='ltr'>Pontifice</span> <span class='ocrx_word' id='word_1_171' title='bbox 1550 1521 1591 1580; x_wconf 80' lang='grc'>40</span> 
     </span>
     <span class='ocr_line' id='line_1_16' title="bbox 96 1605 1591 1691; baseline 0.002 -21"><span class='ocrx_word' id='word_1_172' title='bbox 96 1630 157 1691; x_wconf 81' lang='lat' dir='ltr'>quo</span> <span class='ocrx_word' id='word_1_173' title='bbox 175 1630 240 1691; x_wconf 87' lang='lat' dir='ltr'>pag.</span> <span class='ocrx_word' id='word_1_174' title='bbox 255 1612 323 1672; x_wconf 89' lang='grc'><strong>493.</strong></span> <span class='ocrx_word' id='word_1_175' title='bbox 342 1626 408 1689; x_wconf 87' lang='lat' dir='ltr'>seq.</span> <span class='ocrx_word' id='word_1_176' title='bbox 422 1618 578 1690; x_wconf 87' lang='lat' dir='ltr'>praeterea</span> <span class='ocrx_word' id='word_1_177' title='bbox 591 1611 753 1672; x_wconf 84' lang='lat' dir='ltr'>laudantur</span> <span class='ocrx_word' id='word_1_178' title='bbox 768 1613 820 1687; x_wconf 87' lang='lat' dir='ltr'>qui</span> <span class='ocrx_word' id='word_1_179' title='bbox 875 1605 1042 1665; x_wconf 89' lang='lat' dir='ltr'>linitionem</span> <span class='ocrx_word' id='word_1_180' title='bbox 1059 1609 1249 1680; x_wconf 89' lang='grc'><strong>00044044004,</strong></span> <span class='ocrx_word' id='word_1_181' title='bbox 1262 1608 1339 1668; x_wconf 88' lang='grc'><strong>44040</strong></span> <span class='ocrx_word' id='word_1_182' title='bbox 1354 1627 1426 1670; x_wconf 88' lang='grc'><strong>0004</strong></span> <span class='ocrx_word' id='word_1_183' title='bbox 1445 1614 1591 1673; x_wconf 85' lang='grc'><strong>4404440440</strong></span> 
     </span>
     <span class='ocr_line' id='line_1_17' title="bbox 97 1699 1589 1771; baseline 0 -4"><span class='ocrx_word' id='word_1_184' title='bbox 97 1707 253 1767; x_wconf 84' lang='lat' dir='ltr'>historiam</span> <span class='ocrx_word' id='word_1_185' title='bbox 278 1706 453 1765; x_wconf 87' lang='lat' dir='ltr'>litterariam</span> <span class='ocrx_word' id='word_1_186' title='bbox 476 1704 728 1765; x_wconf 84' lang='lat' dir='ltr'>Mediolanensem</span> <span class='ocrx_word' id='word_1_187' title='bbox 756 1704 821 1764; x_wconf 93' lang='lat' dir='ltr'>illu·</span> <span class='ocrx_word' id='word_1_188' title='bbox 855 1700 1024 1771; x_wconf 20' lang='lat' dir='ltr'>&#39;affirmare</span> <span class='ocrx_word' id='word_1_189' title='bbox 1042 1717 1101 1759; x_wconf 93' lang='lat' dir='ltr'>nou</span> <span class='ocrx_word' id='word_1_190' title='bbox 1116 1699 1243 1759; x_wconf 86' lang='lat' dir='ltr'>dubitat.</span> <span class='ocrx_word' id='word_1_191' title='bbox 1256 1702 1328 1762; x_wconf 87' lang='lat' dir='ltr'>Vide</span> <span class='ocrx_word' id='word_1_192' title='bbox 1342 1706 1375 1764; x_wconf 87' lang='lat' dir='ltr'>ll.</span> <span class='ocrx_word' id='word_1_193' title='bbox 1393 1707 1589 1766; x_wconf 85' lang='lat' dir='ltr'>Warthonuur</span> 
     </span>
     <span class='ocr_line' id='line_1_18' title="bbox 96 1792 1590 1866; baseline -0.002 -6"><span class='ocrx_word' id='word_1_194' title='bbox 96 1799 252 1861; x_wconf 88' lang='lat' dir='ltr'>strandam</span> <span class='ocrx_word' id='word_1_195' title='bbox 271 1799 326 1858; x_wconf 88' lang='lat' dir='ltr'>sibi</span> <span class='ocrx_word' id='word_1_196' title='bbox 344 1814 493 1860; x_wconf 84' lang='lat' dir='ltr'>sumsere.</span> <span class='ocrx_word' id='word_1_197' title='bbox 511 1799 562 1858; x_wconf 88' lang='lat' dir='ltr'>Mis</span> <span class='ocrx_word' id='word_1_198' title='bbox 579 1797 673 1857; x_wconf 92' lang='lat' dir='ltr'>addes</span> <span class='ocrx_word' id='word_1_199' title='bbox 693 1795 822 1856; x_wconf 75' lang='grc'><strong>44044440-</strong></span> <span class='ocrx_word' id='word_1_200' title='bbox 852 1833 853 1836; x_wconf 63' lang='lat'>,</span> <span class='ocrx_word' id='word_1_201' title='bbox 874 1792 911 1851; x_wconf 90' lang='lat' dir='ltr'>ad</span> <span class='ocrx_word' id='word_1_202' title='bbox 930 1794 1081 1866; x_wconf 87' lang='lat' dir='ltr'>Caveum,</span> <span class='ocrx_word' id='word_1_203' title='bbox 1094 1800 1125 1852; x_wconf 90' lang='lat' dir='ltr'>et</span> <span class='ocrx_word' id='word_1_204' title='bbox 1142 1795 1185 1851; x_wconf 93' lang='grc' dir='ltr'>4ο.</span> <span class='ocrx_word' id='word_1_205' title='bbox 1205 1793 1381 1856; x_wconf 90' lang='lat' dir='ltr'>Godlridum</span> <span class='ocrx_word' id='word_1_206' title='bbox 1396 1798 1550 1861; x_wconf 83' lang='lat' dir='ltr'>Olearium</span> <span class='ocrx_word' id='word_1_207' title='bbox 1567 1803 1590 1858; x_wconf 88' lang='lat' dir='ltr'>iu</span> 
     </span>
     <span class='ocr_line' id='line_1_19' title="bbox 98 1885 1457 1968; baseline -0.001 -15"><span class='ocrx_word' id='word_1_208' title='bbox 98 1892 207 1959; x_wconf 80' lang='lat' dir='ltr'>lernaei</span> <span class='ocrx_word' id='word_1_209' title='bbox 223 1891 313 1955; x_wconf 85' lang='lat' dir='ltr'>Corte</span> <span class='ocrx_word' id='word_1_210' title='bbox 329 1893 396 1950; x_wconf 90' lang='grc' dir='ltr'>04νο</span> <span class='ocrx_word' id='word_1_211' title='bbox 413 1893 510 1954; x_wconf 88' lang='lat' dir='ltr'>Curtii</span> <span class='ocrx_word' id='word_1_212' title='bbox 525 1892 647 1950; x_wconf 85' lang='lat' dir='ltr'>notitias</span> <span class='ocrx_word' id='word_1_213' title='bbox 662 1890 821 1949; x_wconf 90' lang='lat' dir='ltr'>historicas</span> <span class='ocrx_word' id='word_1_214' title='bbox 874 1885 949 1945; x_wconf 88' lang='lat' dir='ltr'>Bibl.</span> <span class='ocrx_word' id='word_1_215' title='bbox 966 1888 1147 1964; x_wconf 89' lang='lat' dir='ltr'>scriptorum</span> <span class='ocrx_word' id='word_1_216' title='bbox 1166 1888 1280 1947; x_wconf 85' lang='lat' dir='ltr'>Eccles.</span> <span class='ocrx_word' id='word_1_217' title='bbox 1299 1907 1364 1968; x_wconf 92' lang='lat' dir='ltr'>pag.</span> <span class='ocrx_word' id='word_1_218' title='bbox 1387 1894 1457 1953; x_wconf 85' lang='grc'><strong>484.</strong></span> 
     </span>
    </p>
   </div>
   <div class='ocr_carea' id='block_1_3' title="bbox 94 1983 821 3466">
    <p class='ocr_par' dir='ltr' id='par_1_3' title="bbox 95 1983 821 3075">
     <span class='ocr_line' id='line_1_20' title="bbox 98 1983 819 2062; baseline -0.008 -16"><span class='ocrx_word' id='word_1_219' title='bbox 98 1986 135 2046; x_wconf 91' lang='grc'>40</span> <span class='ocrx_word' id='word_1_220' title='bbox 153 1985 275 2046; x_wconf 80' lang='lat' dir='ltr'>Medicis</span> <span class='ocrx_word' id='word_1_221' title='bbox 304 1983 502 2062; x_wconf 87' lang='lat' dir='ltr'>scriptoribus</span> <span class='ocrx_word' id='word_1_222' title='bbox 525 1983 819 2057; x_wconf 88' lang='lat' dir='ltr'>Mediolanensibus,</span> 
     </span>
     <span class='ocr_line' id='line_1_21' title="bbox 96 2072 819 2154; baseline -0.01 -14"><span class='ocrx_word' id='word_1_223' title='bbox 96 2078 251 2142; x_wconf 87' lang='lat' dir='ltr'>Mediolon.</span> <span class='ocrx_word' id='word_1_224' title='bbox 269 2078 356 2139; x_wconf 92' lang='grc'><strong>4748.</strong></span> <span class='ocrx_word' id='word_1_225' title='bbox 375 2079 401 2136; x_wconf 88' lang='lat' dir='ltr'>l.</span> <span class='ocrx_word' id='word_1_226' title='bbox 414 2086 445 2136; x_wconf 88' lang='lat' dir='ltr'>et</span> <span class='ocrx_word' id='word_1_227' title='bbox 456 2075 577 2154; x_wconf 77' lang='lat' dir='ltr'>toseplrt</span> <span class='ocrx_word' id='word_1_228' title='bbox 586 2074 708 2134; x_wconf 85' lang='lat' dir='ltr'>Antonii</span> <span class='ocrx_word' id='word_1_229' title='bbox 718 2072 819 2151; x_wconf 76' lang='lat' dir='ltr'>Samii,</span> 
     </span>
     <span class='ocr_line' id='line_1_22' title="bbox 98 2170 821 2237; baseline -0.008 -5"><span class='ocrx_word' id='word_1_230' title='bbox 98 2172 295 2234; x_wconf 83' lang='lat' dir='ltr'>eruditissimi</span> <span class='ocrx_word' id='word_1_231' title='bbox 315 2170 425 2230; x_wconf 89' lang='lat' dir='ltr'>viride</span> <span class='ocrx_word' id='word_1_232' title='bbox 447 2170 568 2237; x_wconf 87' lang='grc'><strong>0404440</strong></span> <span class='ocrx_word' id='word_1_233' title='bbox 583 2170 736 2229; x_wconf 87' lang='lat' dir='ltr'>litterariis</span> <span class='ocrx_word' id='word_1_234' title='bbox 762 2170 821 2228; x_wconf 90' lang='lat' dir='ltr'>Me-</span> 
     </span>
     <span class='ocr_line' id='line_1_23' title="bbox 96 2261 818 2341; baseline -0.007 -15"><span class='ocrx_word' id='word_1_235' title='bbox 96 2266 317 2327; x_wconf 89' lang='lat' dir='ltr'>diolanensium</span> <span class='ocrx_word' id='word_1_236' title='bbox 333 2266 466 2341; x_wconf 87' lang='lat' dir='ltr'>antiquis</span> <span class='ocrx_word' id='word_1_237' title='bbox 478 2271 508 2322; x_wconf 89' lang='lat' dir='ltr'>et</span> <span class='ocrx_word' id='word_1_238' title='bbox 522 2264 609 2323; x_wconf 89' lang='lat' dir='ltr'>novis</span> <span class='ocrx_word' id='word_1_239' title='bbox 625 2261 818 2341; x_wconf 91' lang='lat' dir='ltr'>prodromum</span> 
     </span>
     <span class='ocr_line' id='line_1_24' title="bbox 97 2356 819 2434; baseline -0.007 -14"><span class='ocrx_word' id='word_1_240' title='bbox 97 2359 135 2420; x_wconf 91' lang='lat' dir='ltr'>ad</span> <span class='ocrx_word' id='word_1_241' title='bbox 152 2360 306 2419; x_wconf 82' lang='lat' dir='ltr'>historiam</span> <span class='ocrx_word' id='word_1_242' title='bbox 335 2359 479 2418; x_wconf 89' lang='lat' dir='ltr'>litterario</span> <span class='ocrx_word' id='word_1_243' title='bbox 497 2356 741 2434; x_wconf 81' lang='lat' dir='ltr'>typographicam</span> <span class='ocrx_word' id='word_1_244' title='bbox 759 2358 819 2416; x_wconf 89' lang='lat' dir='ltr'>Me-</span> 
     </span>
     <span class='ocr_line' id='line_1_25' title="bbox 96 2449 817 2514; baseline -0.006 -1"><span class='ocrx_word' id='word_1_245' title='bbox 96 2452 302 2514; x_wconf 85' lang='lat' dir='ltr'>diolanensem</span> <span class='ocrx_word' id='word_1_246' title='bbox 328 2450 414 2513; x_wconf 89' lang='grc'><strong>4740.</strong></span> <span class='ocrx_word' id='word_1_247' title='bbox 435 2453 462 2510; x_wconf 88' lang='grc'><strong>8.</strong></span> <span class='ocrx_word' id='word_1_248' title='bbox 488 2453 609 2511; x_wconf 88' lang='lat' dir='ltr'>Praeter</span> <span class='ocrx_word' id='word_1_249' title='bbox 626 2449 703 2509; x_wconf 90' lang='lat' dir='ltr'>hane</span> <span class='ocrx_word' id='word_1_250' title='bbox 725 2449 817 2509; x_wconf 78' lang='lat' dir='ltr'>histo-</span> 
     </span>
     <span class='ocr_line' id='line_1_26' title="bbox 96 2545 815 2624; baseline -0.007 -17"><span class='ocrx_word' id='word_1_251' title='bbox 96 2550 191 2619; x_wconf 82' lang='lat' dir='ltr'>riam,</span> <span class='ocrx_word' id='word_1_252' title='bbox 224 2563 314 2624; x_wconf 90' lang='lat' dir='ltr'>quam</span> <span class='ocrx_word' id='word_1_253' title='bbox 343 2553 482 2623; x_wconf 85' lang='lat' dir='ltr'>optamus</span> <span class='ocrx_word' id='word_1_254' title='bbox 507 2560 597 2622; x_wconf 86' lang='lat' dir='ltr'>quam</span> <span class='ocrx_word' id='word_1_255' title='bbox 626 2545 756 2620; x_wconf 90' lang='lat' dir='ltr'>primum</span> <span class='ocrx_word' id='word_1_256' title='bbox 786 2545 815 2602; x_wconf 91' lang='lat' dir='ltr'>in</span> 
     </span>
     <span class='ocr_line' id='line_1_27' title="bbox 95 2638 816 2716; baseline -0.011 -13"><span class='ocrx_word' id='word_1_257' title='bbox 95 2641 161 2703; x_wconf 91' lang='lat' dir='ltr'>dias</span> <span class='ocrx_word' id='word_1_258' title='bbox 189 2640 312 2701; x_wconf 91' lang='lat' dir='ltr'>luminis</span> <span class='ocrx_word' id='word_1_259' title='bbox 342 2654 433 2698; x_wconf 88' lang='lat' dir='ltr'>auras</span> <span class='ocrx_word' id='word_1_260' title='bbox 464 2638 608 2716; x_wconf 80' lang='lat' dir='ltr'>proferri,</span> <span class='ocrx_word' id='word_1_261' title='bbox 639 2644 816 2714; x_wconf 83' lang='lat' dir='ltr'>exspectare</span> 
     </span>
     <span class='ocr_line' id='line_1_28' title="bbox 97 2730 818 2809; baseline -0.008 -15"><span class='ocrx_word' id='word_1_262' title='bbox 97 2737 187 2794; x_wconf 90' lang='lat' dir='ltr'>etiam</span> <span class='ocrx_word' id='word_1_263' title='bbox 206 2733 345 2793; x_wconf 91' lang='lat' dir='ltr'>iubemur</span> <span class='ocrx_word' id='word_1_264' title='bbox 360 2733 405 2792; x_wconf 86' lang='grc'>40.</span> <span class='ocrx_word' id='word_1_265' title='bbox 423 2730 571 2809; x_wconf 77' lang='lat' dir='ltr'>Corporis</span> <span class='ocrx_word' id='word_1_266' title='bbox 586 2730 732 2802; x_wconf 77' lang='grc'><strong>00404400,</strong></span> <span class='ocrx_word' id='word_1_267' title='bbox 758 2732 818 2790; x_wconf 93' lang='lat' dir='ltr'>Mo·</span> 
     </span>
     <span class='ocr_line' id='line_1_29' title="bbox 95 2824 817 2908; baseline -0.006 -22"><span class='ocrx_word' id='word_1_268' title='bbox 95 2826 182 2887; x_wconf 84' lang='grc'><strong>00004</strong></span> <span class='ocrx_word' id='word_1_269' title='bbox 198 2827 394 2899; x_wconf 86' lang='lat' dir='ltr'>Casinensis,</span> <span class='ocrx_word' id='word_1_270' title='bbox 409 2833 440 2885; x_wconf 92' lang='lat' dir='ltr'>et</span> <span class='ocrx_word' id='word_1_271' title='bbox 455 2826 592 2885; x_wconf 87' lang='lat' dir='ltr'>Doctoris</span> <span class='ocrx_word' id='word_1_272' title='bbox 609 2827 637 2883; x_wconf 90' lang='grc'>40</span> <span class='ocrx_word' id='word_1_273' title='bbox 652 2824 817 2908; x_wconf 80' lang='lat' dir='ltr'>Gymnasio</span> 
     </span>
     <span class='ocr_line' id='line_1_30' title="bbox 96 2912 820 2997; baseline -0.003 -18"><span class='ocrx_word' id='word_1_274' title='bbox 96 2922 247 2980; x_wconf 83' lang='lat' dir='ltr'>Ticinensi</span> <span class='ocrx_word' id='word_1_275' title='bbox 266 2912 378 2997; x_wconf 89' lang='lat' dir='ltr'>publici</span> <span class='ocrx_word' id='word_1_276' title='bbox 395 2920 555 2981; x_wconf 85' lang='lat' dir='ltr'>Historiam</span> <span class='ocrx_word' id='word_1_277' title='bbox 575 2919 748 2978; x_wconf 89' lang='lat' dir='ltr'>litterariam</span> <span class='ocrx_word' id='word_1_278' title='bbox 768 2918 820 2977; x_wconf 88' lang='lat' dir='ltr'>Se-</span> 
     </span>
     <span class='ocr_line' id='line_1_31' title="bbox 96 3012 446 3075; baseline -0.003 -2"><span class='ocrx_word' id='word_1_279' title='bbox 96 3022 187 3073; x_wconf 87' lang='lat' dir='ltr'>natus</span> <span class='ocrx_word' id='word_1_280' title='bbox 204 3012 446 3075; x_wconf 86' lang='lat' dir='ltr'>Mediolanensis.</span> 
     </span>
    </p>

    <p class='ocr_par' dir='ltr' id='par_1_4' title="bbox 94 3105 819 3466">
     <span class='ocr_line' id='line_1_32' title="bbox 136 3105 819 3178; baseline -0.006 -12"><span class='ocrx_word' id='word_1_281' title='bbox 136 3106 159 3165; x_wconf 57' lang='grc'>4.</span> <span class='ocrx_word' id='word_1_282' title='bbox 174 3107 257 3178; x_wconf 87' lang='lat' dir='ltr'>Quae</span> <span class='ocrx_word' id='word_1_283' title='bbox 279 3106 327 3165; x_wconf 92' lang='lat' dir='ltr'>bic</span> <span class='ocrx_word' id='word_1_284' title='bbox 349 3105 500 3165; x_wconf 87' lang='lat' dir='ltr'>Fabricius</span> <span class='ocrx_word' id='word_1_285' title='bbox 534 3107 626 3165; x_wconf 88' lang='lat' dir='ltr'>tantis</span> <span class='ocrx_word' id='word_1_286' title='bbox 648 3105 727 3164; x_wconf 89' lang='lat' dir='ltr'>votis</span> <span class='ocrx_word' id='word_1_287' title='bbox 748 3121 819 3164; x_wconf 85' lang='lat' dir='ltr'>exo-</span> 
     </span>
     <span class='ocr_line' id='line_1_33' title="bbox 94 3196 817 3279; baseline -0.006 -20"><span class='ocrx_word' id='word_1_288' title='bbox 94 3207 179 3279; x_wconf 87' lang='lat' dir='ltr'>ptat,</span> <span class='ocrx_word' id='word_1_289' title='bbox 202 3215 282 3258; x_wconf 90' lang='lat' dir='ltr'>nuuc</span> <span class='ocrx_word' id='word_1_290' title='bbox 312 3197 434 3261; x_wconf 87' lang='lat' dir='ltr'>tandem</span> <span class='ocrx_word' id='word_1_291' title='bbox 460 3196 667 3266; x_wconf 90' lang='lat' dir='ltr'>obtiuuimas;</span> <span class='ocrx_word' id='word_1_292' title='bbox 690 3213 759 3257; x_wconf 89' lang='lat' dir='ltr'>nam</span> <span class='ocrx_word' id='word_1_293' title='bbox 780 3197 817 3256; x_wconf 91' lang='grc'>04.</span> 
     </span>
     <span class='ocr_line' id='line_1_34' title="bbox 96 3289 818 3370; baseline -0.008 -15"><span class='ocrx_word' id='word_1_294' title='bbox 96 3295 205 3355; x_wconf 81' lang='lat' dir='ltr'>Sarius</span> <span class='ocrx_word' id='word_1_295' title='bbox 227 3291 369 3370; x_wconf 81' lang='lat' dir='ltr'>produxit</span> <span class='ocrx_word' id='word_1_296' title='bbox 397 3289 519 3350; x_wconf 87' lang='lat' dir='ltr'>tandem</span> <span class='ocrx_word' id='word_1_297' title='bbox 543 3290 709 3350; x_wconf 89' lang='lat' dir='ltr'>historiam.</span> <span class='ocrx_word' id='word_1_298' title='bbox 731 3298 818 3368; x_wconf 84' lang='lat' dir='ltr'>typo·</span> 
     </span>
     <span class='ocr_line' id='line_1_35' title="bbox 94 3383 818 3466; baseline -0.006 -19"><span class='ocrx_word' id='word_1_299' title='bbox 94 3387 235 3466; x_wconf 88' lang='lat' dir='ltr'>graphice</span> <span class='ocrx_word' id='word_1_300' title='bbox 254 3387 426 3445; x_wconf 79' lang='lat' dir='ltr'>literarium</span> <span class='ocrx_word' id='word_1_301' title='bbox 444 3383 696 3445; x_wconf 83' lang='lat' dir='ltr'>Mediolanensem</span> <span class='ocrx_word' id='word_1_302' title='bbox 710 3428 716 3458; x_wconf 86' lang='lat'>,</span> <span class='ocrx_word' id='word_1_303' title='bbox 730 3385 818 3444; x_wconf 90' lang='lat' dir='ltr'>cuius</span> 
     </span>
    </p>
   </div>
   <div class='ocr_carea' id='block_1_4' title="bbox 872 1981 1591 3462">
    <p class='ocr_par' dir='ltr' id='par_1_5' title="bbox 872 1981 1591 3462">
     <span class='ocr_line' id='line_1_36' title="bbox 916 1981 1590 2066; baseline 0.006 -25"><span class='ocrx_word' id='word_1_304' title='bbox 916 1981 1201 2041; x_wconf 81' lang='lat' dir='ltr'>MEGEMFREDUS</span> <span class='ocrx_word' id='word_1_305' title='bbox 1227 1985 1292 2042; x_wconf 90' lang='lat' dir='ltr'>sive</span> <span class='ocrx_word' id='word_1_306' title='bbox 1319 1984 1539 2066; x_wconf 70' lang='lat' dir='ltr'>mainfridus,</span> <span class='ocrx_word' id='word_1_307' title='bbox 1559 2005 1590 2045; x_wconf 86' lang='grc'>04</span> 
     </span>
     <span class='ocr_line' id='line_1_37' title="bbox 874 2074 1591 2140; baseline 0.008 -6"><span class='ocrx_word' id='word_1_308' title='bbox 874 2074 1017 2135; x_wconf 90' lang='lat' dir='ltr'>Fuldensi</span> <span class='ocrx_word' id='word_1_309' title='bbox 1035 2074 1177 2134; x_wconf 89' lang='lat' dir='ltr'>Monacbo</span> <span class='ocrx_word' id='word_1_310' title='bbox 1195 2074 1265 2135; x_wconf 93' lang='lat' dir='ltr'>Ord.</span> <span class='ocrx_word' id='word_1_311' title='bbox 1283 2074 1393 2137; x_wconf 89' lang='lat' dir='ltr'>Bened.</span> <span class='ocrx_word' id='word_1_312' title='bbox 1417 2080 1466 2139; x_wconf 89' lang='lat' dir='ltr'>ubi</span> <span class='ocrx_word' id='word_1_313' title='bbox 1485 2081 1591 2140; x_wconf 77' lang='lat' dir='ltr'>schola</span> 
     </span>
     <span class='ocr_line' id='line_1_38' title="bbox 875 2167 1591 2252; baseline 0.006 -24"><span class='ocrx_word' id='word_1_314' title='bbox 875 2187 942 2228; x_wconf 92' lang='lat' dir='ltr'>rum</span> <span class='ocrx_word' id='word_1_315' title='bbox 958 2170 1091 2244; x_wconf 86' lang='lat' dir='ltr'>regimen</span> <span class='ocrx_word' id='word_1_316' title='bbox 1109 2167 1166 2227; x_wconf 89' lang='lat' dir='ltr'>An.</span> <span class='ocrx_word' id='word_1_317' title='bbox 1185 2169 1252 2227; x_wconf 85' lang='lat'>986.</span> <span class='ocrx_word' id='word_1_318' title='bbox 1272 2180 1451 2250; x_wconf 88' lang='lat' dir='ltr'>susceptum</span> <span class='ocrx_word' id='word_1_319' title='bbox 1472 2192 1526 2252; x_wconf 95' lang='lat' dir='ltr'>per</span> <span class='ocrx_word' id='word_1_320' title='bbox 1545 2192 1591 2235; x_wconf 90' lang='grc'>00-</span> 
     </span>
     <span class='ocr_line' id='line_1_39' title="bbox 875 2253 1591 2346; baseline 0.007 -24"><span class='ocrx_word' id='word_1_321' title='bbox 875 2279 929 2322; x_wconf 90' lang='grc'>000</span> <span class='ocrx_word' id='word_1_322' title='bbox 946 2262 1054 2322; x_wconf 84' lang='lat' dir='ltr'>XXlV.</span> <span class='ocrx_word' id='word_1_323' title='bbox 1071 2265 1184 2338; x_wconf 88' lang='lat' dir='ltr'>gessit,</span> <span class='ocrx_word' id='word_1_324' title='bbox 1206 2266 1347 2342; x_wconf 86' lang='lat' dir='ltr'>Magister</span> <span class='ocrx_word' id='word_1_325' title='bbox 1376 2253 1591 2346; x_wconf 86' lang='lat' dir='ltr'>Parthenopoli-</span> 
     </span>
     <span class='ocr_line' id='line_1_40' title="bbox 872 2358 1588 2440; baseline 0.01 -26"><span class='ocrx_word' id='word_1_326' title='bbox 872 2365 963 2416; x_wconf 87' lang='lat' dir='ltr'>tanus</span> <span class='ocrx_word' id='word_1_327' title='bbox 992 2359 1057 2416; x_wconf 92' lang='lat' dir='ltr'>sive</span> <span class='ocrx_word' id='word_1_328' title='bbox 1088 2358 1279 2435; x_wconf 87' lang='lat' dir='ltr'>Praepositus</span> <span class='ocrx_word' id='word_1_329' title='bbox 1307 2360 1588 2440; x_wconf 87' lang='lat' dir='ltr'>Magdeburgensis‚</span> 
     </span>
     <span class='ocr_line' id='line_1_41' title="bbox 873 2452 1590 2533; baseline 0.011 -24"><span class='ocrx_word' id='word_1_330' title='bbox 873 2452 950 2509; x_wconf 88' lang='lat' dir='ltr'>iuter</span> <span class='ocrx_word' id='word_1_331' title='bbox 963 2452 1126 2513; x_wconf 87' lang='lat' dir='ltr'>Mistorieos</span> <span class='ocrx_word' id='word_1_332' title='bbox 1136 2452 1280 2512; x_wconf 84' lang='lat' dir='ltr'>eximium</span> <span class='ocrx_word' id='word_1_333' title='bbox 1294 2453 1393 2514; x_wconf 88' lang='lat' dir='ltr'>locum</span> <span class='ocrx_word' id='word_1_334' title='bbox 1413 2459 1590 2533; x_wconf 89' lang='lat' dir='ltr'>promeritus</span> 
     </span>
     <span class='ocr_line' id='line_1_42' title="bbox 874 2543 1589 2628; baseline 0.011 -24"><span class='ocrx_word' id='word_1_335' title='bbox 874 2545 952 2604; x_wconf 91' lang='grc'><strong>04400</strong></span> <span class='ocrx_word' id='word_1_336' title='bbox 970 2544 1026 2604; x_wconf 83' lang='grc'>40.</span> <span class='ocrx_word' id='word_1_337' title='bbox 1044 2544 1131 2605; x_wconf 90' lang='grc'><strong>4040.</strong></span> <span class='ocrx_word' id='word_1_338' title='bbox 1147 2543 1219 2604; x_wconf 83' lang='lat' dir='ltr'>Vide</span> <span class='ocrx_word' id='word_1_339' title='bbox 1245 2546 1401 2606; x_wconf 89' lang='lat' dir='ltr'>Tritbemii</span> <span class='ocrx_word' id='word_1_340' title='bbox 1429 2551 1589 2628; x_wconf 85' lang='lat' dir='ltr'>Epistolaut</span> 
     </span>
     <span class='ocr_line' id='line_1_43' title="bbox 875 2636 1590 2722; baseline 0.011 -26"><span class='ocrx_word' id='word_1_341' title='bbox 875 2636 953 2712; x_wconf 91' lang='lat' dir='ltr'>apud</span> <span class='ocrx_word' id='word_1_342' title='bbox 967 2638 1156 2699; x_wconf 80' lang='lat' dir='ltr'>lambecium</span> <span class='ocrx_word' id='word_1_343' title='bbox 1172 2640 1244 2698; x_wconf 77' lang='lat' dir='ltr'>tom.¹</span> <span class='ocrx_word' id='word_1_344' title='bbox 1260 2640 1287 2698; x_wconf 84' lang='lat'>3.</span> <span class='ocrx_word' id='word_1_345' title='bbox 1300 2657 1366 2719; x_wconf 88' lang='lat' dir='ltr'>pag.</span> <span class='ocrx_word' id='word_1_346' title='bbox 1385 2643 1455 2703; x_wconf 87' lang='grc'><strong>344.</strong></span> <span class='ocrx_word' id='word_1_347' title='bbox 1472 2653 1502 2704; x_wconf 89' lang='grc'>04</span> <span class='ocrx_word' id='word_1_348' title='bbox 1520 2662 1590 2722; x_wconf 86' lang='lat' dir='ltr'>quae</span> 
     </span>
     <span class='ocr_line' id='line_1_44' title="bbox 877 2729 1589 2818; baseline 0.015 -31"><span class='ocrx_word' id='word_1_349' title='bbox 877 2729 956 2790; x_wconf 89' lang='lat' dir='ltr'>idem</span> <span class='ocrx_word' id='word_1_350' title='bbox 974 2731 1159 2791; x_wconf 86' lang='lat' dir='ltr'>Tritbemius</span> <span class='ocrx_word' id='word_1_351' title='bbox 1178 2737 1207 2791; x_wconf 93' lang='grc'>40</span> <span class='ocrx_word' id='word_1_352' title='bbox 1219 2733 1589 2818; x_wconf 84' lang='lat' dir='ltr'>ChronicoMirsaugiensi:</span> 
     </span>
     <span class='ocr_line' id='line_1_45' title="bbox 874 2826 1589 2907; baseline 0.014 -26"><span class='ocrx_word' id='word_1_353' title='bbox 874 2830 947 2882; x_wconf 90' lang='lat' dir='ltr'>tom.</span> <span class='ocrx_word' id='word_1_354' title='bbox 967 2827 994 2885; x_wconf 91' lang='grc'>4.</span> <span class='ocrx_word' id='word_1_355' title='bbox 1013 2842 1078 2902; x_wconf 85' lang='lat' dir='ltr'>pag.</span> <span class='ocrx_word' id='word_1_356' title='bbox 1106 2826 1173 2887; x_wconf 87' lang='grc'><strong>448.</strong></span> <span class='ocrx_word' id='word_1_357' title='bbox 1195 2843 1259 2904; x_wconf 90' lang='lat' dir='ltr'>seq.</span> <span class='ocrx_word' id='word_1_358' title='bbox 1277 2829 1440 2907; x_wconf 86' lang='lat' dir='ltr'>allatisque</span> <span class='ocrx_word' id='word_1_359' title='bbox 1457 2833 1475 2891; x_wconf 83' lang='grc'>0</span> <span class='ocrx_word' id='word_1_360' title='bbox 1495 2834 1589 2892; x_wconf 85' lang='lat' dir='ltr'>l&#39;ossio</span> 
     </span>
     <span class='ocr_line' id='line_1_46' title="bbox 875 2919 1589 3001; baseline 0.007 -24"><span class='ocrx_word' id='word_1_361' title='bbox 875 2935 940 2996; x_wconf 87' lang='lat' dir='ltr'>pag.</span> <span class='ocrx_word' id='word_1_362' title='bbox 960 2919 1027 2978; x_wconf 83' lang='grc'><strong>300.</strong></span> <span class='ocrx_word' id='word_1_363' title='bbox 1046 2935 1111 2996; x_wconf 87' lang='lat' dir='ltr'>seq.</span> <span class='ocrx_word' id='word_1_364' title='bbox 1128 2930 1159 2978; x_wconf 91' lang='lat' dir='ltr'>et</span> <span class='ocrx_word' id='word_1_365' title='bbox 1173 2921 1346 3001; x_wconf 86' lang='lat' dir='ltr'>Christoph.</span> <span class='ocrx_word' id='word_1_366' title='bbox 1364 2927 1589 2986; x_wconf 85' lang='lat' dir='ltr'>Broweroanti-</span> 
     </span>
     <span class='ocr_line' id='line_1_47' title="bbox 874 3013 1588 3094; baseline 0.008 -23"><span class='ocrx_word' id='word_1_367' title='bbox 874 3014 994 3089; x_wconf 87' lang='lat' dir='ltr'>quitatt.</span> <span class='ocrx_word' id='word_1_368' title='bbox 1009 3013 1154 3072; x_wconf 83' lang='lat' dir='ltr'>¹Fuldens.</span> <span class='ocrx_word' id='word_1_369' title='bbox 1173 3013 1224 3074; x_wconf 88' lang='lat' dir='ltr'>lib.</span> <span class='ocrx_word' id='word_1_370' title='bbox 1242 3019 1268 3076; x_wconf 96' lang='grc'>4.</span> <span class='ocrx_word' id='word_1_371' title='bbox 1287 3033 1351 3094; x_wconf 89' lang='lat' dir='ltr'>cap.</span> <span class='ocrx_word' id='word_1_372' title='bbox 1364 3018 1412 3077; x_wconf 87' lang='grc'>44.</span> <span class='ocrx_word' id='word_1_373' title='bbox 1426 3018 1505 3078; x_wconf 87' lang='grc'><strong>0440</strong></span> <span class='ocrx_word' id='word_1_374' title='bbox 1524 3019 1588 3078; x_wconf 89' lang='lat' dir='ltr'>haec</span> 
     </span>
     <span class='ocr_line' id='line_1_48' title="bbox 873 3104 1589 3191; baseline 0.004 -28"><span class='ocrx_word' id='word_1_375' title='bbox 873 3104 917 3163; x_wconf 92' lang='grc'>40.</span> <span class='ocrx_word' id='word_1_376' title='bbox 926 3107 1037 3164; x_wconf 83' lang='lat' dir='ltr'>latomi</span> <span class='ocrx_word' id='word_1_377' title='bbox 1050 3105 1128 3183; x_wconf 92' lang='lat' dir='ltr'>apud</span> <span class='ocrx_word' id='word_1_378' title='bbox 1141 3107 1349 3168; x_wconf 81' lang='lat' dir='ltr'>Menckenium</span> <span class='ocrx_word' id='word_1_379' title='bbox 1373 3127 1423 3168; x_wconf 82' lang='lat' dir='ltr'>ror</span> <span class='ocrx_word' id='word_1_380' title='bbox 1434 3128 1589 3191; x_wconf 77' lang='grc' dir='ltr'><em>μακαριτον</em></span> 
     </span>
     <span class='ocr_line' id='line_1_49' title="bbox 875 3199 1587 3282; baseline 0.004 -25"><span class='ocrx_word' id='word_1_381' title='bbox 875 3206 946 3257; x_wconf 92' lang='lat' dir='ltr'>tom.</span> <span class='ocrx_word' id='word_1_382' title='bbox 966 3199 995 3257; x_wconf 90' lang='grc'>3.</span> <span class='ocrx_word' id='word_1_383' title='bbox 1011 3200 1192 3277; x_wconf 89' lang='lat' dir='ltr'>scriptorum</span> <span class='ocrx_word' id='word_1_384' title='bbox 1215 3219 1273 3260; x_wconf 86' lang='lat' dir='ltr'>rer.</span> <span class='ocrx_word' id='word_1_385' title='bbox 1301 3202 1509 3265; x_wconf 86' lang='lat' dir='ltr'>Gerrnanicar.</span> <span class='ocrx_word' id='word_1_386' title='bbox 1530 3222 1587 3282; x_wconf 89' lang='lat' dir='ltr'>pag.</span> 
     </span>
     <span class='ocr_line' id='line_1_50' title="bbox 876 3291 1585 3375; baseline 0.017 -25"><span class='ocrx_word' id='word_1_387' title='bbox 876 3292 943 3350; x_wconf 87' lang='grc'><strong>440.</strong></span> <span class='ocrx_word' id='word_1_388' title='bbox 960 3291 1019 3352; x_wconf 89' lang='lat' dir='ltr'>Sed</span> <span class='ocrx_word' id='word_1_389' title='bbox 1040 3292 1071 3352; x_wconf 85' lang='lat' dir='ltr'>io</span> <span class='ocrx_word' id='word_1_390' title='bbox 1096 3299 1283 3354; x_wconf 76' lang='lat' dir='ltr'>contrariom</span> <span class='ocrx_word' id='word_1_391' title='bbox 1305 3301 1341 3355; x_wconf 86' lang='lat' dir='ltr'>ot</span> <span class='ocrx_word' id='word_1_392' title='bbox 1366 3313 1418 3375; x_wconf 79' lang='grc'>090</span> <span class='ocrx_word' id='word_1_393' title='bbox 1443 3300 1585 3362; x_wconf 71' lang='lat' dir='ltr'>seutiam.</span> 
     </span>
     <span class='ocr_line' id='line_1_51' title="bbox 872 3384 1585 3462; baseline 0.008 -19"><span class='ocrx_word' id='word_1_394' title='bbox 872 3386 1046 3462; x_wconf 84' lang='lat' dir='ltr'>Meginirldi‚</span> <span class='ocrx_word' id='word_1_395' title='bbox 1058 3384 1255 3460; x_wconf 80' lang='lat' dir='ltr'>solidissimae</span> <span class='ocrx_word' id='word_1_396' title='bbox 1266 3388 1463 3452; x_wconf 82' lang='lat' dir='ltr'>authoritatis</span> <span class='ocrx_word' id='word_1_397' title='bbox 1477 3392 1539 3453; x_wconf 88' lang='lat' dir='ltr'>oiri</span> <span class='ocrx_word' id='word_1_398' title='bbox 1547 3406 1585 3449; x_wconf 85' lang='lat' dir='ltr'>me</span> 
     </span>
    </p>
   </div>
   <div class='ocr_carea' id='block_1_5' title="bbox 94 3477 1585 5034">
    <p class='ocr_par' dir='ltr' id='par_1_6' title="bbox 94 3477 1585 4772">
     <span class='ocr_line' id='line_1_52' title="bbox 95 3477 1584 3565; baseline 0.001 -25"><span class='ocrx_word' id='word_1_399' title='bbox 95 3480 193 3542; x_wconf 87' lang='lat' dir='ltr'>iidem.</span> <span class='ocrx_word' id='word_1_400' title='bbox 207 3478 332 3539; x_wconf 86' lang='lat' dir='ltr'>dederat</span> <span class='ocrx_word' id='word_1_401' title='bbox 354 3480 382 3538; x_wconf 95' lang='lat' dir='ltr'>in</span> <span class='ocrx_word' id='word_1_402' title='bbox 405 3479 562 3556; x_wconf 93' lang='lat' dir='ltr'>prodromo</span> <span class='ocrx_word' id='word_1_403' title='bbox 584 3478 631 3538; x_wconf 90' lang='lat' dir='ltr'>hic</span> <span class='ocrx_word' id='word_1_404' title='bbox 653 3496 669 3537; x_wconf 91' lang='lat' dir='ltr'>a</span> <span class='ocrx_word' id='word_1_405' title='bbox 687 3478 819 3538; x_wconf 88' lang='lat' dir='ltr'>Fabricio</span> <span class='ocrx_word' id='word_1_406' title='bbox 873 3477 1019 3559; x_wconf 82' lang='lat' dir='ltr'>compellit</span> <span class='ocrx_word' id='word_1_407' title='bbox 1047 3479 1231 3542; x_wconf 85' lang='lat' dir='ltr'>adamussim</span> <span class='ocrx_word' id='word_1_408' title='bbox 1247 3484 1402 3562; x_wconf 70' lang='lat' dir='ltr'>exquisito</span> <span class='ocrx_word' id='word_1_409' title='bbox 1420 3485 1584 3565; x_wconf 75' lang='lat' dir='ltr'>diligeretur,</span> 
     </span>
     <span class='ocr_line' id='line_1_53' title="bbox 95 3569 1585 3654; baseline 0.003 -21"><span class='ocrx_word' id='word_1_410' title='bbox 95 3573 233 3635; x_wconf 90' lang='lat' dir='ltr'>iudicato.</span> <span class='ocrx_word' id='word_1_411' title='bbox 257 3576 368 3634; x_wconf 90' lang='lat' dir='ltr'>Lucem</span> <span class='ocrx_word' id='word_1_412' title='bbox 401 3573 553 3650; x_wconf 88' lang='lat' dir='ltr'>publicam</span> <span class='ocrx_word' id='word_1_413' title='bbox 575 3573 695 3649; x_wconf 85' lang='lat' dir='ltr'>aspexit</span> <span class='ocrx_word' id='word_1_414' title='bbox 716 3569 817 3631; x_wconf 91' lang='lat' dir='ltr'>lauda·</span> <span class='ocrx_word' id='word_1_415' title='bbox 871 3573 927 3653; x_wconf 82' lang='lat' dir='ltr'>qui</span> <span class='ocrx_word' id='word_1_416' title='bbox 940 3572 1121 3654; x_wconf 83' lang='lat' dir='ltr'>temporibus</span> <span class='ocrx_word' id='word_1_417' title='bbox 1138 3576 1250 3636; x_wconf 82' lang='lat' dir='ltr'>Ottnm&#39;s</span> <span class='ocrx_word' id='word_1_418' title='bbox 1267 3578 1390 3637; x_wconf 82' lang='lat' dir='ltr'>secundi</span> <span class='ocrx_word' id='word_1_419' title='bbox 1403 3585 1433 3639; x_wconf 89' lang='lat' dir='ltr'>et</span> <span class='ocrx_word' id='word_1_420' title='bbox 1443 3582 1527 3641; x_wconf 83' lang='lat' dir='ltr'>tertii</span> <span class='ocrx_word' id='word_1_421' title='bbox 1535 3581 1585 3638; x_wconf 86' lang='lat' dir='ltr'>lm-</span> 
     </span>
     <span class='ocr_line' id='line_1_54' title="bbox 94 3663 1584 3746; baseline 0.003 -19"><span class='ocrx_word' id='word_1_422' title='bbox 94 3670 246 3729; x_wconf 89' lang='lat' dir='ltr'>tissimum</span> <span class='ocrx_word' id='word_1_423' title='bbox 278 3683 354 3744; x_wconf 92' lang='lat' dir='ltr'>opus</span> <span class='ocrx_word' id='word_1_424' title='bbox 383 3664 538 3726; x_wconf 87' lang='lat' dir='ltr'>Mediolani</span> <span class='ocrx_word' id='word_1_425' title='bbox 567 3682 614 3725; x_wconf 92' lang='lat' dir='ltr'>an.</span> <span class='ocrx_word' id='word_1_426' title='bbox 638 3663 727 3741; x_wconf 77' lang='lat' dir='ltr'>rats.</span> <span class='ocrx_word' id='word_1_427' title='bbox 748 3671 779 3723; x_wconf 91' lang='grc'>04</span> <span class='ocrx_word' id='word_1_428' title='bbox 800 3680 817 3723; x_wconf 89' lang='grc'>0</span> <span class='ocrx_word' id='word_1_429' title='bbox 868 3673 1045 3746; x_wconf 85' lang='lat' dir='ltr'>peratorum</span> <span class='ocrx_word' id='word_1_430' title='bbox 1063 3669 1226 3729; x_wconf 84' lang='lat' dir='ltr'>monachus</span> <span class='ocrx_word' id='word_1_431' title='bbox 1242 3669 1359 3730; x_wconf 82' lang='lat' dir='ltr'>Falrloe</span> <span class='ocrx_word' id='word_1_432' title='bbox 1376 3674 1482 3734; x_wconf 84' lang='lat' dir='ltr'>vivens</span> <span class='ocrx_word' id='word_1_433' title='bbox 1499 3677 1527 3732; x_wconf 87' lang='lat' dir='ltr'>io</span> <span class='ocrx_word' id='word_1_434' title='bbox 1540 3672 1584 3731; x_wconf 87' lang='lat' dir='ltr'>ho·</span> 
     </span>
     <span class='ocr_line' id='line_1_55' title="bbox 94 3756 1583 3837; baseline 0.005 -16"><span class='ocrx_word' id='word_1_435' title='bbox 94 3766 200 3837; x_wconf 90' lang='lat' dir='ltr'>coepta</span> <span class='ocrx_word' id='word_1_436' title='bbox 232 3758 385 3818; x_wconf 91' lang='lat' dir='ltr'>Mediolani</span> <span class='ocrx_word' id='word_1_437' title='bbox 417 3757 625 3836; x_wconf 79' lang='lat' dir='ltr'>Typograpbia</span> <span class='ocrx_word' id='word_1_438' title='bbox 647 3756 674 3815; x_wconf 93' lang='lat' dir='ltr'>id</span> <span class='ocrx_word' id='word_1_439' title='bbox 708 3762 756 3829; x_wconf 81' lang='lat' dir='ltr'>est</span> <span class='ocrx_word' id='word_1_440' title='bbox 780 3756 817 3816; x_wconf 91' lang='lat' dir='ltr'>ab</span> <span class='ocrx_word' id='word_1_441' title='bbox 871 3760 1097 3837; x_wconf 80' lang='lat' dir='ltr'>morir&#39;s,libros</span> <span class='ocrx_word' id='word_1_442' title='bbox 1116 3765 1223 3822; x_wconf 78' lang='lat' dir='ltr'>xxiv.</span> <span class='ocrx_word' id='word_1_443' title='bbox 1243 3763 1436 3826; x_wconf 90' lang='lat' dir='ltr'>historiarum</span> <span class='ocrx_word' id='word_1_444' title='bbox 1460 3770 1497 3827; x_wconf 91' lang='grc'>40</span> <span class='ocrx_word' id='word_1_445' title='bbox 1519 3777 1583 3827; x_wconf 88' lang='lat' dir='ltr'>tem·</span> 
     </span>
     <span class='ocr_line' id='line_1_56' title="bbox 96 3850 1582 3940; baseline 0.003 -29"><span class='ocrx_word' id='word_1_446' title='bbox 96 3852 152 3911; x_wconf 91' lang='lat' dir='ltr'>An.</span> <span class='ocrx_word' id='word_1_447' title='bbox 176 3851 263 3911; x_wconf 84' lang='grc'><strong>4465.</strong></span> <span class='ocrx_word' id='word_1_448' title='bbox 286 3851 334 3907; x_wconf 89' lang='lat' dir='ltr'>vel</span> <span class='ocrx_word' id='word_1_449' title='bbox 358 3851 445 3909; x_wconf 86' lang='grc'><strong>4409.</strong></span> <span class='ocrx_word' id='word_1_450' title='bbox 467 3850 505 3911; x_wconf 89' lang='grc'>04</span> <span class='ocrx_word' id='word_1_451' title='bbox 526 3868 575 3910; x_wconf 87' lang='grc'>00.</span> <span class='ocrx_word' id='word_1_452' title='bbox 607 3866 704 3927; x_wconf 86' lang='lat' dir='ltr'>usque</span> <span class='ocrx_word' id='word_1_453' title='bbox 728 3850 815 3910; x_wconf 86' lang='lat' dir='ltr'>l500.</span> <span class='ocrx_word' id='word_1_454' title='bbox 872 3853 995 3931; x_wconf 91' lang='lat' dir='ltr'>poribus</span> <span class='ocrx_word' id='word_1_455' title='bbox 1012 3853 1133 3915; x_wconf 82' lang='lat' dir='ltr'>Gratiae</span> <span class='ocrx_word' id='word_1_456' title='bbox 1150 3857 1330 3936; x_wconf 82' lang='lat' dir='ltr'>composuit,</span> <span class='ocrx_word' id='word_1_457' title='bbox 1350 3861 1382 3917; x_wconf 86' lang='lat' dir='ltr'>io</span> <span class='ocrx_word' id='word_1_458' title='bbox 1403 3859 1515 3940; x_wconf 80' lang='lat' dir='ltr'>quibos</span> <span class='ocrx_word' id='word_1_459' title='bbox 1536 3857 1582 3918; x_wconf 90' lang='lat' dir='ltr'>ali·</span> 
     </span>
     <span class='ocr_line' id='line_1_57' title="bbox 96 3941 1582 4031; baseline 0.008 -32"><span class='ocrx_word' id='word_1_460' title='bbox 96 3941 280 4020; x_wconf 87' lang='lat' dir='ltr'>perducitur.</span> <span class='ocrx_word' id='word_1_461' title='bbox 309 3942 465 4002; x_wconf 88' lang='lat' dir='ltr'>Accedunt</span> <span class='ocrx_word' id='word_1_462' title='bbox 496 3943 669 4020; x_wconf 87' lang='lat' dir='ltr'>appendicis</span> <span class='ocrx_word' id='word_1_463' title='bbox 700 3943 764 4004; x_wconf 88' lang='grc'><strong>4000</strong></span> <span class='ocrx_word' id='word_1_464' title='bbox 786 3947 814 4001; x_wconf 87' lang='grc'>40</span> <span class='ocrx_word' id='word_1_465' title='bbox 872 3952 917 4006; x_wconf 89' lang='lat' dir='ltr'>ter</span> <span class='ocrx_word' id='word_1_466' title='bbox 933 3945 1025 4007; x_wconf 85' lang='lat' dir='ltr'>molto</span> <span class='ocrx_word' id='word_1_467' title='bbox 1043 3949 1136 4008; x_wconf 84' lang='lat' dir='ltr'>sensit</span> <span class='ocrx_word' id='word_1_468' title='bbox 1150 3967 1187 4011; x_wconf 88' lang='lat' dir='ltr'>oe</span> <span class='ocrx_word' id='word_1_469' title='bbox 1203 3951 1327 4030; x_wconf 86' lang='lat' dir='ltr'>scripsit</span> <span class='ocrx_word' id='word_1_470' title='bbox 1343 3970 1435 4031; x_wconf 82' lang='lat' dir='ltr'>quom</span> <span class='ocrx_word' id='word_1_471' title='bbox 1455 3961 1582 4015; x_wconf 80' lang='lat' dir='ltr'>oacmrrs</span> 
     </span>
     <span class='ocr_line' id='line_1_58' title="bbox 98 4032 1582 4115; baseline 0.007 -22"><span class='ocrx_word' id='word_1_472' title='bbox 98 4034 158 4093; x_wconf 88' lang='grc'><strong>4400</strong></span> <span class='ocrx_word' id='word_1_473' title='bbox 175 4032 319 4110; x_wconf 90' lang='lat' dir='ltr'>epistolae</span> <span class='ocrx_word' id='word_1_474' title='bbox 336 4032 429 4108; x_wconf 80' lang='lat' dir='ltr'>duae,</span> <span class='ocrx_word' id='word_1_475' title='bbox 443 4054 570 4110; x_wconf 86' lang='lat' dir='ltr'>quarum</span> <span class='ocrx_word' id='word_1_476' title='bbox 589 4040 668 4115; x_wconf 88' lang='lat' dir='ltr'>prior</span> <span class='ocrx_word' id='word_1_477' title='bbox 684 4042 732 4095; x_wconf 84' lang='lat' dir='ltr'>est</span> <span class='ocrx_word' id='word_1_478' title='bbox 744 4037 818 4097; x_wconf 88' lang='lat' dir='ltr'>Car·</span> <span class='ocrx_word' id='word_1_479' title='bbox 872 4040 980 4101; x_wconf 81' lang='grc'><strong>4000444</strong></span> <span class='ocrx_word' id='word_1_480' title='bbox 995 4059 1095 4101; x_wconf 76' lang='lat' dir='ltr'>amires</span> <span class='ocrx_word' id='word_1_481' title='bbox 1118 4045 1285 4104; x_wconf 88' lang='lat' dir='ltr'>memorati.</span> <span class='ocrx_word' id='word_1_482' title='bbox 1307 4048 1366 4106; x_wconf 89' lang='lat' dir='ltr'>llos</span> <span class='ocrx_word' id='word_1_483' title='bbox 1388 4047 1481 4109; x_wconf 89' lang='lat' dir='ltr'>libros</span> <span class='ocrx_word' id='word_1_484' title='bbox 1506 4063 1582 4109; x_wconf 88' lang='lat' dir='ltr'>nemo</span> 
     </span>
     <span class='ocr_line' id='line_1_59' title="bbox 98 4122 1582 4216; baseline 0.011 -33"><span class='ocrx_word' id='word_1_485' title='bbox 98 4123 207 4184; x_wconf 91' lang='lat' dir='ltr'>diualis</span> <span class='ocrx_word' id='word_1_486' title='bbox 223 4122 339 4192; x_wconf 90' lang='lat' dir='ltr'>Quirini</span> <span class='ocrx_word' id='word_1_487' title='bbox 361 4123 397 4181; x_wconf 93' lang='lat' dir='ltr'>ad</span> <span class='ocrx_word' id='word_1_488' title='bbox 416 4125 538 4186; x_wconf 80' lang='lat' dir='ltr'>Satrium</span> <span class='ocrx_word' id='word_1_489' title='bbox 561 4128 598 4189; x_wconf 92' lang='lat' dir='ltr'>de</span> <span class='ocrx_word' id='word_1_490' title='bbox 616 4130 816 4189; x_wconf 83' lang='lat' dir='ltr'>Brixicnsium</span> <span class='ocrx_word' id='word_1_491' title='bbox 870 4133 989 4204; x_wconf 85' lang='lat' dir='ltr'>adbuc,</span> <span class='ocrx_word' id='word_1_492' title='bbox 1006 4135 1085 4211; x_wconf 86' lang='lat' dir='ltr'>quod</span> <span class='ocrx_word' id='word_1_493' title='bbox 1102 4140 1194 4197; x_wconf 88' lang='lat' dir='ltr'>sciam</span> <span class='ocrx_word' id='word_1_494' title='bbox 1215 4140 1338 4216; x_wconf 89' lang='lat' dir='ltr'>protulit</span> <span class='ocrx_word' id='word_1_495' title='bbox 1353 4143 1381 4199; x_wconf 91' lang='lat' dir='ltr'>iu</span> <span class='ocrx_word' id='word_1_496' title='bbox 1399 4142 1520 4213; x_wconf 83' lang='lat' dir='ltr'>lucem,</span> <span class='ocrx_word' id='word_1_497' title='bbox 1540 4157 1582 4200; x_wconf 85' lang='grc'>00</span> 
     </span>
     <span class='ocr_line' id='line_1_60' title="bbox 97 4216 1579 4303; baseline 0.01 -27"><span class='ocrx_word' id='word_1_498' title='bbox 97 4232 223 4277; x_wconf 87' lang='grc'><strong>0004004</strong></span> <span class='ocrx_word' id='word_1_499' title='bbox 243 4216 272 4272; x_wconf 87' lang='grc'>40</span> <span class='ocrx_word' id='word_1_500' title='bbox 293 4230 324 4272; x_wconf 90' lang='grc'>40</span> <span class='ocrx_word' id='word_1_501' title='bbox 340 4218 551 4293; x_wconf 76' lang='lat' dir='ltr'>typographica</span> <span class='ocrx_word' id='word_1_502' title='bbox 570 4224 705 4296; x_wconf 82' lang='lat' dir='ltr'>meritis;</span> <span class='ocrx_word' id='word_1_503' title='bbox 722 4222 815 4280; x_wconf 84' lang='lat' dir='ltr'>altera</span> <span class='ocrx_word' id='word_1_504' title='bbox 870 4243 929 4303; x_wconf 88' lang='lat' dir='ltr'>quc</span> <span class='ocrx_word' id='word_1_505' title='bbox 951 4230 1024 4287; x_wconf 89' lang='lat' dir='ltr'>satis</span> <span class='ocrx_word' id='word_1_506' title='bbox 1042 4229 1113 4288; x_wconf 90' lang='lat' dir='ltr'>mihi</span> <span class='ocrx_word' id='word_1_507' title='bbox 1130 4239 1249 4291; x_wconf 88' lang='lat' dir='ltr'>constat</span> <span class='ocrx_word' id='word_1_508' title='bbox 1274 4236 1313 4292; x_wconf 90' lang='lat' dir='ltr'>sit</span> <span class='ocrx_word' id='word_1_509' title='bbox 1332 4252 1370 4293; x_wconf 91' lang='grc'>00</span> <span class='ocrx_word' id='word_1_510' title='bbox 1388 4237 1426 4295; x_wconf 90' lang='lat' dir='ltr'>ab</span> <span class='ocrx_word' id='word_1_511' title='bbox 1444 4238 1579 4298; x_wconf 86' lang='lat' dir='ltr'>Chronico</span> 
     </span>
     <span class='ocr_line' id='line_1_61' title="bbox 98 4305 1578 4393; baseline 0.013 -23"><span class='ocrx_word' id='word_1_512' title='bbox 98 4309 191 4381; x_wconf 80' lang='lat' dir='ltr'>Sosii,</span> <span class='ocrx_word' id='word_1_513' title='bbox 213 4322 275 4384; x_wconf 90' lang='lat' dir='ltr'>qua</span> <span class='ocrx_word' id='word_1_514' title='bbox 296 4305 337 4365; x_wconf 88' lang='lat' dir='ltr'>illi</span> <span class='ocrx_word' id='word_1_515' title='bbox 359 4310 527 4383; x_wconf 89' lang='lat' dir='ltr'>respondet.</span> <span class='ocrx_word' id='word_1_516' title='bbox 551 4313 701 4393; x_wconf 86' lang='lat' dir='ltr'>lutegranr</span> <span class='ocrx_word' id='word_1_517' title='bbox 723 4316 814 4373; x_wconf 88' lang='lat' dir='ltr'>etiam</span> <span class='ocrx_word' id='word_1_518' title='bbox 871 4317 1091 4381; x_wconf 86' lang='lat' dir='ltr'>hoccediversa</span> <span class='ocrx_word' id='word_1_519' title='bbox 1107 4322 1232 4383; x_wconf 84' lang='lat' dir='ltr'>historio</span> <span class='ocrx_word' id='word_1_520' title='bbox 1245 4325 1403 4389; x_wconf 82' lang='lat' dir='ltr'>Fuldensrs</span> <span class='ocrx_word' id='word_1_521' title='bbox 1417 4325 1578 4390; x_wconf 78' lang='lat' dir='ltr'>monasteri</span> 
     </span>
     <span class='ocr_line' id='line_1_62' title="bbox 98 4397 1579 4499; baseline 0.013 -41"><span class='ocrx_word' id='word_1_522' title='bbox 98 4401 284 4477; x_wconf 86' lang='lat' dir='ltr'>Scriptorum</span> <span class='ocrx_word' id='word_1_523' title='bbox 306 4397 571 4499; x_wconf 80' lang='lat' dir='ltr'>Mediolanensiuni</span> <span class='ocrx_word' id='word_1_524' title='bbox 603 4406 814 4466; x_wconf 83' lang='lat' dir='ltr'>Bibliothecam</span> <span class='ocrx_word' id='word_1_525' title='bbox 870 4427 961 4487; x_wconf 88' lang='lat' dir='ltr'>quam</span> <span class='ocrx_word' id='word_1_526' title='bbox 981 4412 1058 4473; x_wconf 85' lang='lat' dir='ltr'>idem</span> <span class='ocrx_word' id='word_1_527' title='bbox 1072 4416 1579 4497; x_wconf 76' lang='lat' dir='ltr'>TritlremiusaitMeginlridumire</span> 
     </span>
     <span class='ocr_line' id='line_1_63' title="bbox 96 4487 1577 4594; baseline 0.013 -42"><span class='ocrx_word' id='word_1_528' title='bbox 96 4491 245 4553; x_wconf 87' lang='lat' dir='ltr'>habemus</span> <span class='ocrx_word' id='word_1_529' title='bbox 260 4487 398 4592; x_wconf 80' lang='lat' dir='ltr'>traditam</span> <span class='ocrx_word' id='word_1_530' title='bbox 421 4511 438 4551; x_wconf 90' lang='lat' dir='ltr'>a</span> <span class='ocrx_word' id='word_1_531' title='bbox 458 4494 495 4554; x_wconf 89' lang='lat' dir='ltr'>el.</span> <span class='ocrx_word' id='word_1_532' title='bbox 517 4497 652 4575; x_wconf 88' lang='lat' dir='ltr'>Philippo</span> <span class='ocrx_word' id='word_1_533' title='bbox 666 4497 815 4575; x_wconf 85' lang='lat' dir='ltr'>Argelati,</span> <span class='ocrx_word' id='word_1_534' title='bbox 869 4507 915 4562; x_wconf 87' lang='lat' dir='ltr'>ter</span> <span class='ocrx_word' id='word_1_535' title='bbox 929 4510 1048 4566; x_wconf 86' lang='lat' dir='ltr'>coetero</span> <span class='ocrx_word' id='word_1_536' title='bbox 1062 4507 1170 4586; x_wconf 76' lang='lat' dir='ltr'>r&#39;ngenii</span> <span class='ocrx_word' id='word_1_537' title='bbox 1181 4510 1233 4569; x_wconf 79' lang='lat' dir='ltr'>soi</span> <span class='ocrx_word' id='word_1_538' title='bbox 1243 4512 1388 4591; x_wconf 81' lang='lat' dir='ltr'>opusculo</span> <span class='ocrx_word' id='word_1_539' title='bbox 1399 4517 1577 4594; x_wconf 80' lang='lat' dir='ltr'>complerunt</span> 
     </span>
     <span class='ocr_line' id='line_1_64' title="bbox 94 4579 1577 4688; baseline 0.013 -45"><span class='ocrx_word' id='word_1_540' title='bbox 94 4598 241 4688; x_wconf 81' lang='lat' dir='ltr'>excusam</span> <span class='ocrx_word' id='word_1_541' title='bbox 273 4579 427 4641; x_wconf 83' lang='lat' dir='ltr'>Mediolani</span> <span class='ocrx_word' id='word_1_542' title='bbox 449 4603 498 4645; x_wconf 91' lang='grc'>00.</span> <span class='ocrx_word' id='word_1_543' title='bbox 531 4591 619 4653; x_wconf 85' lang='grc'><strong>4745.</strong></span> <span class='ocrx_word' id='word_1_544' title='bbox 643 4592 710 4666; x_wconf 86' lang='grc'><strong>(000</strong></span> <span class='ocrx_word' id='word_1_545' title='bbox 744 4607 813 4671; x_wconf 84' lang='lat' dir='ltr'>eum</span> <span class='ocrx_word' id='word_1_546' title='bbox 868 4596 1577 4682; x_wconf 87' lang='lat' dir='ltr'>diligenter,Abbatessingulassecuudumor-</span> 
     </span>
     <span class='ocr_line' id='line_1_65' title="bbox 96 4671 1576 4772; baseline 0.014 -35"><span class='ocrx_word' id='word_1_547' title='bbox 96 4676 176 4737; x_wconf 84' lang='lat' dir='ltr'>Saxa</span> <span class='ocrx_word' id='word_1_548' title='bbox 199 4673 259 4750; x_wconf 88' lang='lat' dir='ltr'>op.)</span> <span class='ocrx_word' id='word_1_549' title='bbox 276 4671 335 4731; x_wconf 86' lang='lat' dir='ltr'>vol.</span> <span class='ocrx_word' id='word_1_550' title='bbox 359 4672 386 4731; x_wconf 88' lang='grc'>4.</span> <span class='ocrx_word' id='word_1_551' title='bbox 403 4677 432 4734; x_wconf 88' lang='grc'>40</span> <span class='ocrx_word' id='word_1_552' title='bbox 456 4678 505 4740; x_wconf 90' lang='grc'><strong>404.</strong></span> <span class='ocrx_word' id='word_1_553' title='bbox 868 4687 968 4751; x_wconf 90' lang='lat' dir='ltr'>dinem</span> <span class='ocrx_word' id='word_1_554' title='bbox 994 4698 1136 4772; x_wconf 89' lang='lat' dir='ltr'>temporis</span> <span class='ocrx_word' id='word_1_555' title='bbox 1154 4697 1208 4756; x_wconf 90' lang='lat' dir='ltr'>sibi</span> <span class='ocrx_word' id='word_1_556' title='bbox 1227 4698 1398 4761; x_wconf 89' lang='lat' dir='ltr'>adinvicem</span> <span class='ocrx_word' id='word_1_557' title='bbox 1428 4701 1576 4764; x_wconf 85' lang='lat' dir='ltr'>succeden-</span> 
     </span>
    </p>

    <p class='ocr_par' dir='ltr' id='par_1_7' title="bbox 133 4764 1573 4875">
     <span class='ocr_line' id='line_1_66' title="bbox 133 4764 1573 4875; baseline 0.022 -47"><span class='ocrx_word' id='word_1_558' title='bbox 133 4764 489 4875; x_wconf 77' lang='lat' dir='ltr'>JoooeesMEEllHOUT.</span> <span class='ocrx_word' id='word_1_559' title='bbox 501 4774 599 4857; x_wconf 87' lang='lat' dir='ltr'>Supra</span> <span class='ocrx_word' id='word_1_560' title='bbox 612 4785 633 4836; x_wconf 92' lang='lat' dir='ltr'>t.</span> <span class='ocrx_word' id='word_1_561' title='bbox 647 4775 693 4834; x_wconf 84' lang='lat' dir='ltr'>lV.</span> <span class='ocrx_word' id='word_1_562' title='bbox 705 4791 734 4853; x_wconf 88' lang='lat' dir='ltr'>p.</span> <span class='ocrx_word' id='word_1_563' title='bbox 745 4775 812 4837; x_wconf 84' lang='lat'>388.</span> <span class='ocrx_word' id='word_1_564' title='bbox 868 4791 916 4844; x_wconf 91' lang='grc'>400</span> <span class='ocrx_word' id='word_1_565' title='bbox 948 4786 1131 4865; x_wconf 86' lang='grc'><strong>4000404000,</strong></span> <span class='ocrx_word' id='word_1_566' title='bbox 1153 4798 1185 4850; x_wconf 83' lang='grc'>04</span> <span class='ocrx_word' id='word_1_567' title='bbox 1207 4795 1298 4854; x_wconf 88' lang='grc'><strong>00400</strong></span> <span class='ocrx_word' id='word_1_568' title='bbox 1329 4795 1478 4875; x_wconf 85' lang='lat' dir='ltr'>cujusque</span> <span class='ocrx_word' id='word_1_569' title='bbox 1501 4799 1573 4875; x_wconf 64' lang='lat' dir='ltr'>gestu</span> 
     </span>
    </p>

    <p class='ocr_par' dir='ltr' id='par_1_8' title="bbox 134 4856 1573 4974">
     <span class='ocr_line' id='line_1_67' title="bbox 134 4856 1573 4974; baseline 0.027 -57"><span class='ocrx_word' id='word_1_570' title='bbox 134 4856 353 4933; x_wconf 69' lang='lat' dir='ltr'>uersuum,</span> <span class='ocrx_word' id='word_1_571' title='bbox 368 4857 559 4953; x_wconf 82' lang='lat' dir='ltr'>Germanus,</span> <span class='ocrx_word' id='word_1_572' title='bbox 578 4867 740 4948; x_wconf 79' lang='lat' dir='ltr'>Presbyter</span> <span class='ocrx_word' id='word_1_573' title='bbox 761 4873 811 4932; x_wconf 89' lang='lat' dir='ltr'>Mi·</span> <span class='ocrx_word' id='word_1_574' title='bbox 866 4878 997 4940; x_wconf 87' lang='lat' dir='ltr'>breviter</span> <span class='ocrx_word' id='word_1_575' title='bbox 1014 4887 1230 4946; x_wconf 86' lang='lat' dir='ltr'>annotavisse:</span> <span class='ocrx_word' id='word_1_576' title='bbox 1249 4903 1354 4950; x_wconf 79' lang='lat' dir='ltr'>comm</span> <span class='ocrx_word' id='word_1_577' title='bbox 1371 4908 1487 4974; x_wconf 77' lang='lat' dir='ltr'>qaoque</span> <span class='ocrx_word' id='word_1_578' title='bbox 1514 4891 1573 4954; x_wconf 73' lang='lat' dir='ltr'>CM·</span> 
     </span>
    </p>

    <p class='ocr_par' dir='ltr' id='par_1_9' title="bbox 571 4982 596 5034">
     <span class='ocr_line' id='line_1_68' title="bbox 571 4982 596 5034; baseline 0 0"><span class='ocrx_word' id='word_1_579' title='bbox 571 4982 596 5034; x_wconf 65' lang='grc' dir='ltr'>Ο</span> 
     </span>
    </p>
   </div>
   <div class='ocr_carea' id='block_1_6' title="bbox 0 0 1688 5362">
    <p class='ocr_par' dir='ltr' id='par_1_10' title="bbox 0 0 1688 5362">
     <span class='ocr_line' id='line_1_69' title="bbox 0 0 1688 5362; baseline 0 1"><span class='ocrx_word' id='word_1_580' title='bbox 0 0 1688 5362; x_wconf 95' lang='lat' dir='ltr'> </span> 
     </span>
    </p>
   </div>
  </div>
 </body>
</html>
