3622 5406
271 209 332 268 448
853 207 1203 268 certauerit

271 331 342 376 cum
365 313 548 373 immortuus
574 311 735 373 Petrercha
769 313 885 374 luisset.
919 317 994 394 800-
1052 316 1128 376 iiber
1148 317 1281 394 scriptus
1303 322 1351 376 est
1372 314 1411 376 od
1429 317 1731 394 Sapromornmdei’c

267 405 448 487 plementum
466 403 581 466 addidit
597 411 629 465 et
643 403 740 466 eidem
761 408 905 468 Patavina
922 410 996 469 Daci
1050 408 1166 482 meniis,
1187 410 1214 485 0)
1235 427 1273 470 ex
1295 409 1397 488 equite
1417 416 1547 470 armatae
1568 411 1673 472 miiitiae
1689 415 1735 472 lio

272 500 424 561 dedicavit
441 494 671 560 somniantis
688 497 725 558 de
738 497 858 560 Siriebo
876 502 994 561 Patavi·
1051 504 1181 565 00044004
1205 503 1468 572 cisterciensem.)
1488 501 1674 580 Epistolerum
1692 521 1734 563 va-

274 611 353 670 nus,
374 592 454 670 quod
475 590 626 669 capitibus
649 591 733 652 xxi.
755 592 945 664 absolvitur,
967 592 995 669 4)
1050 599 1164 658 riarum
1188 597 1274 662 LVii.
1296 595 1333 656 ad
1355 593 1504 656 andream
1526 596 1677 658 4400404040
1695 596 1736 655 444-

273 686 310 746 de
330 683 503 746 Alexandro
525 685 561 744 ii.
579 683 608 761 4)
628 684 744 762 Pyrrho
761 684 839 764 liege
861 687 995 763 Epirote·
1051 705 1149 768 osque
1172 689 1247 750 liber
1269 705 1358 750 0000.
1380 690 1440 750 iiae
1454 689 1636 750 collectiones
1652 703 1736 747 omues

272 795 359 851 rum,
382 779 409 852 3)
435 777 601 838 Hannibale
633 778 801 838 Poenorum
833 780 936 854 Duce,
969 777 996 853 4)
1053 783 1259 863 Epistoiarum
1278 782 1469 843 ¹Petrarcirae
1498 797 1616 844 recusae
1631 780 1736 856 iunctim
1803 783 1804 788 ’

271 871 306 943 Q.
327 871 415 932 Fabio
431 871 571 945 44044400,
595 873 788 933 cunctatore.
811 873 838 939 iil
852 874 890 933 li.
909 872 998 932 Clau·
1053 877 1170 938 Gener.
1194 877 1284 939 46444.
1313 877 1341 935 8.
1374 872 1594 937 4000400440
1620 871 1738 936 Carnium
1802 899 1804 986 0

272 963 321 1026 dio
342 963 492 1026 Marcello·
516 963 550 1040 6)
568 964 831 1025 (4100ᾱί0·Νο4000
852 970 884 1024 el
915 965 997 1024 Livio
1054 971 1105 1030 iV.
1128 976 1162 1031 04
1183 970 1294 1030 italicis
1316 968 1406 1028 rebus
1425 970 1570 1028 maturius
1594 965 1738 1046 provideat,

271 1057 448 1118 Salinatore.
470 1054 498 1136 7)
523 1060 553 1118 Ρ.
577 1057 715 1136 Scipione
747 1058 887 1119 Cornelio
921 1058 998 1117 Airi·
1053 1071 1084 1123 et
1105 1063 1143 1123 de
1164 1063 1342 1124 excelientia
1364 1063 1450 1123 Urbis
1470 1059 1586 1122 Rornae.
1607 1063 1674 1120 iiaec
1692 1074 1739 1119 una
1803 1077 1804 1148 0

271 1166 348 1211 0000
369 1148 491 1228 majore.
515 1151 544 1226 8)
565 1153 602 1211 Μ.
626 1151 729 1212 Porcio
750 1152 864 1212 Catone
885 1151 998 1211 Censo·
1052 1173 1122 1218 cum
1156 1155 1223 1216 aliis
1256 1155 1434 1216 Petrarohae
1462 1154 1600 1232 Epistoiis
1619 1153 1686 1214 iiiV.
1711 1149 1742 1209 (ie
1803 1149 1804 1166 ¹

272 1244 338 1315 rio,
359 1243 386 1316 9)
408 1239 548 1302 Cornelio
581 1245 719 1322 Scipione
741 1244 870 1320 Nasica,
894 1245 942 1320 444)
964 1246 997 1303 Τ.
1051 1249 1170 1327 juribus
1192 1249 1311 1328 imperii
1333 1249 1455 1309 44040004
1476 1255 1507 1307 04
1527 1247 1637 1325 iniuriis
1665 1247 1742 1322 Papae
1803 1295 1804 1322 ,

262 1334 388 1406 Cularo
407 1335 565 1396 Flaminio.
582 1337 631 1411 li)
650 1339 681 1397 L.
693 1339 832 1416 Scipione
849 1337 997 1400 Airiaano.
1053 1349 1155 1403 exstat
1175 1344 1266 1403 etiam
1291 1344 1320 1402 in
1343 1341 1475 1403 Goidasti
1497 1339 1744 1414 iionarclriaimpe-

275 1429 325 1504 44)
347 1429 438 1489 Paulo
461 1429 581 1489 AEmiiio
603 1429 800 1491 Macedonico.
829 1431 875 1504 43)
898 1431 999 1492 Caeci·
1056 1439 1089 1496 rii
1113 1442 1135 1496 t.
1157 1438 1175 1496 3
1195 1453 1220 1514 0.
1238 1437 1326 1498 isio.
1341 1453 1405 1513 seq.
1418 1435 1465 1496 ubi
1480 1431 1631 1495 Petmrcha
1641 1433 1745 1490 vocatur
1802 1495 1804 1520 4

275 1523 314 1582 iio
335 1523 453 1584 Metello
474 1523 672 1584 iiacedonico.
698 1525 745 1601 44)
767 1526 905 1586 Cornelio
936 1526 999 1584 Sci·
1056 1530 1228 1590 Canonicas
1250 1528 1438 1612 Cethedraiis
1449 1527 1597 1590 Ecclesiae
1616 1523 1747 1585 Senensis.

274 1618 362 1693 pione
384 1614 547 1677 AEmiilano
582 1616 721 1677 44040000
743 1620 915 1696 posteriore.
950 1617 999 1694 45)
1096 1623 1144 1682 44.
1168 1623 1210 1682 De
1229 1621 1435 1701 sniipsirmet
1452 1617 1612 1680 maltorum
1628 1616 1746 1695 r'pnoron·
1803 1683 1804 1696 ἱ

277 1709 310 1768 C.
331 1709 431 1782 biario.
455 1709 501 1782 46)
524 1709 579 1770 Cn.
600 1709 705 1789 liagno
728 1709 875 1790 Pompeio.
897 1708 943 1789 47)
965 1711 999 1771 C.
1057 1717 1099 1777 tia
1131 1712 1205 1776 iiber
1236 1714 1272 1776 ad
1305 1714 1482 1776 contenti
1513 1713 1747 1791 Apeninigenam‚

272 1801 351 1862 40440
373 1802 500 1862 Caesare
519 1803 568 1876 48)
591 1801 728 1880 Augusto
749 1802 876 1864 Caesare
910 1801 1000 1864 Octa·
1055 1809 1302 1882 Grammaticum,
1315 1809 1474 1888 separatim
1493 1808 1579 1868 etiem
1602 1803 1693 1866 editus
1702 1800 1749 1860 Ge

274 1895 372 1954 vieno.
404 1892 452 1973 49)
485 1895 588 1955 Flavio
626 1897 821 1974 Vespasiano.
855 1896 903 1972 46)
934 1897 1000 1954 7440
1056 1919 1127 1960 nev.
1152 1901 1239 1960 4669.
1265 1903 1310 1962 44.

271 1987 374 2048 Flavio
396 1987 537 2048 Caesare.
555 1989 706 2067 Silliipio
719 1989 856 2066 Trajano.
868 1989 999 2048 Exstant
1096 1994 1144 2054 43,
1168 1994 1281 2055 Contra
1302 1992 1418 2054 Gallum
1441 1992 1543 2054 ordin,
1563 1991 1683 2052 cisterc.
1708 1985 1750 2062 qui

273 2095 344 2140 eum
367 2081 565 2158 scriptoribus
587 2082 654 2141 aliis
675 2081 713 2142 de
734 2081 882 2158 exemplis
899 2082 999 2141 Virtu-
1057 2085 1253 2147 maledixerat
1274 2088 1394 2160 italiae,
1416 2086 1564 2146 invectiva
1584 2082 1621 2144 ad
1649 2077 1754 2158 ligatio

273 2179 339 2232 tum
360 2180 395 2232 et
415 2174 583 2247 Vitiorum,
606 2174 697 2235 Basil.
721 2173 810 2235 4563.
834 2174 882 2234 404.
1057 2197 1126 2240 0040
1150 2179 1187 2238 de
1209 2179 1350 2253 Vhiems,
1372 2183 1562 2241 Decretorum
1592 2178 1754 2239 Doctorem.

314 2265 392 2343 (454.
415 2267 516 2327 italice
537 2264 675 2328 Polliono
697 2269 809 2346 (prope
829 2267 998 2342 Veronam)
1057 2273 1201 2333 nuncium
1230 2263 1417 2352 apostolicae
1438 2270 1532 2334 Sedis.
1549 2266 1679 2348 Epistola
1691 2260 1755 2323 Galli

280 2357 457 2419 litotes
484 2359 603 2446 Venetia
632 2359 722 2422 4547.
746 2362 774 2420 8.
792 2359 1002 2421 Ethancedit.
1058 2365 1138 2426 iliius
1167 2368 1390 2443 praemittitur,
1420 2381 1496 2443 quae
1527 2363 1651 2439 incipit:
1676 2358 1755 2418 440044

274 2451 364 2512 4476.
388 2452 466 2512 male
487 2452 641 2514 Fabricius
663 2452 699 2514 ad
719 2470 766 2534 op.
792 2452 923 2515 Granico
942 2459 1001 2514 eto.
1057 2459 1182 2540 quidam
1204 2455 1400 2521 descendebat
1415 2457 1453 2518 ab
1475 2453 1670 2518 nicanorem.

274 2541 349 2606 inira
372 2545 495 2621 refert.)
634 2549 637 2558 “
1096 2552 1146 2614 ai.
1169 2552 1214 2614 Ad
1237 2553 1423 2616 Clementem
1442 2552 1489 2611 Vi.
1506 2546 1686 2608 Medicorum
1703 2547 1758 2600 inr-

315 2640 362 2700 il.
386 2640 428 2698 De
442 2638 633 2718 pacificando
650 2639 761 2715 440440,
784 2639 962 2701 exhortatio.
1056 2643 1125 2706 44004
1143 2645 1317 2728 sapiendam
1338 2646 1485 2725 hortantis
1506 2640 1684 2705 Petrarcirao
1701 2633 1757 2712 epi·

315 2733 353 2792 44
387 2735 433 2793 43.
455 2732 503 2792 Ad
522 2739 640 2794 veteres
672 2737 823 2796 iiomanae
851 2732 931 2814 44440.
950 2732 998 2794 de·
1053 2740 1150 2813 stola,
1173 2757 1242 2800 eum
1277 2736 1363 2798 librr'e
1397 2741 1527 2816 pnaiaor
1553 2730 1759 2794 444040440οΜ

272 2811 424 2905 44040440,
441 2828 565 2887 Oratio:
589 2834 619 2887 et
641 2829 697 2888 aila
719 2826 755 2888 de
781 2824 918 2887 libertate
949 2843 998 2886 ca-
1053 2829 1084 2890 in
1103 2830 1249 2891 liiedicnm
1270 2829 1483 2910 objmponron.

273 2919 436 2996 pessenda.
1091 2923 1139 2984 45.
1161 2924 1313 3002 Epistoiae
1334 2925 1368 2983 V.
1389 2921 1424 2982 de
1443 2917 1583 2983 sumendo
1604 2921 1696 2996 04004
1720 2928 1762 2972 re

318 3013 363 3072 it.
375 3011 510 3074 Historia
530 3011 710 3088 Grr'selidm,
728 3013 793 3072 siva
809 3010 845 3072 de
862 3009 996 3073 obedien·
1051 3020 1136 3093 cepta
1154 3013 1274 3075 laurea.

274 3101 317 3162 iio
333 3102 426 3182 etfide
440 3104 575 3181 naaria,
593 3106 717 3164 ioannis
739 3106 871 3165 Boccacii
895 3105 997 3164 novei-
1094 3109 1142 3168 46.
1161 3105 1367 3170 Bucolicorum
1384 3105 1501 3186 4040004
1519 3104 1587 3166 xii.
1603 3103 1697 3179 incip.
1710 3097 1763 3158 ide

274 3195 301 3255 ia
315 3196 420 3256 relatio
433 3203 596 3276 postrema,
607 3199 644 3256 ex
658 3197 759 3257 italico
774 3213 862 3257 versa
884 3198 996 3256 Latine.
1051 3197 1285 3280 nicetranpnillo
1296 3200 1377 3262 eolus
1391 3187 1764 3261 ribicomimromronatt

320 3291 365 3358 ili,
389 3289 431 3350 De
449 3290 584 3351 avaritia
600 3287 743 3363 04404040,
761 3289 876 3350 Oratio.
1053 3293 1183 3352 Floreat.
1206 3310 1252 3371 ap.
1273 3295 1357 3355 lunt.
1377 3293 1466 3354 illdi.
1486 3293 1513 3351 8.
1528 3292 1560 3350 V.
1572 3306 1639 3368 sup.
1654 3290 1676 3347 i.
1693 3284 1742 3344 434
1750 3284 1765 3354 4

314 3384 361 3444 46.
384 3383 581 3443 itinerariam
598 3381 759 3462 Syriacum
781 3381 817 3442 ad
842 3381 994 3460 quendam
1094 3386 1146 3446 47.
1169 3383 1276 3466 Africa
1298 3389 1362 3448 sive
1384 3386 1420 3446 de
1442 3385 1519 3446 belin
1539 3385 1650 3444 Punico
1671 3386 1703 3440 04
1723 3393 1767 3456 ge·

272 3475 547 3550 Mediolanensem,
571 3478 599 3535 in
627 3476 754 3553 gratiam
786 3491 911 3546 earum,
944 3473 995 3549 qui
1051 3479 1108 3537 stis
1135 3479 1281 3557 Scipionis
1303 3479 1432 3540 Africani
1455 3478 1518 3538 libri
1537 3474 1639 3537 444.οἀ
1659 3475 1767 3550 liuper-

271 3571 335 3632 ioca
358 3571 407 3631 ilia
429 3569 512 3630 adire
535 3570 696 3629 voluerint.
720 3569 830 3629 Exstat
851 3570 941 3627 etiam
965 3567 994 3625 in
1051 3578 1116 3631 4004
1133 3572 1241 3650 Regem
1258 3559 1769 3652 84041400,4040404040400400οώ

271 3661 365 3724 Nicoi.
378 3664 524 3724 ileusneri
537 3659 745 3740 hodoeporicis
761 3659 849 3720 iiasli.
867 3657 953 3721 4580.
968 3659 996 3718 8.
1055 3664 1215 3742 praecipue
1245 3670 1398 3725 auctorem
1432 3679 1519 3723 suum
1542 3662 1624 3720 lauro
1646 3659 1768 3736 dignum

314 3752 692 3836 temperamentum
710 3751 995 3830 coromilepciimt-
1050 3771 1123 3817 0000
1144 3757 1233 3816 004044
1254 3756 1483 3822 demonstravit.
1517 3753 1584 3830 4453
1616 3751 1727 3812 italice
1755 3763 1770 3806 a

270 3849 393 3927 pariae.
1051 3848 1141 3908 Fabio
1163 3851 1295 3909 liarretti
1317 3849 1443 3910 Senensi
1466 3847 1539 3908 Veu.
1560 3843 1651 3906 iarn.
1676 3843 1725 3916 i.l

315 3941 361 4002 47.
385 3942 433 4002 48.
456 3942 502 4002 49.
523 3941 574 4005 40.
596 3942 644 4003 44.
669 3937 873 4020 4040404040οι
894 3937 932 3998 de
950 3953 996 3997 re·
1092 3942 1142 4001 48.
1164 3937 1370 4021 Epistolarnm
1391 3937 1464 4000 libri
1482 3943 1542 3999 tres
1573 3937 1684 4015 scripti
1712 3949 1773 3996 aar·

272 4033 331 4093 bus
353 4034 550 4095 iamiiinribus
582 4035 648 4097 iibri
671 4035 748 4094 Viil.
781 4039 812 4092 et
843 4031 996 4112 Epistoiae
1054 4035 1143 4094 mine.
1168 4036 1254 4113 incip
1284 4033 1320 4095 si
1339 4031 1413 4093 mibi
1432 4047 1522 4094 40400
1539 4029 1623 4109 piam
1654 4042 1775 4090 0444404-

272 4126 308 4184 V.
330 4124 366 4184 ad
389 4124 535 4201 quosdam
569 4144 606 4187 ex
643 4125 812 4187 illustribus
844 4123 995 4200 antiquis,
1054 4131 1119 4187 44444
1138 4123 1239 4187 sidera
1261 4128 1377 4204 Repem.
1440 4198 1446 4212 .

273 4219 361 4294 quasi
384 4217 431 4276 sui
454 4221 696 4297 contemporanei
732 4219 849 4290 lorent,
881 4218 999 4277 Cicero-
1093 4221 1142 4280 49.
1168 4220 1403 4292 Testamentum,
1426 4216 1504 4296 quad
1525 4233 1591 4277 cnm
1612 4213 1776 4274 donatione

275 4327 366 4384 nem,
389 4309 557 4384 Senecam,
577 4313 712 4386 Liviam,
735 4311 910 4386 Varronem,
927 4323 996 4368 cum
1053 4309 1251 4374 Bibliothecae
1283 4323 1375 4384 anne,
1410 4311 1490 4387 iieip.
1526 4309 1660 4368 Venetae
1701 4307 1780 4368 lacta

179 4462 180 4468 ,
274 4401 435 4480 Epistoiari
458 4400 495 4461 ad
518 4403 673 4464 Socratem
696 4421 787 4466 suum
805 4403 997 4482 praelatione·
1055 4407 1145 4468 etiam
1167 4405 1484 4483 subiunctnmiegitur
1499 4400 1686 4461 novissimae
1705 4398 1776 4458 edit.

273 4496 362 4556 Liber
382 4495 586 4572 iipistoiarum
619 4494 715 4559 444444.
749 4499 814 4557 sine
842 4494 939 4556 titulo.
962 4493 1000 4554 44·
1056 4491 1752 4562 ῦο4044000440444404400004.4040447448.

274 4587 402 4666 04040404
427 4585 595 4666 4444444444.
617 4587 654 4647 de
677 4589 767 4651 rebus
789 4585 935 4648 senilibus
956 4583 1000 4644 di·
1098 4589 1482 4671 140000040040004404004
1498 4585 1783 4668 epiromooiroran

269 4688 375 4761 gestae
397 4680 483 4742 libris
515 4682 621 4742 XViii.
644 4682 702 4756 (er
726 4683 837 4760 quibus
863 4681 1001 4741 decimus
1058 4685 1220 4745 illustrium
1243 4685 1282 4742 ito
1304 4683 1460 4759 hucusque
1481 4683 1718 4759 parumnotum
1738 4677 1786 4737 iu-

321 4799 347 4858 4)
364 4800 428 4850 44400
444 4798 631 4849 emendandum
645 4834 653 4859 ,
669 4801 736 4862 00044
754 4800 820 4863 apud
847 4805 1004 4861 bergomen·
1053 4815 1142 4854 nerum
1162 4809 1187 4851 et
1204 4801 1268 4851 allos
1284 4803 1351 4852 iuter
1371 4799 1517 4851 i‘etrarelue
1544 4799 1647 4858 scripte·
1674 4795 1789 4844 remeent

275 4886 328 4923 sem
347 4875 374 4924 in
394 4874 543 4934 Chronico,
560 4873 781 4938 reinbernumquo
798 4888 854 4939 rep.
875 4875 931 4926 644.
942 4877 1003 4923 4400·
1057 4875 1096 4925 De
1111 4877 1245 4939 pomeriis
1257 4877 1294 4924 od
1309 4877 1446 4938 sapemor.
