3368 5362
161 201 221 260 492
788 189 1028 252 rotatus

160 308 283 382 saepius
303 303 400 362 luceru
425 299 497 358 vidit
530 300 601 357 baeu
635 302 748 357 versio:
775 299 877 374 Neque
935 315 1002 378 pag.
1023 301 1091 359 626.
1114 299 1171 360 Sed
1192 303 1251 359 vita
1273 298 1444 360 cardinalis
1464 300 1587 361 Firmani
1602 303 1644 362 Ca-

162 397 287 475 impedit
307 392 386 472 quod
407 393 536 452 loannes
555 390 653 450 Pbreo
670 390 787 468 Anglus
803 393 881 450 Lon·
937 396 1076 471 pranicae
1100 391 1179 469 apud
1201 390 1333 451 eundem
1356 391 1514 452 Baluzium
1537 402 1601 452 tom.
1623 396 1644 454 4·

162 490 223 549 dini
242 487 372 548 eundem
395 486 524 545 laborem
547 486 576 543 in
595 501 628 544 se
642 485 795 561 suscepit:
812 499 880 543 narn
936 488 1018 546 liisc.
1042 503 1106 564 pag.
1123 486 1194 544 263.
1216 485 1283 545 3444.
1304 501 1364 544 non
1384 486 1527 563 Poggium
1548 494 1645 564 patrem

162 592 193 643 et
216 578 432 662 Cyropoediom
453 577 800 658 XenophontisaPoggio
816 594 883 636 ver·
938 580 990 640 sed
1025 579 1118 639 lilium
1140 581 1287 638 loannem
1309 577 1480 655 baptistam
1504 578 1588 639 habet
1606 599 1646 640 au·

164 692 229 736 sam
252 680 376 733 servant
398 672 540 732 italorum
570 670 787 743 Bibliothecae,
813 671 882 731 licet
936 680 1072 745 ctorem,
1090 681 1124 731 ut
1141 672 1257 730 notavit
1273 671 1374 732 lulius
1392 672 1485 750 Niger
1499 673 1526 730 iu
1544 672 1644 733 historia

165 767 291 829 eandem
320 767 498 826 Franciscus
530 764 702 843 Philelphus
722 772 753 824 et
773 764 822 824 alii
844 766 884 821 si·
939 766 1120 843 scriptorum
1139 763 1379 824 Florentinorum
1398 780 1467 842 pag.
1485 763 1552 824 tlt.
1572 766 1645 835 Quiu-

165 863 275 923 militar
297 860 484 936 interpretati
508 857 600 919 luere.
623 859 723 934 Atque
751 856 884 917 Italicam
940 876 999 937 qua
1031 864 1133 918 autern
1158 856 1265 935 Poggio
1285 855 1372 917 fuere
1394 855 1467 931 lilii,
1489 857 1517 932 bl
1548 861 1644 936 ingenio

164 957 334 1014 versionem
352 950 555 1029 Cyropaediaa
572 969 611 1010 ex
627 952 732 1011 Latina
753 951 886 1028 parentis
941 951 1078 1011 valentes
1098 965 1206 1009 ornnes
1227 964 1262 1008 ac
1278 950 1458 1027 conspicui,
1480 965 1517 1009 ex
1539 967 1644 1028 quorun

72 1111 74 1116 ,
161 1049 208 1108 sui
231 1045 366 1121 vulgavit
387 1044 518 1104 lacobus
545 1044 672 1122 Poggius
701 1043 804 1113 lilius,
839 1042 886 1100 Tl-
942 1062 1067 1106 numero
1096 1060 1205 1103 nornen
1230 1041 1383 1102 interdurn
1405 1040 1553 1120 alicujus,
1575 1045 1645 1102 inter·

161 1140 236 1200 bure
259 1137 347 1199 44439.
366 1138 395 1196 8.
414 1139 456 1197 Ile
475 1138 614 1197 versione
629 1132 814 1208 Aristotelis,
833 1150 886 1194 cu·
940 1139 1012 1199 dum
1041 1138 1191 1214 scriptum
1215 1137 1293 1196 Patri
1322 1136 1340 1194 a
1362 1137 1440 1195 viris
1462 1135 1557 1196 doctis
1575 1136 1643 1194 tribui

159 1234 211 1311 ius
233 1235 312 1291 inter
334 1232 431 1308 Poggii
455 1233 566 1308 scripta
587 1247 624 1289 ex
641 1228 887 1306 Ugolinollerino
941 1232 1199 1292 videmusi’etrus
1218 1229 1347 1301 Paulus,
1370 1227 1480 1291 Ordin.
1503 1227 1642 1290 Praedia.

163 1324 459 1386 meminit'Gaddius
480 1330 554 1382 torn.
575 1323 604 1382 2.
626 1336 693 1399 pag.
715 1320 785 1381 248.
813 1319 886 1379 nibil
942 1326 1096 1404 Baptista,
1130 1323 1304 1401 Philippus,
1326 1318 1461 1384 lacobus
1482 1330 1514 1383 et
1539 1319 1645 1382 loannes

163 1426 317 1499 praeterea
339 1417 480 1494 compari.
943 1421 1141 1493 Franciscus,
1162 1416 1332 1478 canonicus
1353 1414 1557 1479 Florentinos.

207 1511 378 1572 Orationem
411 1509 441 1568 ia
471 1507 579 1589 funere
602 1506 751 1568 Leeaordt‘
774 1504 893 1565 Aretim'
984 1511 1065 1572 *at
1089 1512 1167 1571 Zeno
1184 1512 1212 1570 io
1229 1510 1293 1570 suis
1310 1508 1647 1571 dissertationibostos

165 1608 221 1667 bn.
245 1607 333 1666 4443.
355 1603 466 1663 dictam
489 1602 657 1677 Florentiae
678 1599 772 1660 edidit
801 1599 889 1658 Bala-
944 1606 1037 1666 alanis
1058 1613 1130 1663 lom.
1153 1606 1165 1665 4
1193 1608 1348 1662 monetet
1371 1602 1520 1663 emendat
1539 1609 1646 1663 erratum

166 1716 232 1760 arus
252 1706 323 1758 torn.
346 1699 375 1758 3.
395 1699 478 1756 Misc.
503 1712 568 1773 pag.
591 1692 660 1756 aba.
683 1692 763 1754 unde
782 1707 888 1751 recusa
946 1698 1003 1758 hoc
1036 1698 1159 1757 Fabricii
1191 1697 1347 1756 censentis
1380 1695 1533 1756 Guccium
1561 1710 1646 1754 nornen

120 1826 128 1834 -
164 1800 211 1853 est
228 1800 309 1851 tomo
337 1797 445 1850 octavo
467 1789 601 1849 thesauri
622 1788 801 1864 scriptorum
832 1785 890 1843 lta-
943 1807 1012 1852 essa
1042 1792 1161 1869 Poggll,
1182 1805 1252 1851 cum
1285 1788 1361 1848 haec
1390 1787 1553 1867 appellatio
1582 1788 1648 1848 luem

167 1886 223 1943 liae
244 1885 460 1944 Burmanniani
483 1898 549 1960 pag.
571 1880 640 1940 att.
663 1886 694 1938 et
714 1885 785 1939 ante
815 1878 889 1936 nro-
944 1885 1038 1962 patria
1058 1881 1193 1944 eiusdem
1225 1883 1336 1961 Poggii.
1368 1881 1571 1943 Scribendum
1598 1895 1648 1956 ergo

167 1979 221 2036 tini
255 1974 407 2052 Epistulas
429 1990 477 2032 rna
498 1978 624 2032 curante
645 1971 746 2049 praelo
779 1971 887 2028 iterum
943 1985 1006 2037 erat
1028 1978 1156 2056 Poggius
1175 1973 1649 2053 Gucali,siveArrigucciiblium

168 2070 255 2129 datas
277 2064 382 2127 bamb.
415 2064 502 2125 47444.
525 2065 552 2122 8.
576 2061 657 2121 Idem
690 2063 821 2121 officium
844 2060 890 2120 fu·
943 2072 1040 2148 Opera
1063 2071 1130 2129 eius
1151 2084 1209 2128 non
1226 2082 1327 2128 moror
1341 2084 1414 2128 eum
1432 2084 1490 2129 nec
1504 2082 1589 2147 opere,
1603 2080 1650 2144 pm

168 2163 231 2219 neri
253 2175 288 2218 ac
320 2156 480 2238 memoriae
513 2156 714 2234 praeceptoris
739 2156 785 2215 sul
820 2148 890 2212 Am·
944 2166 1019 2223 tiurn
1041 2162 1163 2222 duxerit
1193 2161 1237 2220 cl.
1270 2161 1383 2222 leuius
1416 2160 1537 2222 illorum
1557 2158 1650 2221 Catulo

169 2251 263 2313 brosii
288 2246 528 2313 Comoldolonst'a
559 2247 616 2308 Aa.
640 2248 729 2309 4439.
765 2247 890 2324 praesti·
945 2273 1016 2334 gum
1038 2255 1187 2315 texere]
1300 2281 1303 2285 ν

169 2349 242 2406 tissa
277 2345 419 2422 Poggium
440 2341 504 2420 J'arn
536 2341 639 2401 notavi
661 2356 753 2417 supra
773 2340 883 2398 tomi
986 2349 1057 2425 (275
1078 2349 1176 2426 Poggii
1189 2348 1286 2408 Vitam
1304 2346 1435 2422 anglice
1449 2348 1523 2408 Wil.
1541 2342 1658 2429 stupea·

165 2457 231 2519 pag.
254 2439 305 2499 78.
327 2435 408 2517 (att
429 2433 514 2506 Quod
536 2448 605 2494 esse
628 2433 725 2511 lossii
749 2432 886 2493 tabellam
949 2460 1045 2522 nuper
1065 2443 1230 2516 contexuit,
1246 2449 1278 2499 er
1299 2439 1437 2500 tradolla
1449 2437 1651 2502 dulcantur.

165 2536 244 2595 clare
275 2534 304 2590 in
337 2528 431 2590 Praei.
464 2527 500 2588 ad
532 2525 681 2587 Ambrosii
714 2526 813 2585 Vitam
834 2522 885 2607 de·
947 2538 1102 2597 Tommoso
1127 2532 1236 2593 Tenedi
1259 2530 1346 2595 4825.
1366 2534 1396 2592 in
1419 2535 1449 2593 8.
1473 2532 1569 2594 vol!
1595 2531 1653 2608 pari

166 2626 347 2689 monsll'dvll
366 2622 518 2682 eruditiss.
540 2620 663 2692 44844448.)
678 2617 883 2678 044444444444488
943 2638 1052 2706 lep-que
1077 2625 1219 2705 Dialoyus
1240 2644 1281 2686 an
1301 2627 1375 2688 Seni
1395 2644 1485 2687 umor
1508 2625 1550 2687 sil
1568 2625 1652 2685 4444444·

165 2721 232 2800 ejus
252 2717 430 2790 0434404408,
457 2714 609 2792 4444840488
629 2712 666 2790 dd
689 2714 810 2772 Pelium
831 2711 889 2769 00⁴
941 2720 1157 2783 daFlopenljae
1168 2718 1444 2798 prodiere,E0dem
1466 2724 1590 2780 curante
1599 2717 1652 2791 Pssg·

163 2810 272 2872 *natum
306 2815 337 2866 at
368 2807 460 2866 alios:
489 2808 662 2884 scriptaque
690 2801 822 2875 inedita,
855 2808 889 2862 ut
941 2817 979 2895 gil
1001 2811 1206 2893 apameorum
1227 2809 1447 2872 0444444444,
1463 2811 1598 2891 „ollaque
1615 2823 1652 2864 vo

167 2908 274 2964 contro
291 2898 461 2980 hypocritas
481 2896 641 2975 dialogum,
662 2902 694 2956 et
714 2895 888 2957 Orationem
942 2908 1044 2969 lumen
1071 2910 1098 2967 4,
1121 2906 1288 2965 Florentiae
1313 2909 1378 2982 tpp.
1403 2904 1553 2971 llarcbini
1584 2901 1651 2964 rata.

167 2987 333 3076 oppositam
372 2985 668 3064 Calumniator-idas,
704 2989 889 3048 dissertatio
942 2994 1650 3079 ing,parujllpsopn.1854,3‚00l0b,0vlvls

168 3105 299 3166 nemque
319 3086 356 3145 ad
378 3083 520 3145 C⁰⁸m¹1¹ss
538 3083 700 3158 4464409414,
721 3086 824 3141 “mim
844 3095 890 3140 ⁸⁰·
943 3094 1071 3165 sublato,
1084 3093 1146 3152 Vol.
1160 3093 1197 3152 ll.
1209 3091 1246 3152 ab
1262 3108 1298 3151 eo
1319 3096 1463 3169 paratum
1480 3097 1649 3169 exoptamus

167 3181 202 3242 ai
220 3196 305 3240 ttoeor
322 3177 362 3238 844
377 3175 521 3247 ducenda.
545 3175 728 3236 Illvecltvam
744 3176 774 3232 444
797 3170 891 3233 Ν44304.
985 3184 1137 3266 Epiglplap
1168 3190 1229 3246 lm
1249 3200 1297 3244 an,
1322 3184 1410 3246 4454,
1434 3186 1466 3244 in
1489 3182 1552 3245 Nic,
1574 3183 1652 3244 Perni-

169 3276 323 3336 Perotlum
345 3277 403 3332 ele·
945 3287 1009 3340 turn
1033 3281 1062 3338 io
1085 3296 1131 3356 op.
1154 3276 1343 3338 Miscelloneo
1362 3277 1395 3337 di
1415 3277 1506 3338 varie
1540 3277 1653 3358 operat

209 3365 343 3444 Epistola
363 3361 401 3423 de
422 3361 528 3423 Schola
550 3361 715 3441 Epicureae
736 3360 891 3434 iectionis,
948 3374 1014 3433 pen,
1031 3371 1117 3432 lm,
1135 3377 1157 3428 a,
1176 3371 1242 3431 vm
1259 3371 1410 3449 leguntur,
1427 3368 1588 3450 4444449444
1602 3382 1653 3427 44-

169 3477 227 3520 444
245 3459 345 3520 differt
365 3458 383 3516 a
404 3456 582 3516 balneorum
601 3453 782 3515 badensium
801 3467 892 3531 propo
947 3470 998 3525 tra
1014 3462 1204 3543 hypocritas,
1222 3462 1448 3542 jambugduni
1468 3458 1650 3542 per'boisson

117 3605 120 3611 .
170 3553 342 3629 Thutegum
361 3549 556 3626 discriptione
574 3546 612 3607 do
633 3563 692 3624 qua
713 3561 805 3622 supra
827 3561 894 3623 pag·
947 3573 995 3627 all.
1015 3555 1198 3617 dmin-⁴6.
1217 3571 1364 3616 unacum
1387 3557 1420 3615 L.
1439 3557 1536 3616 Bruni
1556 3554 1652 3632 Eplslt-

168 3649 236 3708 till.
250 3645 303 3706 sed
320 3661 398 3720 quae
412 3657 520 3702 recusa
539 3640 629 3701 etiarn
651 3641 893 3715 eustatioopere
947 3649 974 3710 10
985 3657 1152 3721 excusum,
1165 3650 1346 3728 palpamur„
1363 3645 1406 3706 aa
1427 3646 1495 3708 Nlo,
1520 3647 1649 3708 lemnae

168 3741 283 3798 Veneto
304 3736 342 3796 de
363 3735 479 3795 balneis
496 3750 524 3812 p·
546 3734 614 3793 29⁴·
633 3731 660 3791 b·
679 3737 708 3789 el
731 3732 760 3788 ln
783 3731 828 3788 10·
846 3731 897 3788 ‹¹³-
948 3749 979 3802 et
999 3739 1056 3802 alia
1076 3740 1157 3801 MSS.
1181 3739 1254 3801 Bibi.
1275 3739 1534 3819 llagliabeclriaoa
1549 3736 1649 3807 serrat.)

169 3833 233 3894 cobi
246 3830 447 3891 Seberrchzeri
459 3828 582 3887 historia
599 3824 726 3886 naturali
739 3823 894 3884 Helvetiae
989 3832 1057 3910 (276
1079 3833 1243 3894 Cuiusnam
1267 3836 1306 3892 sla
1324 3849 1384 3891 „00
1404 3840 1497 3894 vacat.
1518 3831 1613 3892 vlam
1628 3829 1647 3885 ln

169 3928 196 3997 al
217 3932 290 3984 tom.
312 3923 345 3983 V.
368 3938 434 4000 pag.
456 3920 524 3980 tor.
947 3924 1194 3987 44444444444438.
1207 3924 1369 4003 examplari
1393 3926 1455 3986 MS.
1473 3925 1640 4004 Epigramma

209 4019 350 4093 mgnum
371 4030 532 4074 numerum
555 4012 756 4091 EP³³¹⁰¹³f⁰m
773 4017 805 4069 ⁰²
824 4006 895 4068 3144·
957 4042 1067 4107 Poggius
1079 4048 1109 4093 ut
1117 4046 1199 4107 lacuit
1212 4054 1300 4093 musae
1313 4042 1407 4093 siluere
1424 4046 1532 4094 4444444

171 4124 237 4167 rum
257 4107 495 4166 lucubrationum
515 4107 611 4183 Poggii
628 4121 662 4164 se
678 4102 788 4163 babere
803 4108 897 4160 testa·
956 4118 1135 4181 4444444444,
1152 4124 1225 4168 „aa
1242 4119 1325 4167 44444
1341 4118 1432 4178 ringus
1448 4117 1534 4182 taqua

167 4207 219 4259 tus
253 4205 301 4257 est
335 4198 477 4257 baluzius
512 4199 542 4256 in
577 4196 710 4276 Epistola
741 4195 777 4255 ad
814 4192 892 4253 Frid.
956 4190 1593 4254 umriaemnasauramorsumnuomt,

170 4289 366 4353 benedictum
381 4290 600 4364 Carpzovium,
618 4298 690 4349 torn.
704 4289 780 4349 Vlll.
795 4304 895 4346 amoa-
960 4269 1003 4318 V⁰¹
1020 4271 1127 4332 ⁸⁰¹¹P⁸¹¹
1142 4267 1231 4318 '¹²⁶¹'OE
1247 4269 1313 4316 '⁰¹¹⁸
1331 4273 1418 4351 ΒΨ·
1433 4268 1508 4319 ¹⁸0⁸·

171 4386 300 4445 444444441444
313 4382 422 4443 literar.
437 4383 470 4442 V·
482 4381 516 4443 C·
531 4381 576 4440 40.
587 4379 894 4460 Georg.Schelh0rtll'l
1155 4367 1254 4428 FlNlS
1274 4367 1373 4428 LIBRI
1395 4369 1460 4430 XV.

212 4607 238 4666 a)
253 4605 485 4659 Schweitrsrticba
502 4604 768 4657 dator-Germano.
987 4595 1016 4659 b)
1030 4592 1090 4645 Vide
1102 4594 1218 4644 4414440441
1231 4595 1366 4645 memorias
1378 4598 1398 4645 l·
1411 4594 1452 4643 ¹¹·
1466 4607 1491 4656 b·
1504 4590 1553 4641 445·
1563 4599 1605 4648 ’‘i-
