3368 5362
633 212 966 275 liittnchlhs
1512 227 1549 286 lt

50 312 101 371 dat
127 309 284 370 distichon
319 313 375 372 hoc
412 314 572 375 Malachiae
611 318 773 380 familiare:
872 318 1002 382 Carolus
1019 321 1054 383 de
1071 322 1470 408 MdlthiSPlS,Gregorii
1483 332 1551 391 llll.

62 433 185 490 spamam
197 427 461 492 nunnam,iwn010
472 443 535 491 ma,
546 437 779 498 imminuam,
832 417 1007 475 Procurator
1028 416 1064 475 ad
1087 433 1203 477 sacram
1228 421 1368 480 unionem
1395 422 1552 501 persicien-

77 507 202 564 spernere
215 516 243 552 ss
254 507 343 565 sperni
355 523 362 552 :
374 513 482 567 quatuor
499 506 560 557 haec
573 508 640 587 44444
653 520 721 560 sunt.
830 507 898 567 dam
922 509 951 567 in
975 509 1105 569 Concilio
1123 508 1356 573 Constantiensi.
1376 515 1471 592 Hujus
1482 517 1552 595 Epi·

89 604 315 665 MALACfflAS
333 605 481 668 hibernus
496 610 688 687 altarium,
703 613 774 675 ord,
831 603 924 661 stolae
946 620 994 662 an.
1018 602 1097 662 4443
1118 619 1180 680 seq.
1212 604 1299 665 datae
1322 610 1350 665 in
1385 609 1552 670 Clarissimi

49 700 152 756 Minor.
170 699 253 756 circa
268 699 514 762 anl3tccuius
533 702 694 766 conciones
713 725 774 766 me.
832 693 947 754 Hardtii
981 697 1106 755 llistoria
1138 698 1219 757 illius
1252 700 1373 759 Concilii
1406 709 1477 762 tom.
1504 704 1550 764 ll'.

52 798 146 848 morat
168 790 282 849 Baleus
304 793 382 851 xlv.
405 794 436 853 94
463 810 498 853 44
520 805 672 872 praeterea
689 801 775 858 Vene—
831 806 895 865 44448·
919 789 975 848 ⁴77
998 789 1050 848 344
1078 791 1136 850 346
1158 799 1189 850 el
1210 795 1277 852 380·
1300 793 1462 855 Nereidum
1483 813 1553 856 cart·

52 898 121 939 nam
138 879 323 958 Malachiae,
342 886 530 946 sivelibrum
548 886 709 950 dracaena
730 909 776 952 se·
830 886 877 940 494
905 880 941 941 ad
969 879 1352 958 J0³⁰0⁰¹11Atlslt5³0⁶t¹tni
1388 891 1453 948 Sive
1479 888 1552 949 Car·

48 979 127 1050 ptem
137 979 339 1051 peccatoram
351 976 623 1059 mortaliumdeqee
634 983 774 1044 remediis
830 992 899 1033 mt‘n
931 977 1048 1053 epicum
1082 978 1161 1053 quod
1194 980 1311 1055 incipit:
1340 978 1450 1039 liltore
1484 994 1553 1039 etim

50 1066 206 1144 ipsoram,
228 1068 347 1129 editum
370 1073 452 1148 typis
487 1074 602 1132 {lenaei
630 1076 773 1153 Stephani
827 1067 961 1143 primam
986 1068 1114 1129 classe-m
1147 1069 1278 1147 deducit
1296 1069 1402 1147 ibero,
1424 1075 1454 1131 in
1476 1073 1553 1133 Gru—

49 1162 116 1237 avi,
136 1163 233 1220 Paris.
252 1163 331 1223 4548
359 1164 387 1221 i.
414 1162 487 1223 Vide
508 1165 594 1224 Mieh.
624 1169 772 1227 Maittairii
806 1236 808 1241 Ι
830 1163 885 1219 teri
907 1162 1022 1221 deliciis
1047 1170 1201 1239 poetarum
1220 1165 1383 1239 ltalorum,
1401 1166 1431 1224 in
1449 1165 1551 1224 limine

50 1253 174 1313 annales
197 1255 431 1333 typographicos
447 1263 519 1316 torn.
542 1259 569 1317 9.
592 1276 621 1336 p.
644 1261 711 1320 343,
831 1257 900 1312 tomi
924 1254 1059 1313 secundi.
1082 1254 1279 1333 *Epistolam
1300 1258 1380 1316 illam
1408 1260 1550 1334 anonymi

86 1344 281 1407 llr'cordanas
303 1349 530 1425 MALllSPlNA,
553 1353 699 1413 Patricius
711 1353 775 1412 Plo·
829 1346 865 1406 ad
889 1346 1064 1407 Cardinales
1082 1351 1160 1407 Pisis
1177 1357 1377 1428 congregatos
1394 1351 1549 1440 vulgatam

53 1441 190 1500 rentinus
212 1441 337 1518 scripsit
358 1442 516 1501 Historiam
535 1446 690 1522 antiquam
710 1446 774 1505 Flo·
828 1457 875 1517 ap.
890 1441 1021 1500 Martene
1039 1441 1105 1500 Vei.
1123 1444 1199 1502 Mon.
1218 1459 1284 1519 pag.
1301 1444 1368 1501 966.
1387 1459 1479 1520 quam
1497 1459 1552 1521 ego

52 1533 202 1592 rentinam
234 1532 273 1592 ab
295 1533 383 1593 Urbis
403 1533 576 1612 Originibus
610 1553 706 1615 usque
736 1537 772 1597 ad
830 1532 1069 1592 transferendam
1093 1533 1165 1594 duxi
1189 1536 1216 1592 in
1241 1534 1299 1593 vol.
1321 1536 1369 1594 Vl.
1391 1551 1458 1613 pag.
1484 1535 1553 1594 9944.

55 1623 86 1683 l.
107 1625 141 1685 C.
173 1625 269 1685 4384.
298 1623 357 1685 Sed
378 1641 456 1704 opus
475 1628 583 1686 loanni
610 1629 725 1688 Villano
746 1631 772 1704 44
828 1625 856 1681 8.
879 1624 1085 1701 supplementi
1104 1627 1260 1686 concilior.
1277 1627 1314 1686 ad
1332 1625 1471 1688 Carolum
1489 1629 1549 1688 Ma-

55 1717 179 1794 sliisque
200 1734 240 1777 en
264 1720 372 1777 marito
393 1718 547 1780 laudatum
575 1723 695 1802 scripsit
718 1724 776 1783 lta·
830 1717 969 1777 latestam
987 1717 1175 1778 referendam
1200 1720 1292 1789 duxi,
1315 1728 1348 1780 ut
1367 1719 1476 1780 ibidem
1498 1721 1551 1780 ad·

54 1809 105 1868 lice
123 1826 184 1869 non
209 1811 335 1882 Latine,
354 1809 431 1887 quod
449 1827 526 1888 opus
542 1819 609 1890 post
626 1812 774 1873 editiones
830 1811 942 1868 monui.
963 1810 1018 1869 Est
1038 1812 1128 1870 etiam
1146 1811 1215 1870 ibid.
1234 1829 1281 1889 ap.
1299 1815 1451 1887 Martene,
1469 1818 1501 1871 et
1523 1813 1553 1871 in

53 1901 373 1989 Florentinasjhdbli&
388 1905 474 1964 4398.
487 1903 505 1964 li
516 1913 546 1964 et
559 1905 774 1986 4748444444-
829 1902 982 1980 Supplem.
1000 1903 1113 1962 Concil.
1132 1904 1244 1981 prolixa
1264 1907 1393 1963 narratio
1410 1911 1547 1964 actorum

55 1994 481 2074 tius,adhibit0Manuscript0
500 1996 772 2059 Codiceillustriss.
828 2003 859 2055 et
879 2002 1032 2073 gestorum
1063 1997 1142 2055 inter
1164 1996 1303 2058 Carolum
1325 1996 1363 2056 de
1384 1996 1550 2057 Malatestis

55 2087 229 2146 Marchionis
252 2087 374 2164 Giugni,
396 2089 479 2148 Civis
492 2090 651 2150 Florentini
671 2092 772 2152 recudi
827 2095 858 2148 et
876 2088 1051 2149 Cardinales
1068 2090 1144 2148 Pisis
1159 2092 1328 2149 existentes
1346 2107 1398 2169 pro
1412 2091 1553 2149 extintiu-

57 2179 119 2238 iecit
138 2180 361 2240 celeberrimus
382 2182 562 2241 Muratorius
584 2185 613 2241 in
632 2183 774 2243 thesauro
829 2198 867 2240 ne
889 2181 1105 2240 schismatis*

55 2276 228 2351 scriptorum
241 2273 342 2333 ltaliae
353 2271 564 2333 Mediolanensi
575 2320 584 2349 ,
595 2283 676 2334 tomo
690 2283 771 2336 octa·
871 2277 925 2333 Pro
937 2272 1126 2351 sigismundo
1136 2272 1309 2353 Paadalplio
1324 2273 1553 2336 MALATESTA

58 2381 107 2423 ro:
129 2382 191 2425 una
212 2382 284 2425 curn
305 2358 530 2425 continuatione
546 2367 693 2427 lacchetti
704 2369 774 2429 MA·
832 2369 976 2442 Principe,
993 2368 1207 2443 Epistolaante
1219 2385 1244 2427 4.
1261 2369 1552 2447 illiseriptaallo

60 2458 241 2518 ldSPlNdE
264 2475 301 2518 ex
324 2458 415 2517 lratre
437 2460 560 2536 Nepotis
575 2476 672 2537 usque
687 2460 723 2519 ad
739 2460 772 2521 Α.
835 2458 960 2520 BEliTO
970 2459 1555 2533 4444384440,44444444444444444444-

61 2553 131 2616 4286
154 2559 224 2628 (non
249 2551 329 2611 49944
348 2558 382 2610 ut
402 2558 450 2609 est
472 2553 500 2609 in
522 2552 776 2630 Ephemeridibus
835 2560 896 2613 met
910 2553 971 2626 liei,
985 2570 1127 2629 magnum
1141 2553 1321 2613 admiratum
1336 2560 1367 2611 et
1388 2553 1548 2614 Sultanum

60 2645 194 2704 eruditor.
209 2645 300 2704 Paris.
316 2660 364 2702 an.
378 2643 457 2704 4733
475 2663 502 2722 p.
522 2646 579 2704 490
592 2645 663 2705 edit.
677 2638 774 2721 4444444)
834 2647 1015 2717 Turricum,
1040 2647 1068 2702 in
1091 2645 1202 2705 ltaluzii
1226 2647 1306 2704 Misc.
1330 2652 1351 2703 t.
1375 2645 1413 2704 lv
1434 2663 1462 2725 p.
1481 2644 1550 2707 tat.

93 2733 179 2796 saia·
203 2736 232 2806 b)
257 2736 471 2796 MllLrlSPlh'rl
495 2739 777 2813 Romanus,Deca-
875 2737 1109 2797 MALClllONlS
1145 2737 1316 2814 Presbyteri
1351 2743 1382 2796 et
1415 2737 1554 2799 llhetorla

63 2845 112 2888 nus
137 2826 315 2888 Malthensis
342 2836 374 2888 et
401 2831 588 2890 secretarius
616 2831 776 2891 Pontiticiis
832 2828 1012 2890 antiocheni
1035 2829 1183 2907 quaedam
1209 2831 1321 2907 profert
1353 2833 1460 2891 Petrus
1489 2831 1557 2890 lila-

63 2920 177 2980 loannis
199 2917 283 2981 Xlll.
297 2926 301 2931 ’
317 2924 438 2999 scripsit
464 2939 569 2981 reram
603 2922 776 2983 Sicularum
833 2939 928 2983 conus
950 2921 1025 2981 libro
1047 2922 1083 2982 ad
1107 2923 1307 3000 Fulgentium,
1327 2925 1421 2983 veteri
1442 2923 1556 2996 Latina,

64 3008 777 3093 man.tasoadtaiotiirosseoe,(nonaaa
835 3023 868 3075 ut
890 3015 1033 3088 videtur,
1062 3031 1137 3075 usus
1170 3018 1318 3074 versione.
1354 3015 1554 3076 ,llalohionern

65 3102 151 3164 decim
174 3112 209 3165 ut
229 3105 312 3183 legas
333 3107 362 3164 in
385 3107 627 3184 ephemeridibus
645 3108 776 3168 erudito·
835 3111 915 3169 enim
940 3111 1038 3186 ipsum
1061 3111 1138 3168 circa
1161 3125 1209 3167 an.
1226 3108 1294 3167 270.
1308 3108 1557 3182 clarum,Graeos

66 3212 122 3255 rum
145 3199 236 3258 Paris.
257 3214 306 3259 an.
330 3198 407 3259 4733
429 3216 494 3277 pag.
519 3200 595 3271 489.)
610 3199 778 3279 editospri-
835 3220 892 3262 non
918 3205 1020 3261 Latine
1043 3203 1201 3277 scripsisse
1224 3217 1312 3261 nemo
1329 3201 1455 3261 dubitat.
1479 3199 1555 3261 Vide

66 3303 138 3348 num
161 3291 179 3349 a
201 3290 324 3351 Baluzio
345 3300 417 3351 tom.
440 3293 465 3350 6.
489 3292 610 3351 Miscell.
633 3308 699 3370 pag,
720 3292 776 3352 497
834 3313 911 3373 quae
931 3296 1030 3353 notavi
1053 3294 1090 3352 ad
1114 3295 1231 3353 llieron.
1253 3311 1317 3372 cap.
1341 3292 1390 3355 74.
1411 3292 1449 3353 de
1471 3293 1501 3353 S.
1519 3294 1554 3353 li.

67 3381 125 3441 448.
143 3384 233 3443 Paris.
257 3383 336 3445 4743
359 3385 387 3442 8.
404 3401 441 3444 ex
461 3382 569 3445 Codice
587 3385 618 3443 in
635 3385 695 3444 fine
712 3404 779 3446 mu·
876 3385 1018 3448 Nicotaus
1048 3387 1262 3461 Mllllllililll,
1291 3390 1356 3445 sive
1388 3386 1557 3446 4444444444-

67 3474 127 3548 4444,
148 3480 199 3553 qui
221 3494 260 3537 ex
283 3474 392 3538 Codice
414 3476 777 3538 Vaticanoemendariac
835 3480 934 3553 BlUS,
973 3481 1108 3537 Venetus
1142 3478 1304 3537 Monachus
1336 3480 1366 3538 S.
1399 3478 1552 3540 Benedicti

69 3569 189 3645 suppleri
212 3576 332 3648 potest,
356 3577 390 3630 ut
411 3575 532 3629 notatur
550 3571 577 3628 in
597 3570 693 3629 Diario
711 3587 778 3630 eru·
836 3572 906 3635 Ord.
929 3570 1207 3632 Camaldulensium
1223 3615 1229 3645 ,
1248 3567 1347 3628 liiblr'a
1365 3569 1500 3647 integra,
1520 3576 1554 3629 ut

69 3657 185 3721 dilorum
217 3662 320 3722 ltaliae
342 3671 415 3722 lom.
436 3664 518 3723 Xlll.
541 3680 605 3742 pag.
629 3663 695 3724 437.
724 3663 779 3722 444-
836 3669 899 3745 ipsc
917 3667 1090 3744 profitetur,
1108 3660 1270 3723 secandam
1281 3661 1495 3741 proprietatem
1510 3658 1556 3720 tii-

70 3749 125 3812 lurii
139 3754 230 3814 editio
247 3772 355 3816 recusa
374 3757 402 3814 in
422 3761 503 3815 tomo
520 3764 626 3815 octavo
645 3756 778 3816 thesauri
836 3766 919 3820 torae
934 3759 970 3819 de
986 3755 1078 3819 verba
1105 3756 1147 3816 ari
1172 3752 1297 3816 verbum
1319 3753 1475 3814 transtulit
1497 3755 1555 3814 lta·

72 3843 157 3908 ltaliae
187 3849 399 3909 Muratoriani:
431 3855 462 3908 et
494 3852 522 3907 in
551 3852 597 3908 lo.
628 3851 779 3926 Baptistae
837 3855 901 3929 lice,
922 3854 1079 3930 vulgatam
1103 3853 1201 3929 potius
1222 3847 1486 3926 quamllebraicos
1505 3846 1553 3906 val

74 3937 172 4000 44444444
194 3949 276 4002 tomo
298 3941 432 4002 secundo
451 3941 526 4003 Bibl.
549 3943 712 4002 historicae
734 3942 778 4001 si·
835 3945 965 4007 Graecos
987 3946 1085 4005 fontes
1107 3951 1240 4004 secutus.
1263 3945 1333 4003 Post
1348 3943 1474 4019 primam
1492 3939 1556 3999 edi·

75 4029 159 4091 ciliae:
177 4051 211 4094 ac
229 4033 361 4111 denique
375 4035 404 4093 in
416 4034 558 4095 thesauro
571 4035 687 4094 Siciliae
706 4036 778 4093 44444-
835 4042 946 4099 tionem
974 4038 1116 4097 Venetam
1135 4039 1160 4110 c)
1179 4036 1235 4096 ln.
1255 4036 1342 4096 4473.
1361 4035 1409 4095 444·
1424 4032 1461 4094 ad
1480 4035 1556 4094 Lau·

78 4128 218 4187 nanniano
239 4136 325 4206 parte
347 4129 472 4204 quinta,
495 4126 664 4204 subjunctis
685 4130 776 4186 etiam
836 4135 978 4203 rentium,
994 4131 1178 4208 Theologum
1201 4131 1349 4188 Venetam
1372 4127 1495 4205 saepius·
1511 4127 1556 4186 ln·

77 4221 289 4281 continuationis
311 4221 376 4282 loeo
402 4221 485 4281 libris
516 4221 592 4280 Vlll.
624 4220 776 4281 nicotii
835 4234 902 4285 cem
925 4223 1000 4281 vidit
1019 4229 1050 4282 et
1074 4224 1141 4282 ibid.
1166 4220 1243 4282 4477
1265 4227 1295 4278 et
1318 4218 1396 4280 4507
1416 4225 1448 4278 et
1463 4219 1555 4278 variis

78 4305 221 4385 84444444,
239 4314 278 4374 ds
299 4331 360 4392 qua
382 4315 457 4374 444444
479 4330 534 4374 suo
558 4314 630 4373 loco.
837 4320 866 4376 in
890 4319 962 4377 locis
985 4324 1018 4375 ui
1041 4323 1177 4376 notatum
1200 4314 1308 4375 ,4444444
1337 4314 1435 4389 Longo
1457 4311 1485 4369 44.
1508 4312 1556 4370 444-

108 4401 262 4485 Galfredas
279 4405 316 4466 de
332 4404 586 4482 adnatabat,
602 4412 777 4485 supra'tom.
835 4408 982 4469 bliotheca
1004 4404 1136 4479 Blblica,
1159 4422 1289 4483 eumque
1311 4409 1415 4463 secuto
1436 4400 1554 4462 Oudino

81 4487 102 4559 ³.
117 4512 174 4576 pag.
197 4502 243 4560 44.
839 4508 909 4559 rom.
934 4502 962 4558 s.
985 4518 1050 4579 pag.
1074 4502 1162 4560 4444.
1185 4515 1248 4576 seq.

10 4732 13 4753 ,
109 4681 198 4744 444144
215 4686 311 4737 4441444444
327 4686 432 4746 ltlgrum
448 4679 575 4744 pegasi.
592 4680 651 4731 hist.
669 4684 786 4745 scripto·
878 4682 903 4740 e)
921 4683 1043 4743 impressa
1062 4682 1087 4728 ln
1105 4677 1259 4727 membranis
1278 4679 1357 4724 exstat
1374 4673 1437 4721 haee
1466 4668 1553 4720 sdltlo

79 4763 118 4804 4444
129 4760 343 4810 florentinorum.
836 4756 1005 4806 [444414444144
1022 4758 1048 4804 ln
1065 4754 1129 4804 bibl.
1147 4751 1311 4802 celeberrima
1327 4746 1507 4805 ahedlgorlana
1528 4749 1567 4796 sl·

110 4829 414 4893 blttonsallautapud
431 4829 564 4878 lialuztum
592 4835 610 4878 t.
640 4833 681 4880 vl.
710 4834 783 4884 Mtte.
833 4844 862 4881 re
894 4829 1084 4880 Elisabethana.
1112 4826 1175 4877 vids
1203 4823 1303 4872 Gottlob
1323 4820 1434 4868 Mrantzti
1469 4831 1569 4871 mamo-

82 4909 122 4960 pig,
136 4904 184 4958 197.
201 4915 225 4958 et
242 4908 374 4960 oudinum
391 4911 452 4956 tom.
468 4904 483 4952 ὅ
500 4916 558 4967 pag.
578 4902 633 4954 ⁴82
833 4904 924 4955 rabilia
942 4905 1010 4955 illius
1026 4902 1089 4951 444444.
1107 4914 1165 4964 pag.
1183 4902 1223 4948 72.
