3368 5362
147 192 208 253 324
785 186 1007 250 PETRUS

17 276 22 289 ’
149 299 232 359 tatis.
255 297 409 358 inconditae
429 312 598 370 memoriae,
619 292 796 372 capacitatis
816 312 865 353 su·
922 300 1009 360 4645.
1033 297 1118 359 4726.
1145 295 1231 357 4733.
1263 298 1325 357 Hoc
1348 298 1413 357 loco
1436 304 1552 358 tantum
1579 319 1628 358 me-

146 410 209 471 pra
226 389 387 450 humanum
409 388 546 463 modum,
567 385 688 446 auditor·
705 385 866 465 abqnondo
922 407 1038 453 morare
1056 388 1145 466 juvat
1176 388 1275 449 Albini
1297 388 1392 450 huius
1420 389 1544 450 brevem
1564 408 1631 450 con-

150 483 292 563 Mopistri
317 484 411 543 Roscii
433 483 462 555 a)
483 479 577 561 coepit
597 496 663 540 enm
688 497 756 539 cum
782 479 867 561 ense·
922 480 1289 546 mentationemderebns
1304 480 1525 557 Corinthiacis,
1536 484 1631 544 editam

150 579 315 638 stucutione
340 576 367 648 h)
395 573 525 654 quadam
556 564 698 636 sensuum
715 571 795 634 illius
813 590 869 633 ote
923 581 1004 640 hio.
1027 581 1113 638 Petro
1135 575 1290 654 Ludewig.
1306 583 1381 635 tom.
1397 577 1437 636 X.
1456 576 1633 654 reliquiarum

149 670 224 730 dire.
236 669 372 728 Attamen
387 667 549 746 imperavit
558 663 625 739 sebi,
637 671 672 725 nt
681 683 739 745 per
755 682 868 725 aninum
925 673 1037 732 vetoris
1059 671 1124 732 aevi
1148 687 1176 748 p.
1198 669 1268 730 542.
1289 669 1359 729 466.
1382 674 1415 728 44
1438 667 1632 747 Genealopion

152 759 321 823 lectionibus
339 759 434 840 ipsius
452 761 619 822 interesset.
640 760 714 818 bion
733 774 803 836 erpo
824 775 870 818 so·
926 765 1071 826 comitum
1090 761 1320 824 Leisnicensinns
1338 764 1368 820 io
1387 769 1465 821 tom.
1484 763 1513 821 3.
1528 765 1635 840 scripto-

151 855 211 914 cios
236 851 363 927 babere,
382 859 411 913 et
426 852 557 913 Parisiis
570 850 675 932 palum
692 849 871 912 Dialecticne
926 875 991 917 rum
1015 874 1113 916 rerum
1136 856 1384 915 Germanicarum
1415 853 1546 915 illustris
1573 857 1637 915 44444·

150 954 238 1028 utque
264 945 436 1008 Divinitatis
464 943 604 1005 lectiones
621 943 695 1005 dare
712 945 826 1024 coepit,
844 951 872 1005 et
924 949 1020 1009 4444444
1043 965 1107 1025 pag.
1131 948 1198 1008 833.
1220 947 1289 1007 958.
1312 963 1385 1007 cum
1403 946 1527 1008 erudita
1545 963 1637 1024 appen-

149 1041 239 1123 iircile
259 1057 358 1101 omnies
380 1038 532 1127 Francius
548 1037 713 1116 blopistros
736 1039 765 1098 in
786 1035 874 1099 brevi
928 1040 993 1101 4444
1016 1043 1048 1100 V.
1071 1042 1103 1103 c.
1125 1041 1285 1103 Christiani
1314 1039 1453 1101 Gottlieb
1474 1040 1635 1101 Schwanzii

149 1133 327 1216 saepeweuit.
354 1132 415 1208 Qrei
432 1148 499 1192 corn
519 1129 555 1191 de
580 1129 757 1207 Quadruuio
778 1128 804 1203 oi
828 1130 872 1188 ni·
925 1151 993 1213 pag.
1012 1134 1080 1193 933.
1101 1149 1166 1211 seq.

152 1225 195 1287 bil
214 1224 366 1296 audisset,
388 1223 466 1284 clttm
487 1222 630 1302 Maqt'slro
658 1225 770 1282 Tirrteo
791 1223 819 1297 d)
841 1222 872 1281 in
973 1223 1401 1300 PETRUSAleclemis,ini1-a,
1415 1224 1635 1287 PetmsAmelr'i.

151 1317 299 1399 quasdam
331 1316 557 1378 Mathematicas
591 1313 753 1391 lectiones,
778 1332 872 1377 cures
966 1320 1112 1381 PETRUS
1131 1317 1168 1380 de
1187 1316 1321 1392 Alb'aao,
1343 1319 1437 1395 (44444)
1459 1321 1550 1380 Anno
1568 1321 1636 1380 4354.

151 1409 264 1479 dabat,
284 1410 313 1471 in
334 1408 443 1490 quibus
464 1427 560 1488 supra
576 1425 668 1488 quam
687 1407 870 1479 aestimaret,
927 1422 1017 1473 natus
1033 1411 1207 1489 compendii
1225 1410 1262 1471 ad
1281 1413 1397 1473 isaram
1420 1412 1514 1488 (Oise)
1530 1413 1636 1473 fluvium

56 1494 59 1499 ’
153 1503 272 1563 obtentu
307 1501 489 1586 difficultatis
524 1499 688 1561 intellectus
719 1497 874 1560 resiliebat
927 1509 956 1565 io
975 1504 1637 1578 4444444444(444144444444444444444444444

153 1595 310 1657 erudientis.
332 1594 393 1657 cni
406 1594 497 1656 semel
512 1593 625 1673 afflicto
642 1599 672 1654 et
692 1591 870 1671 indipnanh',
927 1601 994 1677 logii
1013 1599 1155 1659 4444444444
1171 1601 1358 1672 herisiensis,
1372 1604 1405 1656 et
1416 1599 1568 1677 Episcopo
1584 1597 1636 1656 iel·

150 1709 208 1770 per
221 1691 324 1770 jocum
341 1690 486 1768 Manisler
505 1687 640 1747 Tirrt'cus
656 1685 718 1746 aii:
737 1684 873 1765 quid'ca-
927 1692 1056 1763 lnreosi‚
1079 1693 1144 1750 sive
1166 1691 1316 1751 iniciensi
1338 1696 1465 1751 oreatus
1484 1689 1637 1750 cnrdinriis

154 1783 199 1846 uis
217 1783 324 1863 plenus
346 1779 406 1844 nisi
424 1780 543 1843 lardum
572 1778 677 1861 bajare
698 1780 873 1841 eorrsueoit?
926 1786 1153 1845 cameracensis
1173 1784 1259 1843 Anno
1282 1782 1370 1844 4444.
1394 1785 1509 1843 Pisano
1523 1781 1636 1843 Concilio

153 1877 258 1954 Bajaro
279 1883 378 1937 aretem
396 1875 507 1952 liopere
528 1880 579 1936 est.
603 1872 723 1934 Eocirrde
744 1872 872 1950 anoiar-
928 1877 984 1937 An.
1008 1878 1095 1937 4490.
1116 1883 1147 1935 et
1168 1876 1203 1936 Α.
1225 1877 1313 1938 4444.
1335 1893 1401 1953 seq.
1427 1874 1637 1937 constantiensi

154 1968 212 2029 dus
229 1966 382 2048 appellari
397 1967 498 2045 coepit.
512 1965 598 2041 Qeeod
608 1982 712 2024 nomen
729 1969 872 2042 tanquam
928 1970 1071 2043 interfuit,
1083 1969 1225 2046 diemque
1241 1969 1314 2029 obiit
1332 1970 1493 2029 Cameraci
1509 1969 1544 2028 Α.
1563 1968 1636 2027 ists.

156 2081 197 2120 en
229 2059 343 2141 defectu
363 2057 493 2138 quodam
522 2056 580 2118 sibi
607 2057 775 2136 impositum
803 2074 871 2116 cnm
926 2060 1036 2140 Aquila
1076 2061 1226 2121 Francioe
1256 2067 1285 2120 el
1305 2058 1445 2121 ’44444444
1475 2061 1497 2120 ὰ
1529 2060 1638 2121 444444

155 2153 328 2226 uindicaret,
353 2149 409 2212 snb
440 2149 612 2211 litteratura
643 2168 701 2209 non
735 2148 875 2209 dissimili
925 2151 1134 2215 aberrantium
1155 2151 1331 2234 indefessus.
1355 2155 1455 2229 Hujus
1472 2170 1508 2214 se
1524 2152 1637 2230 discipu

155 2244 350 2306 iinbelardum
372 2261 405 2304 se
425 2243 577 2303 nominari
594 2241 681 2322 fecit.
704 2242 793 2322 qncosi
819 2241 874 2321 qni
927 2248 988 2307 lum
1011 2248 1168 2324 profitetur
1186 2248 1319 2306 loannes
1339 2245 1462 2305 Gerson
1479 2290 1486 2319 ,
1502 2245 1639 2309 cancella

154 2335 494 2417 liiiberetnrtrnmcpud
506 2333 870 2413 sesnmmumetadipem.
926 2343 988 2399 rius
1010 2340 1205 2407 parisiensis,
1227 2341 1278 2415 qui
1301 2338 1386 2415 plura
1410 2340 1439 2397 ei
1462 2341 1575 2417 scripta
1593 2352 1636 2397 snt

118 2453 124 2461 ·
193 2432 208 2469 ‘¹
230 2433 311 2492 inter
333 2429 443 2490 inedita
462 2431 572 2508 pariter
588 2428 810 2490 accensendum
822 2435 869 2487 est
925 2429 1094 2504 dedicavit,
1113 2437 1146 2490 ut
1163 2430 1271 2491 iihrnm
1289 2429 1328 2490 da
1346 2431 1408 2510 vitp
1427 2432 1577 2508 spirituaii
1589 2431 1639 2489 ani·

154 2525 332 2604 opusculum
355 2523 389 2584 dc
410 2521 760 2610 sacramento-Altaris,
786 2520 865 2598 quod
928 2541 1008 2597 mae,
1031 2525 1061 2583 in
1083 2524 1185 2583 limine
1207 2525 1280 2582 tomi
1302 2524 1353 2583 444.
1377 2522 1453 2583 Vide
1474 2531 1509 2584 et
1529 2533 1596 2584 tom.
1613 2524 1636 2581 4.

153 2627 255 2678 servat
275 2617 332 2677 MS.
360 2615 463 2675 codex
488 2618 612 2676 Latinus
636 2616 708 2674 884.
737 2613 873 2674 Biblioth.
933 2616 1006 2676 edit.
1028 2632 1123 2676 novae
1141 2633 1206 2694 pag.
1228 2616 1277 2675 74.
1301 2617 1368 2676 464.
1392 2618 1464 2678 859.
1486 2625 1520 2678 et
1536 2624 1602 2677 tum.
1619 2619 1639 2679 3.

156 2711 366 2772 Universitatis
387 2709 592 2769 Taurioensis.
929 2727 994 2788 pag.
1018 2710 1086 2769 486.
1109 2709 1176 2768 439.
1198 2706 1258 2768 430
1289 2706 1359 2769 433.
1382 2716 1415 2768 et
1437 2708 1509 2771 474.
1538 2711 1578 2770 De
1597 2710 1641 2768 hoc

195 2796 544 2876 enthusiasmos,
566 2801 640 2861 inira
662 2799 773 2861 Petrus
796 2798 874 2878 Apo-

155 2911 264 2956 nensis.

195 2989 341 3050 PETRUS
362 2986 397 3047 de
418 2985 532 3060 Adria,
556 2987 630 3046 inira
648 2984 758 3044 Petrae
778 2981 873 3043 Viloa-

155 3082 284 3162 qaensis.
341 3095 344 3099 ·

198 3174 342 3238 PETRUS
362 3172 491 3244 eilberti,
524 3171 614 3249 Major
642 3172 723 3231 Prior
754 3170 876 3230 cinnio-

156 3273 256 3331 oensis
276 3271 353 3329 circa
376 3269 410 3329 Α.
434 3267 522 3329 inno.
537 3271 670 3343 temporo
688 3262 822 3323 Oddoois
840 3263 875 3322 li.

157 3363 291 3438 4444444444,
310 3360 507 3422 Decretornm
522 3359 630 3418 Onetor
644 3356 873 3438 famosissimas,

156 3473 227 3516 rum
243 3454 421 3535 conscripsit
436 3451 566 3514 libellam
583 3451 646 3513 sive
657 3455 820 3510 tractatum
838 3448 875 3508 de

156 3549 282 3609 decimis
305 3549 475 3621 novalibus,
493 3564 542 3626 qur
561 3542 644 3624 apud
657 3559 710 3602 nos
724 3548 777 3602 est.
798 3544 874 3602 iiaec

157 3641 196 3702 de
210 3657 245 3701 eo
255 3648 359 3702 auctor
370 3640 507 3701 chronici
520 3636 727 3698 Cluniaceosis
744 3652 771 3711 p.
788 3635 874 3693 4676.

199 3733 346 3792 PETRUS
368 3733 488 3803 Weiss,
506 3729 610 3788 Latine
625 3723 767 3791 Albinus,
789 3728 878 3786 Nive-

162 3824 296 3883 montius
313 3825 378 3881 sive.
393 3821 676 3897 Schneehergensis,
691 3817 816 3877 sedulus
834 3819 880 3877 in-

162 3912 286 3991 dagator
319 3931 419 3974 rerum
452 3913 719 3980 Germanicarum,
748 3910 880 3968 444444444-

99 4016 105 4025 ·
161 4005 240 4065 sium
264 4008 440 4083 praecipue:
462 4007 562 4066 clarus
583 4014 651 4083 post
671 4003 782 4064 saeculi
801 4002 879 4062 xvi.

97 4154 103 4177 9
161 4095 263 4160 initia.
282 4095 371 4172 cuins
393 4097 493 4175 plnres
514 4104 636 4157 exstant
658 4096 795 4158 chronici
812 4094 879 4153 iibri

106 4190 112 4205 '
160 4186 339 4249 Germanice
358 4186 449 4257 editi,
471 4188 638 4265 dequibus
662 4186 878 4249 Hendreiohius

104 4326 112 4341 .
165 4281 195 4339 io
216 4277 372 4358 pandectis
392 4279 616 4357 Brandenburg.
639 4298 702 4359 pag.
725 4279 773 4339 99.
791 4287 822 4339 44
840 4280 880 4339 le·

165 4372 253 4435 xioon
274 4368 459 4434 eruditorum
480 4371 657 4432 Germanico
677 4372 792 4434 odierno
825 4372 881 4433 444.

207 4634 236 4697 4)
251 4638 392 4700 tegendum
410 4639 576 4702 Rosarlltnl,
591 4639 643 4688 stre
658 4630 791 4688 Rnrcltnt.

208 4708 237 4768 b)
253 4710 334 4763 vetuti
349 4712 458 4766 4444444444
474 4718 502 4766 44
517 4715 594 4765 oouio
610 4711 743 4762 donnons
753 4713 809 4773 ojus
838 4723 888 4761 no·

165 4784 221 4831 turs
236 4792 312 4848 otono
327 4790 479 4852 improbare.
497 4792 558 4841 vtde
574 4790 698 4850 4444444444
715 4790 742 4835 tn
757 4785 870 4848 pernen.

159 4890 168 4907 ·
210 4855 235 4913 0)
251 4856 442 4925 orandorum,
459 4873 550 4929 queror
568 4863 718 4926 discipliuae
743 4863 880 4911 4444444444-

929 2805 1015 2862 Petro
1051 2808 1169 2879 praeter
1205 2817 1258 2860 eos
1289 2801 1341 2878 qui
1377 2800 1416 2861 da
1448 2802 1642 2864 cardinalibus

930 2898 1086 2973 scripsere,
1106 2895 1308 2967 ciacconium,
1321 2896 1368 2953 to.
1385 2895 1557 2974 iosephum
1568 2897 1642 2975 agga.

929 2989 1082 3065 aliosque,
1104 2995 1136 3047 et·
1155 2990 1206 3064 qui
1228 2985 1266 3046 de
1289 2987 1494 3065 scriptoribus
1509 2988 1643 3050 Ecclesia·

931 3083 1034 3155 stiois,
1057 3080 1254 3140 Trithomiom
1277 3096 1344 3159 cap.
1365 3080 1426 3141 729
1460 3082 1609 3144 Labheum
1626 3088 1643 3138 t.

931 3176 960 3233 2.
980 3191 1044 3252 pag.
1069 3174 1135 3233 479.
1157 3173 1292 3234 Carnum
1314 3172 1353 3232 nd
1375 3174 1434 3234 hu.
1458 3177 1549 3236 43944.
1576 3174 1643 3233 Heo-

930 3265 1095 3326 dreiehium
1119 3264 1258 3326 Pandect.
1291 3265 1465 3327 Brandenh.
1501 3285 1567 3347 pag.
1588 3266 1641 3327 494.

930 3357 1136 3420 consulendus
1149 3360 1193 3416 4ο.
1208 3356 1360 3434 iauoojus
1378 3362 1407 3419 44
1426 3360 1641 3438 historiaGrm·

932 3454 1006 3512 nasii
1028 3453 1170 3512 havarrei
1189 3469 1255 3530 pag.
1271 3450 1341 3512 467.
1358 3455 1643 3531 semiambustum

931 3546 994 3605 iaot
1016 3546 1044 3603 io
1067 3543 1191 3603 historia
1215 3545 1338 3605 Consilii
1360 3548 1462 3607 Pisani
1485 3555 1559 3608 tom.
1574 3549 1602 3609 2.
1618 3564 1639 3624 p.

932 3639 979 3699 56.
1003 3638 1051 3699 uhi
1084 3622 1174 3697 et'iam
1210 3638 1325 3697 iconem
1360 3637 1429 3717 ejus
1461 3657 1534 3703 aere
1568 3638 1643 3701 nitide

932 3744 1106 3806 expressam
1119 3729 1250 3798 exhibet,
1261 3737 1292 3788 et
1305 3732 1501 3792 Hermannus
1513 3734 1551 3793 ab
1565 3730 1642 3794 Hardt

934 3832 1014 3882 tomo
1032 3823 1126 3899 primo
1144 3821 1286 3882 historiae
1298 3824 1425 3884 concilii
1443 3823 1641 3887 Constantino·

934 3918 977 3975 sis
999 3934 1028 3993 p.
1051 3916 1117 3973 450.
1140 3931 1203 3993 seq.
1226 3915 1294 3975 Mihi
1311 3918 1424 3995 scripta
1446 3920 1527 3978 Petri
1546 3919 1640 3978 reterre

933 4016 1081 4086 quantum
1105 4007 1224 4079 licebit,
1246 4012 1322 4069 satis
1346 4009 1447 4070 fuerit.

975 4102 997 4160 l.
1019 4099 1236 4161 commentarii
1256 4098 1363 4162 bream
1376 4102 1408 4160 in
1423 4104 1472 4162 W.
1485 4100 1576 4163 libros
1586 4104 1643 4163 Ser

935 4192 1257 4254 tintinniacum.
1291 4201 1323 4254 et
1355 4194 1544 4274 Argentinae
1570 4194 1641 4257 4494.

934 4285 983 4346 nbi
1001 4285 1106 4364 juncta
1129 4284 1278 4346 habentur
1301 4287 1414 4366 scripta
1430 4288 1507 4351 haec
1523 4291 1639 4369 quinque

937 4379 966 4454 44
983 4379 1121 4452 Qualiter
1133 4377 1286 4459 principia
1317 4379 1346 4439 in
1367 4381 1385 4440 1
1389 4381 1418 4441 V.
1430 4378 1527 4443 libros
1538 4382 1640 4443 sinn·

934 4649 999 4697 41444
1014 4647 1202 4706 arithmetico,
1221 4648 1383 4703 4444444414,
1403 4639 1640 4701 tstmnornhfflosi·

933 4733 976 4772 cae
992 4727 1021 4770 ut
1040 4719 1173 4779 44444444,
1190 4722 1358 4769 Grammatico
1401 4715 1638 4782 togtcmthetortn·

978 4793 1004 4854 d)
1020 4793 1181 4845 4444444444.
