3368 5362
46 192 49 199 ’
155 192 214 254 848

783 192 1040 253 ruostine

153 301 201 362 4411
231 300 530 378 Montepessulaoum
564 305 693 372 vocant,
715 297 877 357 Mathenra
933 295 1415 359 4444444451414444.4155.
1451 297 1650 355 Patavinorum

152 395 234 453 ticus
257 394 385 471 insignis
406 394 530 451 414444.
555 392 643 453 4350.
666 391 783 470 Scripta
812 392 878 470 ejus
934 408 1001 469 pag.
1025 390 1096 450 1438.

77 560 80 567 ¹
153 489 236 563 typis
257 501 400 562 expressa
420 501 476 542 noo
501 485 673 561 habentur,
689 476 742 543 sed
762 492 879 545 tantum

976 480 1239 544 Puusuoctiitis
1251 482 1367 553 canes,
1379 482 1430 541 vel
1444 477 1654 553 4404ωὲ11444,

154 596 184 637 44
203 577 392 637 bibliothecis
412 577 578 638 illustribus
600 580 703 639 latent.
728 579 776 638 Sic
797 579 882 638 Liber
934 576 1014 654 quod
1039 592 1148 635 nomen
1172 575 1385 648 iamiliaeest,
1410 590 1472 631 noo
1496 573 1547 651 dig
1530 575 1656 639 ⁰uitatis

154 668 190 729 de
214 668 409 746 Quadrante,
439 673 490 747 qui
514 673 604 731 etiam
628 669 689 730 Ars
711 670 783 730 novi
802 673 883 747 Qua

154 761 272 822 rlrorrtis
294 770 321 820 ei
346 761 380 821 de
403 763 612 841 compositione
634 761 821 840 penetrantis
840 767 884 822 144-

154 855 315 925 scribrtur,
348 861 393 914 ter
421 863 523 915 exstat
555 859 582 915 in
617 858 690 916 Bibl.
721 858 882 929 Vaticana,

154 948 249 1008 semel
273 949 301 1005 iu
325 948 397 1007 liibl.
421 949 684 1009 Dominicauorum
707 950 882 1009 Florentiae.

155 1042 243 1100 Bera.
265 1037 302 1097 de
322 1040 511 1101 Montiaucon
536 1041 609 1101 bibl.
629 1042 880 1101 bibliothecarum

53 1171 58 1177 -
153 1134 225 1192 list.
249 1151 276 1210 p.
300 1133 349 1192 25.
371 1134 418 1192 89.
444 1137 512 1195 441.
536 1135 604 1195 lib.
626 1135 761 1195 Conorres
783 1140 812 1194 et
831 1134 885 1192 To-

153 1222 241 1286 bulae
267 1222 494 1286 Astronomicae
517 1229 545 1285 ia
571 1229 733 1301 Vaticana,
757 1227 824 1286 ibid.
858 1245 884 1305 p.

156 1320 223 1389 408.
253 1316 420 1378 Almonocb
443 1322 591 1398 incipiens
612 1321 650 1381 ab
672 1338 697 1380 a.
729 1321 817 1382 43110.
857 1325 885 1380 in

153 1411 284 1472 Archino
306 1412 335 1471 S.
356 1413 432 1470 Petri
452 1415 581 1487 Romae,
599 1413 666 1473 ibid.
690 1431 718 1492 p.
738 1416 805 1475 158.
826 1415 884 1477 Ca·

153 1521 242 1565 nones
263 1502 446 1582 Astrolopici
465 1508 493 1563 in
517 1506 590 1565 84444.
614 1509 703 1584 Regia
728 1510 886 1585 Parisino,

154 1597 221 1656 ibid.
249 1615 277 1674 p.
306 1599 373 1656 981.
399 1597 434 1657 de
460 1603 592 1677 utraque
619 1597 737 1678 uctrpn·
754 1599 834 1661 Solis
860 1607 889 1661 et

153 1691 254 1750 Lunae
265 1709 274 1764 ;
294 1693 366 1749 item
389 1689 504 1750 Tabala
522 1698 620 1752 motus
639 1698 762 1754 octonos
781 1693 887 1773 spirae·

152 1799 227 1856 rae,
262 1786 291 1843 io
325 1785 516 1844 Bibliotliecis
538 1787 672 1864 Angliae.
695 1789 780 1847 Plura
803 1788 886 1848 dabit

152 1874 250 1935 Celeb.
281 1876 408 1936 Wolllus
432 1878 508 1937 Bibl.
531 1879 692 1939 llebraicao
715 1887 786 1939 torn.
810 1882 830 1940 l.
855 1900 886 1959 p.-

156 1969 223 2028 988.
241 1969 315 2028 44444
334 1979 436 2029 autem
450 1972 568 2031 Pitseus
582 1972 620 2030 de
633 1973 744 2032 illustr.
762 1972 885 2052 Angliae

153 2062 355 2139 scriptoribus
373 2065 473 2139 ipsum
492 2063 622 2140 Anglum
643 2067 763 2124 natione
784 2066 884 2126 tradit.

193 2156 431 2216 l‘ltOPEliPlUS
454 2156 610 2233 trapetas,
630 2157 762 2218 Medicus
786 2161 883 2237 magni

154 2250 285 2306 nominis
323 2255 354 2307 et
386 2248 545 2307 Archiater
572 2251 786 2311 Cremonensis
807 2256 886 2314 circa

154 2357 181 2400 a.
204 2342 293 2400 1348.
309 2343 436 2418 Scripsit
454 2340 489 2400 de
506 2344 624 2401 ratione
645 2342 806 2403 ordinandi
827 2362 886 2406 me-

150 2431 348 2506 dicamento,
376 2432 411 2492 de
433 2432 553 2492 liumido
574 2434 707 2495 rodicali
719 2484 725 2511 ,
749 2436 784 2495 de
807 2455 886 2496 mor-

156 2522 202 2587 bis
230 2524 431 2602 arctioribus,
462 2527 498 2586 de
527 2528 647 2603 urinis,
669 2529 705 2590 de
735 2529 889 2593 doloribus

156 2617 256 2679 coticis
292 2624 379 2680 Arisii
403 2624 551 2684 Cremona
581 2623 698 2683 literato
722 2631 793 2684 tour.
816 2628 836 2685 l.
860 2645 885 2705 p.

196 2806 472 2870 PliOSDOClMUS
490 2807 524 2868 dr
542 2809 738 2870 Bcldemorsdo
754 2813 800 2872 vel
823 2811 888 2872 net

154 2898 308 2975 dimendo,
342 2903 526 2978 Pater-inae,
549 2906 672 2981 scripsit
693 2922 718 2964 a.
743 2905 830 2966 itit.
853 2905 888 2965 de

155 2993 296 3067 Musica,
311 2996 383 3053 item
402 2995 536 3056 Curiones
554 2999 619 3055 sive
634 2994 763 3057 Tabulas
782 2998 886 3058 Astro-

153 3103 286 3146 nomrcos
303 3104 383 3163 quae
403 3088 431 3146 in
448 3088 522 3147 Bibl.
541 3091 803 3150 Dominiceuorum
823 3093 888 3150 Flo·

154 3181 267 3237 rentiae
302 3179 348 3238 bis
376 3188 588 3240 asservantur.
611 3183 700 3240 Bern.
723 3182 760 3241 de
793 3184 888 3242 Mout-

158 3271 263 3330 iaucon
298 3274 375 3332 8144.
400 3273 650 3333 bibliothecarum
674 3277 746 3335 list.
769 3293 797 3352 p.
820 3277 889 3336 448.

201 3472 227 3529 4)
244 3473 404 3521 Adducimus
423 3473 469 3522 4444
487 3477 621 3523 occasione
636 3474 712 3524 verbu
728 3480 765 3524 to.
791 3477 888 3526 salinas

152 3557 183 3593 ex
199 3551 371 3595 annotatione
389 3551 469 3609 primu
487 3549 518 3595 ad
538 3552 617 3597 ritum
635 3553 752 3611 Prosper!
772 3550 804 3598 ab
824 3556 893 3599 Auo-

938 670 1122 745 Patavinae,
1152 668 1246 728 iuius
1266 674 1298 726 et
1332 667 1532 726 sanctionum
1555 666 1658 724 Pontiie

939 766 1054 824 ciarum
1089 764 1173 822 14444.
1197 761 1335 838 publicus
1358 775 1422 820 sec.
1446 759 1527 819 XlV.
1550 761 1658 838 Scripsit

943 857 1121 915 Tractatum
1151 852 1396 931 differentiarum
1419 851 1511 911 iuris
1532 850 1621 912 ciuilis
1637 858 1658 909 et

940 947 1077 1008 cononici
1092 952 1163 1006 item
1187 945 1221 1006 de
1244 945 1514 1022 consunpur'nitote
1535 950 1564 1003 et
1581 944 1658 1024 offini-

939 1047 1016 1116 tote,
1039 1043 1090 1117 qui
1108 1040 1175 1100 libri
1195 1046 1266 1099 suat
1285 1039 1450 1115 impressi:
1469 1036 1508 1096 de
1532 1037 1657 1096 1444444414

940 1136 1048 1212 dapum
1065 1137 1096 1191 et
1116 1132 1270 1194 Curionum
1292 1132 1320 1188 iu
1343 1129 1471 1189 0444444
1489 1129 1572 1189 luris
1591 1140 1655 1188 tomo

942 1226 963 1286 l.
992 1244 1021 1304 p.
1049 1226 1116 1286 490.
1136 1225 1246 1286 Comm.
1264 1223 1294 1282 in
1312 1227 1441 1282 sertum
1461 1220 1658 1282 Decretoiiun.

941 1323 1029 1380 414444.
1058 1318 1227 1379 Scardeonii
1257 1318 1379 1394 Antiqu.
1406 1319 1516 1376 Patav.
1539 1318 1574 1375 44.
1594 1318 1617 1375 8.
1635 1334 1657 1392 p.

945 1413 1010 1475 473.
1034 1412 1101 1473 471.
1120 1412 1271 1472 Possevini
1295 1409 1477 1488 Apparatus
1501 1409 1656 1488 lipsii.

943 1506 1003 1566 Nic.
1025 1507 1170 1567 Comneni
1203 1501 1378 1582 Papadopoli
1409 1503 1490 1563 Hist.
1523 1502 1656 1581 (4444444514

944 1598 1076 1658 Patavini
1101 1598 1149 1656 lib.
1173 1595 1223 1656 ili.
1247 1602 1320 1655 sect.
1345 1597 1368 1656 l.
1394 1613 1465 1674 cap.
1489 1597 1520 1655 8.

983 1689 1149 1752 PROSPER
1182 1689 1471 1763 AQUITANlCUS,
1495 1690 1656 1765 44444144·

943 1787 990 1845 nia
1009 1785 1124 1845 scilicct
1141 1783 1306 1857 oriundus,
1326 1800 1388 1860 quo
1409 1786 1537 1842 nomine
1558 1781 1655 1842 indeab

942 1878 1075 1954 antiquis
1094 1877 1279 1955 temporibus
1297 1876 1497 1954 appellatur,
1517 1882 1552 1937 ut
1565 1876 1653 1934 seilicet

941 1971 978 2031 ab
995 1971 1071 2030 alitis
1089 1972 1144 2048 ipsi
1162 1969 1394 2047 cognominibus
1420 1968 1619 2047 distinguatur
1631 1972 1650 2041 41

941 2065 983 2123 144
999 2066 1060 2122 vita
1079 2063 1148 2142 ejus
1164 2062 1257 2143 multa
1276 2063 1397 2121 narrari
1420 2070 1586 2139 nequeunt.
1601 2063 1652 2121 liele

941 2163 1035 2236 agunt
1061 2173 1191 2230 omues,
1213 2156 1269 2232 qui
1286 2157 1390 2233 ipsum
1415 2155 1597 2233 Episcopum
1615 2157 1652 2213 lle

941 2253 1074 2328 giensem
1090 2252 1137 2310 vel
1152 2253 1179 2309 in
1200 2249 1283 2309 ltalia
1296 2292 1304 2319 ‚
1317 2248 1369 2308 vel
1389 2249 1420 2306 iu
1438 2249 1535 2309 Gallia
1554 2249 1650 2316 4444444,

942 2343 969 2402 id
992 2343 1070 2421 quod
1094 2343 1188 2404 solide
1210 2343 1364 2402 refutatur
1385 2343 1416 2400 444
1440 2340 1511 2401 Vita
1532 2342 1650 2419 Prosperi,

940 2454 1017 2512 quae
1034 2436 1157 2496 editioni
1176 2435 1244 2512 ejus
1263 2436 1422 2495 Parisinus
1441 2453 1468 2496 a.
1490 2437 1580 2497 4744
1592 2450 1652 2514 pne

943 2528 1000 2589 4444
1012 2547 1038 2590 4.
1053 2531 1099 2591 iu,
1113 2528 1178 2590 Ado
1192 2529 1376 2588 Viennensis
1396 2528 1437 2588 ad
1456 2546 1486 2590 a.
1500 2531 1567 2591 258.
1579 2532 1650 2608 ipsun

944 2621 1048 2682 Leonis
1068 2621 1173 2699 dloqui
1191 2619 1352 2683 Notarium
1376 2630 1493 2683 vocat:
1515 2624 1651 2685 4444444454

943 2717 1062 2774 neruiue
1095 2714 1208 2792 aliquid
1241 2714 1468 2789 observatum,
1501 2725 1567 2785 est,
1595 2711 1650 2774 uude

942 2814 1104 2885 appareat,
1127 2810 1302 2886 Prosperum
1329 2807 1430 2868 inisse
1448 2810 1546 2886 gradu
1562 2816 1651 2870 auton

943 2898 1011 2958 dine
1033 2901 1116 2959 laicis
1138 2908 1190 2959 aut
1216 2899 1373 2959 monachis
1397 2905 1596 2979 superiorem.
1614 2903 1650 2959 Po

944 2995 1091 3051 tissimum
1112 2996 1192 3053 vitae
1211 3009 1283 3053 suae
1299 2999 1424 3069 partem
1444 2999 1588 3073 transegit
1601 3008 1650 3054 ron·

944 3087 1098 3144 troversiis
1120 3093 1225 3146 contra
1244 3087 1512 3164 semipelagianos
1534 3090 1563 3148 in
1581 3085 1650 3148 Gallu

943 3181 1079 3238 tractatis
1092 3222 1099 3249 ,
1112 3186 1143 3238 et
1157 3179 1331 3237 defensione
1344 3179 1513 3258 Augustini
1529 3187 1649 3256 suscepti·

945 3274 1003 3331 lter
1035 3287 1155 3348 quoque
1185 3271 1221 3331 ad
1254 3271 1469 3333 Caelestinum
1506 3272 1649 3334 Pontificem

941 3472 1034 3520 nensis
1058 3471 1106 3520 sub
1121 3473 1219 3522 Attila.
1245 3456 1365 3534 itpistals¹
1379 3474 1483 3524 sidonii
1504 3482 1542 3524 454
1556 3474 1611 3520 iili.
1626 3465 1653 3513 14

940 3546 1027 3596 Libros
1043 3546 1076 3594 ds
1090 3547 1234 3596 uacatione
1256 3547 1377 3608 peritiam
1397 3550 1449 3610 ipsi
1468 3549 1561 3598 tribuit
1576 3546 1653 3594 institi

152 3631 228 3678 ormo
239 3625 428 3682 conscriptam,
442 3634 508 3682 quae
522 3625 547 3670 in
560 3623 743 3683 compendium
758 3631 892 3676 contrecta
939 3625 965 3672 ln
982 3625 1076 3671 4445444.
1092 3622 1246 3680 Pelopiam:
1263 3634 1353 3671 rorum
1370 3624 1393 3671 ts
1414 3623 1482 3672 nihil
1502 3622 1586 3672 edidit

70 4021 73 4027 .
151 3992 347 4050 permiscendo
365 4006 419 4042 non
437 4003 509 4044 sunt.

150 3700 209 3742 54444
219 3707 248 3743 44
256 3701 308 3744 444.
319 3697 625 3756 uasnsgtiubscrvmtone
634 3699 760 3749 Chronico
774 3702 891 3761 Prosperl
986 3696 1090 3744 Tertius
1101 3695 1155 3756 fuit
1167 3698 1289 3744 incertae
1302 3696 1377 3744 sedis
1389 3698 1566 3761 Episcopus,
1577 3701 1652 3755 “W

153 3773 232 3817 nostri
247 3774 400 3830 praemisse:
410 3774 464 3820 Sea
476 3772 516 3819 ael
531 3779 628 3834 septen
643 3773 729 3834 fuisse
739 3776 889 3837 Prosperes
937 3771 1019 3820 Leoni
1035 3772 1139 3833 Mopno
1153 3779 1179 3820 et
1194 3772 1276 3820 alteri
1289 3772 1431 3833 Prospero
1449 3764 1650 3834 4444444141·

154 3854 191 3890 ex
210 3844 298 3903 quinti
317 3858 349 3892 oc
366 3848 438 3892 senti
457 3848 541 3895 seculi
558 3848 675 3898 historio
692 3856 810 3898 constat:
825 3863 892 3910 quo·
939 3847 1040 3897 Emiiio
1060 3847 1189 3894 Praesuli
1199 3882 1208 3906 ,
1227 3845 1272 3906 qui
1288 3846 1362 3892 144144·
1388 3847 1546 3907 Prosperes
1567 3846 1651 3905 44444111

151 3927 212 3963 rum
231 3925 309 3977 peste
326 3918 367 3966 uei
386 3920 475 3981 Opera
493 3920 524 3969 ob
541 3924 661 3971 nominis
681 3923 890 3972 similitudinem
939 3928 979 3969 esi
996 3922 1208 3970 enumerandus.
1225 3919 1324 3969 bobius
1336 3922 1421 3969 etlam
1434 3926 1473 3969 454
1491 3921 1534 3969 1444
1553 3914 1652 3978 leplessis

941 4001 1065 4058 Prosper,
1094 4002 1123 4045 ut
1140 4000 1210 4061 patet
1228 4007 1257 4044 en
1278 3994 1480 4055 consideranti,
1502 4007 1567 4058 quse
1585 3994 1651 4041 444411

198 4064 268 4111 Pri·
280 4079 312 4113 us
340 4067 395 4126 [4144
413 4069 494 4129 Aser,
516 4071 743 4134 Caribapinensis
757 4073 896 4121 Ecclesiae
936 4075 1007 4120 Vitae
1023 4073 1142 4133 Prosperi
1156 4082 1180 4119 e.
1195 4068 1233 4116 it).
1250 4080 1282 4117 ex
1296 4070 1375 4116 444145
1390 4069 1563 4130 scriptoribus
1574 4072 1650 4123 444411·

154 4136 296 4196 0111111114
324 4148 419 4188 asertor
446 4144 541 4203 Operis
566 4146 598 4193 de
622 4146 849 4207 promissionibus
866 4155 891 4195 ct
937 4149 979 4194 slt.
1004 4146 1098 4194 14441414
1117 4156 1177 4194 vero
1196 4145 1227 4194 de
1255 4144 1307 4190 rita
1324 4141 1400 4191 itlius
1418 4143 1651 4200 brevissimam

76 4270 84 4277 ,
152 4212 388 4274 praedictionibus
406 4216 480 4275 Dei,
497 4221 542 4278 qai
560 4235 593 4269 e.·
603 4222 659 4269 sua.
677 4221 803 4282 interfuit
818 4222 893 4269 dedi·
941 4223 966 4269 in
980 4222 1150 4269 annotatione
1165 4218 1196 4267 sd
1211 4219 1316 4266 eandem
1328 4218 1482 4267 4484144445
1496 4215 1650 4279 neapolitum

154 4287 366 4349 cotionitempli
382 4290 556 4352 coelestisne
573 4294 790 4358 ibipcrmonsit,
808 4310 891 4358 usquo
936 4295 1014 4343 mulis
1033 4293 1208 4343 fabulositatis
1221 4292 1316 4342 indicis
1334 4291 1502 4350 exbibet‚et
1518 4297 1596 4353 sperit
1607 4294 1649 4334 111·

153 4362 190 4411 ad
208 4376 233 4410 o.
253 4361 309 4410 454.
329 4374 378 4422 quo
396 4363 730 4430 felicitcrpupnntumest
751 4372 891 4421 adversm
938 4371 995 4420 ncta
1012 4376 1064 4418 est.

154 4435 341 4486 Gensericum
366 4439 492 4486 Nimirum
509 4443 660 4495 4444444444
675 4448 762 4507 Eplsc
785 4447 892 4495 Curibu·
984 4443 1038 4492 His
1051 4443 1150 4494 addere
1167 4441 1229 4491 14444
1240 4442 1409 4503 Prosperum
1422 4441 1456 4490 ab
1469 4441 1573 4490 4444454
1586 4431 1650 4487 Mitt·

47 4536 49 4540 .
153 4513 288 4571 elnensis,
317 4511 459 4573 templum,
485 4514 554 4574 quod
572 4518 684 4567 1444441145
700 4523 766 4568 liene
783 4520 889 4570 coelesti
938 4517 1082 4566 rhaeorum
1097 4514 1217 4580 aolidem
1227 4515 1397 4565 corbolicum
1414 4505 1650 4570 4444444441,1111’

153 4593 337 4645 44444444444,
366 4591 417 4637 4444
435 4591 578 4637 vernetin
606 4603 665 4640 usus
689 4592 892 4644 Cbrlstlanorum
937 4591 1163 4641 anathematismi
1191 4593 1319 4640 aduersus
1349 4591 1512 4650 ejuratorss
1537 4584 1648 4639 14444111

153 4658 286 4708 dedicarit
936 4668 1079 4718 8144444444
1099 4673 1163 4715 sunt
1190 4666 1375 4715 Consiliorum
1394 4667 1536 4724 editioni
1559 4660 1649 4716 4111141ε

197 4734 332 4782 Secundus
354 4736 408 4797 [414
428 4737 633 4787 Aurelianensis
653 4742 785 4800 Praesui,
815 4749 839 4789 et
864 4755 890 4790 o.
937 4743 973 4790 ad
990 4742 1172 4804 poemaninti
1189 4739 1306 4789 labentis
1325 4740 1431 4788 seculi:
1450 4747 1476 4788 et
1494 4740 1613 4791 alterum
1621 4739 1648 4774 111

153 4803 208 4851 ibis.
234 4808 890 4874 44444144,44411444448144441454414444444414
940 4817 1047 4865 Tironis
1066 4829 1163 4864 nomen
1177 4815 1254 4877 suit,
1266 4811 1581 4876 Prosperians'rbroniri
1590 4809 1649 4854 14111·

155 4877 256 4928 Anioni
274 4884 378 4943 vitam,
397 4894 421 4934 st
438 4889 583 4937 instoriam
601 4887 753 4938 obsidionis
767 4890 890 4938 Aurelia·
939 4892 1098 4953 potatorem.
