3622 5406
730 216 953 280 PETRUS
1524 225 1585 288 885

100 326 205 385 tr'arum
224 325 257 400 8)
269 325 296 400 444
312 325 342 386 8.
354 325 546 402 Scripturas,
559 323 596 383 44
610 323 711 384 4444444,
729 319 806 387 xvi.
864 312 902 386 de
925 325 1011 385 mado
1032 341 1086 386 seu
1111 325 1202 384 444444
1216 323 1344 400 eligendi
1357 326 1530 388 Pontificem
1546 333 1582 392 43

102 421 143 479 48.
162 421 261 500 Super
282 417 358 478 44444
375 419 494 496 petram
514 414 675 494 aedificabo
708 417 808 479 Enete
864 419 901 480 de
924 421 954 480 S.
976 419 1122 480 Trinitate
1144 425 1174 477 et
1197 418 1233 479 44
1255 419 1437 480 Constitutio
1455 423 1580 482 Benedi-

99 511 168 570 sions
183 525 290 570 meam
313 509 342 582 tl)
368 508 552 588 Principium
574 507 601 586 bl
632 510 808 574 incursum
864 511 935 572 44444
957 512 1037 572 Xlll.
1057 511 1145 571 Anno
1167 510 1253 571 4495.
1277 509 1312 570 de
1331 508 1405 591 sesto
1436 515 1491 574 88.
1520 515 1586 576 Tri-

97 600 462 680 abiarampraesertr'm
478 600 715 680 inEaanpelium
726 606 809 666 llar-
864 603 966 665 nitatis
988 622 1041 683 per
1052 611 1146 664 totam
1169 604 1336 664 Ecclesiam
1357 605 1537 668 celebrando
1559 611 1586 684 e)

97 695 130 754 ci.
149 695 175 768 4)
197 694 338 771 Quaestio
363 693 591 774 Vesperr'orurn,
612 699 638 756 c*
661 699 746 758 ntum
756 701 809 759 Pe·
863 715 902 756 ex
923 699 1080 758 occasione
1101 697 1244 775 praedicti
1266 698 1421 759 8444444444
1433 701 1584 778 publicata

96 787 134 848 tri
151 786 287 848 Ecclesia
307 786 369 865 repe
389 785 551 866 rapuimus.
574 789 648 862 445)
667 791 807 865 Quaestio
864 793 902 852 444
923 790 961 852 44
982 791 1013 851 8.
1035 790 1229 868 Chrysogono
1250 793 1401 869 Martyre,
1423 795 1470 854 46.
1492 803 1523 854 44
1547 797 1584 856 47

95 877 125 938 de
142 884 297 952 resumta,
319 879 348 953 dl
370 884 475 956 ulrum
499 879 583 940 Petri
594 880 731 944 Esaiasia
745 883 807 964 ispe
861 881 899 943 de
918 885 948 945 S.
973 882 1146 952 Ludovico,
1167 882 1312 943 Tolosaoo
1344 885 1500 964 Episcopo.
1535 890 1581 948 48.

94 971 260 1050 reputetur,
279 971 339 1050 fide
359 971 556 1050 confirmetur
575 979 604 1034 et
617 976 694 1053 jure
713 976 804 1038 dami-
862 977 911 1036 49.
924 977 1086 1038 84444444
1099 976 1167 1036 tacti
1191 977 1219 1034 in
1248 976 1370 1053 Synado
1383 979 1581 1040 Cameracen-

94 1071 181 1126 aetur.
860 1071 896 1129 si.
918 1071 967 1130 89.
992 1070 1097 1130 Sermo
1124 1069 1244 1131 babitus
1272 1075 1300 1130 in
1334 1071 1456 1148 Spooda
1488 1091 1581 1154 super

127 1160 159 1220 ll.
186 1160 346 1220 Tractatus
366 1164 396 1220 et
414 1173 566 1221 sermones
584 1161 715 1238 junctim
742 1164 804 1224 edi·
860 1161 940 1237 illud·
955 1162 1111 1242 Evangelii
1137 1164 1205 1224 Luc.
1229 1165 1267 1224 Χ.
1290 1167 1314 1222 l.
1335 1165 1509 1244 llesipaaeit
1525 1169 1581 1228 llo·

94 1257 111 1311 ti
130 1253 318 1332 argentorat.
341 1253 431 1314 4499.
451 1254 499 1314 444.
529 1257 539 1314 4
557 1253 716 1334 Speculum
728 1257 803 1320 Can·
857 1252 957 1316 minus
976 1253 1053 1316 alios
1077 1257 1189 1316 trull.
1213 1257 1246 1317 84
1273 1256 1311 1316 44
1333 1259 1364 1318 8.
1380 1259 1534 1320 Dominica
1549 1270 1580 1320 et

91 1344 295 1418 4444444449,
315 1347 464 1424 capitibus
490 1349 556 1408 xtl.
587 1353 801 1412 4444444448
857 1348 897 1407 88
918 1347 955 1406 44
978 1349 1008 1424 S„
1022 1350 1195 1420 immisce,
1209 1338 1374 1410 lactusdn.
1389 1353 1477 1412 4388.
1490 1353 1579 1414 Clau-

92 1437 297 1519 Conpendium
318 1437 588 1518 contemplationis,
609 1449 672 1502 tres
694 1451 802 1505 tracta·
833 1481 836 1488 -
857 1438 902 1498 dit
923 1439 979 1500 boc
999 1440 1141 1502 volumen
1164 1442 1203 1502 83
1225 1441 1300 1502 liber
1321 1441 1357 1502 de
1376 1445 1578 1514 sacramentis
1614 1465 1617 1475 ·

91 1537 134 1590 tas
151 1527 379 1609 complectens,
401 1535 488 1600 44444
511 1533 645 1596 44444444
674 1538 704 1597 S.
726 1537 801 1598 ’4444
858 1531 1021 1594 Ecclesiae.

89 1639 145 1700 mse
166 1625 198 1682 in
221 1623 356 1684 secunda
377 1626 550 1702 secundae,
571 1626 729 1690 duodecim
752 1647 801 1692 44-
896 1627 948 1686 444.
973 1625 1085 1688 Vitas.
1103 1624 1192 1686 Petri
1214 1625 1250 1688 de
1267 1628 1434 1706 Murrone,
1462 1633 1577 1692 Eremi-

88 1717 192 1793 pitibus
213 1717 379 1778 conflatum
401 1715 437 1794 β)
462 1717 501 1780 44
521 1721 671 1798 spirituali
693 1740 801 1801 genes·
855 1725 904 1778 tae
925 1720 963 1780 44
984 1719 1130 1798 Aprutia,
1150 1727 1251 1797 postea
1276 1721 1436 1784 Caelestini
1454 1727 1482 1784 V.
1502 1728 1576 1786 Pon·

87 1807 152 1888 logie
171 1811 283 1886 Jacob,
305 1810 395 1872 etde
417 1812 592 1891 figuralibus
603 1817 751 1894 exemplis
761 1817 798 1878 ad
855 1811 944 1872 tisrcis
966 1814 1094 1888 Maximi,
1118 1812 1472 1879 Ordin.Caelestinorum
1490 1821 1575 1878 insti·

86 1904 363 1981 mutemplatianom
395 1906 618 1983 pertinentibus
646 1915 677 1968 et
702 1910 734 1984 γ)
760 1910 797 1969 44
854 1907 1360 1984 tutoris,aDionysioEabroedita
1377 1911 1460 1970 Paris
1484 1911 1570 1972 44439.

86 1996 284 2074 spiritualibus
302 1999 444 2060 sensibus
466 1999 645 2060 haminisad
660 2009 796 2064 contem·
853 1999 880 2056 4.
903 1999 1053 2076 obviaque
1073 1996 1153 2076 apud
1172 2000 1294 2062 Surium
1318 2003 1364 2062 49.
1386 2003 1452 2080 Maji
1475 2012 1506 2064 44
1520 2005 1572 2066 Pa-

91 2089 226 2165 plationis
241 2091 454 2169 perlectionem
473 2096 713 2172 pertingentibus
733 2095 798 2157 3444
850 2091 1043 2169 pebroclrium
1068 2099 1138 2152 tom.
1162 2094 1209 2153 tv.
1231 2092 1297 2170 bloji
1321 2112 1385 2173 pag.
1409 2096 1552 2158 485-497.

85 2188 208 2260 quatuor
226 2182 374 2262 praelibas
401 2183 503 2246 scalae
533 2187 726 2266 spiritualis,
755 2206 793 2250 444
891 2185 940 2246 lV.
960 2187 1093 2248 iunctim
1116 2186 1195 2247 edita
1218 2189 1283 2247 siae
1316 2191 1378 2250 loco
1409 2197 1441 2251 44
1470 2209 1570 2266 4444,

84 2274 162 2336 dictis
182 2279 220 2338 B.
240 2277 401 2338 Bernardi.
433 2280 450 2337 4
487 2279 613 2340 Verbum
633 2278 794 2342 abbrevia·
849 2278 898 2339 lol.
920 2282 1080 2340 Tractatus
1102 2277 1138 2339 de
1149 2279 1277 2359 imaprne
1292 2281 1404 2342 blandi.
1420 2281 1565 2362 Epilopus

85 2371 138 2428 44444
155 2387 252 2450 super
278 2369 372 2434 libros
404 2371 594 2433 Psalmoram
627 2377 645 2434 5
678 2377 791 2436 Deiota
848 2371 975 2452 Mappae
993 2370 1110 2434 Mundi.
1124 2373 1166 2431 De
1183 2374 1366 2435 correctione
1379 2373 1566 2438 calendarii.

83 2461 232 2525 meditario
252 2480 344 2545 super
363 2460 520 2526 Psalmum
542 2468 639 2528 XXX.
663 2465 694 2526 444
729 2467 791 2541 Te,
847 2464 890 2523 De
910 2481 982 2525 vero
1005 2462 1086 2543 cyclo
1109 2461 1221 2538 lunari,
1240 2465 1400 2528 Tractatus
1421 2467 1480 2528 aaa
1498 2470 1569 2531 Cas-

82 2553 196 2617 9444444
217 2575 358 2638 speram,
381 2575 439 2618 non
459 2558 628 2640 confundar
653 2559 791 2622 inceler-
845 2555 1048 2636 mayrapln'ae.
1073 2554 1314 2644 Vipintilaquium
1330 2559 1366 2619 de
1381 2561 1564 2622 concordan-

80 2665 150 2711 44444.
171 2653 190 2710 a
214 2653 314 2732 Super
336 2651 729 2716 assimularemus
744 2671 791 2714 me
845 2647 889 2710 444
908 2649 1132 2712 44444444οωί444
1152 2650 1289 2712 veritatis
1310 2665 1378 2712 cum
1399 2650 1562 2731 Theolopia.

79 2740 171 2806 944448
191 2749 225 2805 et
243 2743 379 2806 discerne
400 2758 526 2808 causam
546 2763 791 2825 meam,compa-
843 2745 1004 2805 'tractatus
1018 2744 1054 2804 de
1070 2743 1229 2805 eoncordia
1257 2745 1481 2807 Astranomicae
1513 2763 1562 2808 oe·

77 2835 126 2895 sita
146 2837 285 2900 basileae
307 2839 379 2900 dum
401 2845 466 2900 erat
487 2841 526 2900 ibi
550 2843 717 2918 Legatusd
748 2842 790 2900 la-
844 2836 946 2897 ritulis
967 2854 1036 2896 cam
1060 2836 1224 2916 Tlreolapia.
1245 2838 1403 2900 Tractatas
1431 2838 1467 2898 de
1494 2857 1562 2898 con-

77 2933 131 2989 tere
150 2931 209 2992 An.
236 2931 323 2994 44444.
345 2933 364 2993 7
387 2935 509 3011 Septem
542 2931 654 3010 gradus
687 2934 784 2993 scalae
843 2927 949 2991 cardea
965 2929 1189 2991 Asnonomicae
1210 2932 1348 2992 Veritatis
1367 2938 1397 2993 et
1412 2935 1564 2995 namatio·

16 3099 17 3112 ¹
75 3025 270 3095 poenitentiae
291 3039 383 3104 super
403 3030 513 3104 septem
533 3023 672 3087 Psalmas
685 3026 787 3104 poeni-
842 3020 889 3082 nis
909 3020 1088 3098 historicae,
1106 3026 1238 3103 scriptus
1253 3025 1387 3086 Basileus
1401 3026 1456 3086 llo.
1472 3028 1560 3088 4448.

16 3123 17 3188 l
75 3115 210 3178 4444444444.
237 3118 347 3178 Exstat
365 3120 456 3178 etiam
490 3121 519 3178 in
547 3119 809 3204 orthodoxogra3⁴
844 3115 1563 3183 944444444444444444444444444444444440444444-

16 3231 17 3244 ¹
73 3205 132 3280 pbis
151 3211 363 3288 4444444444.
376 3213 462 3272 1555.
475 3211 783 3291 catadupaplllss.
840 3205 993 3276 emerem
1014 3208 1167 3288 Theoloqt'a
1184 3217 1213 3271 el
1229 3228 1297 3272 tum
1315 3211 1459 3272 historica
1487 3230 1561 3273 aar·

71 3313 129 3360 4444
152 3303 403 3364 meditationibus
438 3307 466 3364 in
501 3306 654 3366 Psalmum
686 3307 782 3366 XXX.
840 3301 965 3360 ratione.
986 3300 1315 3382 Apolopetica·desensio
1332 3303 1560 3383 4444444444-

16 3461 17 3466 ,
71 3400 96 3448 et
115 3395 204 3456 XLll.
220 3411 287 3475 pag.
305 3398 390 3457 4449.
403 3399 491 3459 4449.
510 3405 542 3456 44
566 3398 678 3460 Gallias
691 3398 782 3476 bugd.
839 3393 973 3454 4444444444
994 3393 1153 3468 ueritatis,
1174 3398 1338 3472 composite
1361 3398 1502 3457 Coloniae
1522 3400 1555 3458 Α.

16 3505 17 3560 j
71 3483 148 3546 4444.
170 3489 273 3550 forma
292 3491 427 3572 minore,
450 3490 580 3551 Antonio
591 3491 718 3552 8414444
741 3495 784 3550 in·
840 3487 919 3546 4448
933 3496 964 3546 44
983 3487 1142 3548 Tractatus
1159 3486 1194 3548 de
1211 3487 1556 3550 aaacordradr'scardaa·

70 3581 202 3656 44444444.
217 3581 238 3640 8
252 3581 410 3644 Tractatus
424 3582 460 3643 de
471 3583 781 3645 Orationellaminica.
839 3577 913 3638 444444
934 3579 1194 3641 astronomorum.

69 3669 196 3749 isuper
219 3670 283 3733 Ave
304 3674 413 3750 Murra,
424 3683 455 3736 et
478 3676 605 3738 Cantica
619 3677 780 3750 lllllariae,
880 3673 913 3743 V,
936 3673 1053 3752 Scripta
1074 3676 1090 3734 d
1113 3674 1287 3734 Clarissimo
1309 3675 1437 3751 Dupinio
1459 3679 1556 3737 exili-

67 3759 464 3842 lacmrtae‚stmeoms,cum
478 3767 783 3849 epilapodcqaodra-
837 3763 876 3823 bl.
899 3765 1022 3842 Collegii
1042 3763 1184 3826 Navarrei
1202 3766 1287 3825 edita
1310 3769 1398 3827 toml
1421 3767 1554 3846 Operum

64 3851 460 3936 plrbiaucercitiospr'rituoli.
483 3862 639 3940 Exposilio
658 3863 782 3925 440444-
835 3858 881 3916 lo.
902 3858 1047 3917 Gersonis
1067 3857 1164 3918 Amet.
1189 3859 1275 3919 4796.
1299 3859 1346 3918 444.
1378 3861 1389 3920 4
1425 3861 1453 3918 44
1482 3861 1553 3922 44444

17 3959 18 3964 ’
66 3943 117 4006 te'aa
132 3949 332 4011 Canls'corum
352 3950 528 4015 Salomonis.
553 3956 598 4014 49.
621 3957 779 4015 Tractatus
833 3950 938 4010 4444444·
960 3951 1021 4010 Vll.
1044 3949 1311 4031 attenditedsalsis
1323 3951 1481 4030 Prophetis
1493 3961 1553 4014 tra-

65 4032 273 4104 delusoribus
282 4045 435 4124 81444444,
446 4063 573 4110 recusus
584 4050 675 4109 Dueci
691 4049 777 4110 4734.
832 4049 933 4102 clatus
951 4040 1010 4103 duo
1032 4059 1098 4120 pag.
1120 4043 1187 4102 499.
1210 4051 1242 4103 44
1264 4043 1331 4104 594.
1351 4060 1479 4122 qaorum
1503 4065 1553 4124 po-

64 4129 88 4188 8.
106 4150 176 4196 cum
205 4151 317 4197 novem
341 4141 462 4218 scriptis
484 4142 641 4220 prioribus.
661 4144 693 4202 44
710 4141 782 4202 Tm-
804 4141 812 4155 ⁰
832 4137 959 4194 steriore
979 4133 1129 4195 adversus
1151 4153 1260 4196 vanarn
1282 4127 1468 4214 Astraldgiac
1501 4155 1552 4200 su-

17 4217 18 4256 ³
64 4229 156 4288 444444
176 4225 216 4289 de
236 4229 361 4307 anima,
383 4247 511 4294 recusus
532 4235 613 4294 Poris
641 4233 730 4293 4494.
758 4235 777 4293 8
832 4229 1038 4308 perstitionem
1052 4228 1549 4305 444444444444804444444444444444

65 4316 142 4380 lbos.
167 4321 208 4381 48
231 4321 390 4384 sumanus
411 4325 657 4404 XXll.quuibus
670 4327 716 4386 48.
729 4333 777 4386 est
832 4319 980 4383 Drbinitas
998 4337 1199 4400 personarum
1216 4321 1322 4382 44444444
1340 4328 1453 4383 natura
1465 4339 1550 4385 crea-

97 4531 121 4584 sl
138 4535 233 4582 Exstat
247 4536 325 4584 etlam
342 4537 367 4584 44
381 4539 491 4599 lluplnts
508 4539 619 4589 editions
639 4545 677 4590 lo.
689 4543 780 4590 cesso-
826 4535 885 4582 siae
903 4533 1105 4597 infallibilitate
1122 4547 1152 4584 ex
1169 4535 1217 4586 bac
1233 4541 1382 4599 questione
1392 4539 1499 4597 repetite
1512 4544 1553 4586 st·

60 4604 91 4648 ¹ss
105 4606 217 4666 0444444
233 4615 294 4659 toas.
314 4608 324 4657 4
343 4622 402 4672 pag.
417 4612 473 4662 495.
828 4621 878 4668 que
896 4608 1042 4669 illustrate,
1060 4612 1204 4672 insertaque
1220 4615 1288 4662 44444
1307 4611 1475 4672 ,4444494444
1502 4613 1551 4662 ln.

96 4676 121 4738 b)
139 4679 206 4730 lbld.
225 4693 283 4743 pag.
298 4682 355 4734 949.
826 4681 895 4732 4749.
912 4695 937 4745 p.
953 4683 1071 4733 8544878.

96 4753 121 4807 t)
136 4753 203 4805 14444.
223 4767 282 4819 pag.
298 4756 353 4808 998.
869 4755 893 4813 4)
906 4756 997 4806 Caular
1006 4756 1184 4808 bellarminum
1198 4759 1240 4805 444.
1255 4756 1292 4805 45.
1305 4756 1337 4806 44
1350 4753 1510 4806 beatitudine
1523 4760 1548 4803 et

100 4825 125 4884 d)
143 4827 210 4877 lbld·
227 4843 253 4890 p.
269 4829 325 4880 9744.
341 4833 496 4884 conterenda
512 4849 613 4900 quoque
639 4837 716 4886 Petri
741 4837 773 4884 cle
823 4829 892 4879 cultu
909 4834 1077 4891 8444444444,
1095 4833 1171 4880 aselli
1189 4833 1297 4880 berlona
1315 4831 1341 4878 la
1360 4829 1435 4878 44444.

18 4967 19 4980 ¹
61 4893 149 4956 uarro
179 4906 294 4954 bostaris
316 4905 502 4968 complutensis
512 4917 628 4971 excerpts
643 4912 675 4958 de
685 4911 777 4958 Eccle-

1261 5017 1316 5075 489
