3368 5362
174 216 234 277 um
820 203 1041 266 SAMSOM

173 319 407 384 cos'uur'oersor
434 315 475 374 ad
509 311 708 390 differentiam
738 310 897 391 eujusdam
952 312 988 373 ad
1011 310 1185 372 Pontificem
1217 314 1249 368 44
1281 309 1332 369 alil
1356 312 1433 368 sunt
1455 310 1483 366 in
1504 307 1574 368 Bibl.
1592 308 1663 367 lati*

176 414 249 476 libri
263 409 438 473 baereticor.
457 407 512 486 444
526 402 634 466 Stellae
653 403 770 463 aomina
784 403 899 483 praeti-
953 422 1037 466 4444.
1059 406 1147 463 Bern.
1169 402 1415 464 deMontiaucon
1434 399 1507 460 444444.
1521 400 1648 461 Bibliothe-

175 505 299 567 tulatur.
322 503 394 562 Vide
417 501 493 560 Noa.
514 500 585 558 Lrtt.
609 497 691 556 Fiar.
715 499 803 558 4794.
825 497 892 556 549.
953 514 1055 558 carum
1078 496 1157 556 MSS.
1177 513 1205 572 p.
1229 496 1296 557 448·

216 595 361 658 salvtis
384 592 539 653 Cassetta:
563 589 802 649 Panormitanus.
825 587 897 648 Ord.
989 582 1650 664 sansonrecalvomoarescapsatbbraa

176 688 437 758 Praedicatorum,
467 684 634 742 Florentiae
668 683 797 758 primum
826 682 898 740 Bac·
956 683 1061 743 tionem
1080 684 1220 742 Summae
1236 677 1410 739 Mastieasr'r
1431 678 1464 737 44
1491 675 1645 751 llecreala,

177 781 356 850 calaureuS,
377 782 446 854 post
473 774 649 849 Theologiae
671 774 812 850 Magister
835 788 900 850 pro·
954 791 1031 852 quae
1064 772 1123 834 MS.
1154 778 1202 832 est
1231 773 1260 830 in
1283 771 1359 831 Bibl.
1383 769 1416 829 S.
1438 771 1557 845 Benigni
1583 772 1651 829 94444

176 879 275 933 motus
306 888 332 930 a.
369 869 456 930 4448.
488 869 517 925 44
541 864 669 926 Siciliam
693 864 787 924 redux
807 865 898 923 variis
954 869 1058 927 nensis
1079 874 1110 925 et
1127 866 1160 925 S.
1185 865 1314 925 Victoris
1330 864 1521 922 Parisiensis.
1540 864 1611 921 ilem.
1624 860 1650 920 dr

172 964 290 1026 scholae
300 965 542 1022 etconventuum
556 959 709 1035 regiminis
721 957 899 1015 muneribus
954 960 1141 1019 montfaucon
1169 957 1245 1016 Bibl.
1267 956 1341 1016 Bibl.
1355 955 1441 1015 MSS.
1454 971 1482 1032 p.
1500 953 1648 1015 tutatuta.

176 1056 306 1118 iunctus.
334 1052 482 1113 Difflnitor
503 1050 559 1110 luit
575 1056 611 1108 et
632 1065 657 1108 4.
683 1048 769 1110 4474.
792 1050 899 1106 Procu-
993 1050 1102 1110 Nescio
1135 1066 1172 1108 an
1208 1047 1286 1107 idem
1325 1051 1363 1106 stt
1402 1045 1515 1107 Petras
1543 1048 1647 1115 844444,

174 1156 255 1211 44444
288 1146 401 1206 ordinis
435 1143 613 1217 Generalis,
635 1143 775 1218 Magister
796 1140 898 1200 Palatii
953 1160 1042 1220 444444
1064 1141 1261 1219 Quaestioaes
1294 1136 1501 1199 Donrinioaleo
1522 1145 1549 1199 et
1571 1136 1649 1197 llirtir·

174 1241 254 1321 apud
275 1239 392 1300 Sirium
412 1238 457 1298 tv.
480 1252 497 1296 a
522 1252 582 1313 quo
615 1235 705 1293 etiam
725 1235 752 1291 in
775 1232 899 1293 Germa·
953 1236 1064 1296 otiores
1097 1234 1129 1294 r‘n
1153 1230 1325 1294 Decretales
1357 1235 1388 1292 in
1424 1232 1501 1293 Bibl.
1522 1232 1646 1291 Genucii

175 1335 256 1394 niam
279 1334 408 1409 Legatos
429 1330 542 1387 missus
562 1332 633 1385 est:
655 1342 741 1404 porro
770 1324 898 1402 inquisi·
953 1331 1035 1389 censi
1064 1337 1095 1388 et
1126 1327 1155 1386 S.
1175 1327 1274 1388 4444444
1307 1325 1541 1403 andegavensis
1569 1322 1646 1381 obrias

176 1434 241 1499 tor,
273 1431 304 1483 et
336 1421 458 1482 tandem
493 1421 633 1497 Magister
661 1419 792 1490 ordinis,
825 1418 897 1477 obiit
952 1425 1099 1480 memorat
1121 1420 1198 1480 idem
1222 1436 1252 1497 p.
1275 1418 1466 1480 tuta-tuat.

176 1535 205 1579 4.
227 1517 314 1579 4483.
337 1515 463 1590 Scripsit
487 1511 581 1570 Vitam
603 1512 633 1571 S.
652 1509 795 1571 Viaceatr'i
826 1510 896 1569 Fer·
991 1511 1138 1573 SAMSON
1190 1508 1418 1587 Cordubensis,
1461 1511 1597 1573 Ecclesiae
1621 1508 1643 1568 8.

177 1608 256 1671 rerir'
265 1604 439 1686 ,Epr'stalas
452 1604 494 1663 ad
507 1603 659 1663 altrorsus:
679 1602 754 1661 Acta
772 1601 897 1680 4444444-
951 1607 1019 1666 Zoili
1042 1606 1151 1665 ibidem
1172 1606 1299 1681 Rector,
1323 1606 1406 1665 vixit
1427 1622 1455 1666 a.
1478 1605 1542 1666 868.
1561 1603 1643 1663 4444444
1678 1678 1680 1685 Ι

177 1700 278 1775 tionis,
296 1698 372 1758 Aeta
387 1695 553 1775 legationis
569 1694 772 1754 Germanicae.
787 1695 896 1754 Conler
953 1715 1032 1759 44444
1054 1697 1121 1777 ejus
1138 1698 1231 1758 seculi
1255 1699 1465 1776 nonagesimo.
1487 1698 1595 1775 Scripsit
1606 1709 1641 1772 pro

173 1794 239 1856 bnt
274 1793 437 1870 Mangitore
473 1789 546 1849 Bibl.
585 1787 715 1847 Siculam
750 1794 821 1846 tom.
861 1787 895 1846 44.
951 1807 984 1850 44
1021 1789 1168 1851 aduersus
1211 1788 1417 1867 Hostlgesium
1462 1787 1640 1849 Maioriano

176 1879 561 1964 parapamsades
593 1879 794 1956 scriptoribus
826 1879 897 1940 Ord.
947 1882 1142 1965 praesulem,
1163 1885 1214 1961 qui
1247 1883 1412 1943 Saracenis
1439 1889 1520 1942 44444
1539 1878 1642 1941 adata·

177 1974 569 2049 Praedicatarumtom.1.p
599 1972 668 2031 859.
687 1972 762 2031 Hier.
781 1973 896 2050 Pegusa
953 1980 1068 2037 4444444
1103 1975 1316 2055 opprimendos
1360 1980 1568 2055 suggesserat:
1591 1973 1639 2029 item

176 2070 279 2146 Elogia
319 2069 486 2128 Siculorum
528 2082 557 2142 p.
599 2064 667 2124 lat.
710 2065 897 2126 ditamuram
953 2068 1102 2129 aduersus
1136 2067 1275 2128 baeresiu
1313 2065 1639 2146 Antropamorpbitarrn

176 2179 205 2239 p.
227 2160 295 2221 209.
317 2160 455 2220 Giornale
474 2156 673 2216 de’Lettorati
707 2156 735 2215 d’
751 2157 832 2217 ltalia
854 2165 900 2218 to·
954 2160 1158 2224 contemtile.
1181 2160 1303 2220 Antonii
1323 2160 1400 2220 Bibl.
1417 2157 1637 2239 Hispanamleta

178 2253 324 2312 moxxl.
345 2268 373 2329 p.
396 2248 462 2310 497.
951 2272 1015 2316 rem
1036 2254 1084 2315 Vl.
1107 2253 1134 2314 7.
1156 2271 1186 2312 n.
1209 2251 1278 2325 440,
1300 2269 1327 2312 4.
1362 2252 1518 2313 Possovini
1546 2249 1638 2328 aaran

217 2342 467 2407 ‘Praetereunda
486 2360 544 2402 non
564 2348 684 2402 444444
699 2358 776 2419 quae
796 2343 899 2405 dehoc
954 2356 1020 2409 tum
1041 2355 1122 2407 tomo
1143 2345 1180 2407 44.
1202 2364 1229 2423 p.
1253 2344 1323 2405 397.

176 2443 240 2501 4444
255 2439 376 2518 scripsit
401 2437 530 2498 lacobus
550 2435 764 2498 Volaterranos
791 2437 819 2495 in
842 2452 898 2496 suo
996 2437 1144 2501 SAMSON
1163 2439 1294 2512 Demeta,
1314 2440 1381 2499 444.
1396 2456 1434 2500 ex
1449 2433 1639 2519 provincialia

177 2529 493 2596 Diariotlamadan.
513 2529 586 2589 4484
610 2526 749 2590 «Salvus
778 2528 899 2591 Sr'culur
956 2534 1145 2611 morganensi
1180 2530 1348 2606 oriundus,
1385 2525 1628 2594 monacbnsetlb

176 2628 303 2688 celebris
319 2623 495 2701 Theologiae
518 2622 686 2701 professor,
715 2625 765 2699 qni
793 2624 897 2700 plures
951 2625 1006 2685 bas
1028 2627 1056 2684 in
1080 2625 1262 2684 monasterio
1289 2624 1374 2685 441444
1394 2627 1573 2704 provinciae,
1594 2628 1638 2680 uo·

178 2734 273 2779 444444
292 2719 323 2778 8.
340 2717 442 2794 444444.
462 2714 564 2775 Palatii
584 2715 723 2792 Magister
740 2715 838 2774 tuerat
866 2721 897 2774 et
952 2717 1021 2777 dem
1042 2717 1292 2796 acchiepiscopus
1314 2717 1465 2791 Dolensis,
1478 2719 1549 2778 vixit
1561 2709 1635 2777 abit.

177 2811 207 2868 44
224 2808 295 2868 Ord.
315 2824 370 2868 suo
393 2806 630 2866 Praedicatorum
655 2821 780 2884 magnae
792 2807 897 2867 autho
952 2817 983 2870 et
996 2810 1107 2871 librum
1122 2807 1158 2869 de
1168 2809 1303 2890 potentia
1320 2808 1638 2887 reclamaremus

154 2957 157 2963 .
179 2901 276 2961 4444444
290 2906 320 2959 44
338 2901 448 2975 gratiae
461 2917 469 2974 ς
484 2898 589 2958 eodem
618 2898 665 2957 die
691 2916 799 2977 nempe
826 2902 897 2977 vigi·
953 2902 1103 2963 Lelaudus
1123 2919 1149 2961 a.
1170 2904 1217 2964 43.
1239 2902 1371 2964 Bulaeus
1392 2905 1509 2965 centur
1521 2905 1542 2964 4.
1555 2900 1638 2962 tata

182 2994 252 3054 liam
267 2995 458 3052 Pentecostes
479 2991 657 3070 ingenerati
690 2991 895 3069 religiosorum
952 3012 1022 3055 seus
1043 3012 1108 3073 cap.
1127 2998 1176 3056 55.
1197 2997 1295 3055 Vitam
1318 2995 1386 3072 ejus
1408 2998 1528 3076 scripsit
1545 2992 1639 3057 Balbai·

181 3087 228 3146 sui
242 3085 355 3144 ordinis
369 3084 516 3156 concilia,
536 3083 614 3160 quod
635 3083 744 3143 itomae
771 3101 817 3162 ap.
846 3087 898 3144 Mi·
952 3106 1008 3148 cus
1029 3088 1281 3165 Archiepiscopus
1302 3090 1468 3160 Dolensis,
1486 3091 1640 3169 quaaersat

182 3194 306 3239 nervam
321 3183 368 3236 est
385 3177 569 3236 celebratum
584 3192 736 3236 consensu
761 3180 896 3238 omnium
952 3181 1032 3260 apud
1053 3181 1256 3241 Mabillonium
1278 3180 1347 3242 Sec.
1369 3183 1392 3242 4.
1405 3183 1552 3244 Benedici
1562 3199 1584 3259 p.
1595 3178 1640 3240 tib·

180 3271 328 3351 generalis
344 3269 556 3348 designatus...
576 3269 700 3329 vacabat
718 3276 790 3328 tunc
805 3287 840 3329 44
855 3269 899 3328 di·
995 3274 1145 3334 84448οΝ
1167 3272 1322 3344 Dolensir,
1343 3274 1417 3336 vido
1439 3276 1527 3337 modo
1546 3273 1638 3335 044444

178 3367 277 3443 gnitas
303 3364 385 3423 obitu
416 3362 557 3422 Leonardi
586 3363 731 3422 Mansueti
762 3364 897 3423 Perusini
994 3365 1142 3428 SAMSON
1161 3365 1437 3443 Duroverniensr's,
1456 3368 1640 3431 0444844444

182 3458 239 3516 4444
251 3456 433 3533 integerrimi
448 3462 479 3514 et
493 3454 836 3534 subtilissimiTheologi‚
848 3458 898 3533 qui
954 3460 1024 3519 dicti
1045 3458 1210 3519 monachus
1227 3460 1409 3520 cantuariae.
1426 3461 1466 3521 ad
1489 3462 1577 3521 lanum
1598 3452 1640 3515 Sti·

180 3549 270 3628 paulo
287 3555 357 3609 anto
377 3550 485 3607 4444444
502 3546 581 3605 diem
600 3547 720 3606 obierat.
744 3569 758 3604 4
955 3552 1076 3624 4444444,
1098 3567 1123 3610 4.
1145 3549 1231 3612 4479.
1247 3552 1374 3629 Scripsit
1389 3552 1535 3614 Mamilius
1544 3548 1640 3626 oropo·

218 3640 578 3703 SALVUSdeMeranal.
599 3641 631 3698 C.
647 3642 833 3715 Parmensis,
848 3657 900 3702 ca·
954 3642 1034 3702 cula.
1056 3643 1182 3704 Bulaeus
1203 3643 1328 3703 Centur.
1356 3646 1399 3704 Χ.
1429 3647 1481 3707 58.
1508 3648 1636 3706 Pitseost

178 3734 368 3809 tuaooasttr'a
388 3741 493 3794 extant
516 3735 544 3792 in
560 3733 618 3793 MS.
635 3732 705 3794 Cod.
722 3734 813 3794 Felini
831 3735 899 3796 449.
955 3736 1024 3795 889.
1045 3734 1195 3795 Lelandus
1216 3751 1242 3792 c.
1263 3736 1333 3795 249.

181 3844 241 3889 uua
256 3845 324 3887 cum
343 3829 476 3887 consiliis
497 3826 579 3886 Baldi
594 3826 631 3887 da
647 3827 845 3887 Saxoierrato.
865 3827 882 3863 ⁸
996 3826 1145 3887 SAMSON
1162 3824 1197 3886 de
1226 3826 1349 3903 insula,
1383 3830 1533 3893 Malchum
1561 3822 1641 3886 detilt

219 3919 431 3993 SAMPIRUS,
465 3921 632 3998 Episcopus
675 3920 900 3994 asturicensis,
958 3920 1143 3999 Pythagorae
1165 3922 1385 3997 interpretatus
1407 3931 1470 3998 est,
1497 3920 1566 4002 quod
1593 3924 1641 3992 4444

182 4013 303 4087 scripsit
323 4011 489 4071 Historiam
501 4026 554 4071 seu
568 4004 735 4072 Clrro'nicorr
747 4012 903 4073 4444858.
958 4017 1016 4074 MS.
1038 4021 1140 4074 exstat
1161 4015 1190 4072 in
1212 4014 1287 4073 Bibl.
1320 4015 1520 4078 ambrosiana
1547 4006 1642 4077 fledble

179 4102 217 4162 ad
246 4103 313 4162 985.
332 4121 410 4180 quac
431 4121 501 4164 cum
523 4103 655 4178 isidoro,
679 4104 797 4180 idacio,
814 4105 904 4165 seba·
960 4107 1056 4166 nensi.
1077 4108 1164 4165 Bern.
1187 4105 1224 4164 de
1247 4108 1441 4170 Montiaucou
1476 4109 1544 4171 Bibl.
1570 4098 1641 4166 arua

180 4194 278 4253 stiano
307 4201 339 4253 et
371 4195 486 4272 Pelagio
517 4196 662 4255 ovetensi
700 4196 779 4257 edita
811 4202 859 4256 444
885 4213 904 4257 4
960 4200 1116 4260 thecorum
1138 4198 1217 4259 MSS.
1240 4216 1269 4276 p.
1291 4201 1362 4260 520.

179 4285 342 4348 Prudentia
363 4286 561 4362 sandovalio,
584 4289 731 4367 Episcopo
744 4288 905 4349 Salmanti·
1000 4293 1149 4354 SAMSON
1170 4288 1394 4354 Malusvicr'arrr
1417 4290 1639 4375 (Mauroisiolre

178 4395 294 4455 44444,
326 4378 525 4456 Pompejopoli
550 4382 638 4441 4043.
661 4383 749 4441 tuat.
771 4380 819 4439 444.
842 4381 905 4440 Au·
959 4385 1009 4445 bili
1044 4383 1455 4463 generc,drcbidiaconus,
1478 4384 1637 4463 Praeposito,

178 4479 243 4533 otor
279 4475 354 4532 vixit
384 4475 462 4533 circa
486 4488 512 4531 o.
543 4475 632 4535 4080.
661 4476 723 4534 Nic.
753 4473 904 4536 Antonius
959 4481 1118 4553 Decanus,
1140 4478 1261 4538 undem
1284 4479 1458 4558 Episcopus
1492 4469 1638 4542 carnotensis

177 4567 253 4628 Bibl.
274 4569 403 4645 Hispana
435 4567 502 4626 Vct.
528 4566 590 4626 vlt.
613 4571 639 4628 4.
663 4586 690 4627 4.
716 4570 743 4629 S.
767 4567 904 4629 Oudinus
959 4572 1037 4631 circa
1058 4589 1086 4630 4.
1108 4572 1197 4631 4440.
1220 4571 1347 4649 Scripsit
1370 4570 1519 4651 Epistulas
1546 4564 1636 4644 44444444

177 4666 259 4719 tomo
281 4661 302 4719 l.
325 4677 354 4737 p-
376 4660 462 4720 4794.
960 4680 1087 4742 quarum
1110 4681 1173 4722 una
1200 4663 1310 4742 legitur
1332 4666 1361 4722 in
1383 4665 1529 4742 Operibus
1555 4658 1635 4721 Siti

218 4751 366 4812 SAMSOM
388 4752 559 4827 Bardines,
577 4753 648 4813 Ord.
672 4753 800 4813 Carmel.
822 4754 900 4812 circa
958 4754 1067 4830 nardi,
1089 4772 1168 4835 qaae
1191 4761 1263 4815 tom.
1285 4757 1320 4814 V.
1341 4757 1582 4816 Miscellaneoruu
1602 4746 1634 4804 bt

177 4848 311 4920 tempora
333 4845 453 4904 Consilii
477 4846 668 4906 Basileensis.
699 4847 773 4923 Ejus
795 4847 900 4906 Sermo
957 4847 1037 4908 luali.
1055 4849 1141 4908 Liron
1163 4848 1236 4909 Bibl.
1259 4848 1420 4912 Chatraine
1441 4866 1469 4928 p.
1491 4849 1535 4908 62
