3368 5362
571 64 586 133 5·

420 395 423 403 ’
458 350 1196 518 BIBLIOTHEGA

256 667 665 785 54444445
743 667 873 783 ar
952 669 1403 787 44444445

504 964 1159 1067 LATINITATIS

625 1283 1043 1328 ψ-

254 1694 469 1793 LIBER
506 1693 627 1796 ΧΠ.
858 1699 906 1771 us,
924 1648 1017 1775 Lnga.
1033 1698 1111 1759 4544
1130 1698 1208 1759 4544
1225 1700 1252 1758 5.
1272 1700 1372 1761 coron.
1387 1700 1469 1770 4544
1478 1702 1506 1761 5.
1517 1709 1575 1765 eu.

858 1792 912 1852 Vel
930 1794 959 1851 in
976 1793 1114 1871 templis,
1133 1792 1272 1867 arcibus,
1290 1793 1438 1873 basilicis,
1456 1800 1578 1873 551155-

858 1885 914 1947 4555
932 1889 960 1948 55
979 1887 1164 1966 westphalia
1182 1904 1230 1947 an.
1254 1889 1340 1947 5383.

134 1922 343 2045 ΜΑ15151118
363 1983 516 2057 Νουα5444,
535 1985 680 2059 Insuber,
698 1994 803 2064 poeta,
896 1982 1582 2063 5514555554445455555554415115455555556314]

88 2077 116 2135 in
132 2094 219 2154 (45554
236 2077 406 2154 asperiores
424 2077 511 2137 lusus
524 2084 617 2156 atque
634 2081 803 2142 invectivae
899 2074 1114 2152 Annacbergao
1132 2092 1179 2135 an.
1196 2074 1285 2135 1335.

80 2169 185 2249 Angcli
197 2171 334 2231 Politiani
351 2171 379 2228 in
396 2170 468 2230 libro
486 2172 736 2249 epigrammatum
751 2175 803 2234 t.3
899 2167 1030 2229 Dresdae
1046 2169 1074 2226 in
1092 2184 1160 2228 arce
1178 2168 1294 2246 Georgii
1310 2169 1411 2231 Ducis.
1430 2172 1517 2234 5535.

81 2266 154 2343 04444.
168 2264 243 2327 edit
263 2263 453 2342 Gryphiaaae
472 2280 536 2342 pag.
557 2265 625 2325 303.
643 2282 707 2345 seq.
898 2262 1032 2322 Basilcae
1050 2264 1078 2320 in
1101 2261 1247 2322 Coenobio
1268 2259 1575 2343 Augustinianorum,

119 2358 305 2421 1155158515
321 2364 427 2419 auctor
439 2354 553 2437 speculi
565 2358 723 2433 morticini,
740 2361 805 2421 5545
860 2362 980 2416 5551545
1001 2359 1045 2413 lo.
1080 2354 1231 2415 Holheinio
1258 2357 1371 2433 pictore
1404 2356 1578 2421 Clarissimo

78 2448 196 2532 speculi
224 2448 350 2511 55444555
379 2455 586 2527 mortuarum,
617 2468 677 2511 nan
703 2459 803 2515 tamen
860 2448 1062 2522 55155351

79 2548 186 2606 Latine
202 2545 243 2605 51)
263 2562 297 2605 544
313 2546 469 2623 compositi
491 2543 545 2606 sed
563 2544 716 2623 rhythmis
734 2547 807 2607 Ger·
901 2543 1016 2620 Lipsiae
1031 2544 1059 2601 in
1077 2541 1146 2602 aula
1164 2540 1346 2603 5545555555
1365 2550 1422 2604 etc.

81 2641 226 2715 manicis,
245 2638 300 2699 5541
319 2654 395 2715 quos
410 2640 523 2698 Latinis
544 2641 625 2699 circa
646 2656 693 2699 aa.
719 2641 806 2700 5560.
899 2636 1093 2697 1158581518
1110 2636 1273 2697 Monachus
1288 2639 1450 2711 Romanus,
1463 2641 1580 2703 amicus

86 2731 211 2792 reddidit
227 2733 378 2793 PETllUS
390 2731 506 2811 Dasray
521 2732 679 2793 Tratorius
690 2734 805 2795 Orator.
861 2730 959 2791 hutini
977 2727 1200 2807 Aquileiensis,
1219 2734 1269 2808 qui
1285 2732 1351 2808 ejus
1368 2730 1512 2812 opuscula
1526 2730 1582 2795 ad·

84 2827 203 2907 Latinos
216 2826 357 2905 vulgavit
373 2825 535 2886 Goldastus
549 2828 587 2886 ad
604 2827 716 2887 calcem
740 2845 807 2909 spe-
861 2838 967 2884 versas
986 2820 1084 2902 satum
1102 2823 1294 2887 454154455εεὶ44
1309 2826 1412 2888 laudat
1432 2828 1580 2891 invectiva

81 2920 139 2979 5515
149 2922 287 2980 omnium
303 2925 437 2980 statuum
454 2923 546 2980 totius
557 2920 645 2981 Orbis
658 2930 805 2984 terrarum
861 2919 882 2978 1.
899 2919 927 2975 55
947 2918 1182 2994 hieronymum,
1197 2920 1383 2997 Macarioque
1401 2918 1470 2981 huic
1482 2921 1582 3000 apolo-

81 3013 712 3076 544555451505831005545545555.155554.
726 3017 803 3078 1613
860 3012 938 3090 giam
961 3026 1046 3071 suam
1061 3009 1213 3071 dedicavit
1229 3030 1281 3090 pro
1299 3013 1439 3091 Origene.
1458 3014 1581 3077 Librum

83 3109 111 3166 l.
125 3107 285 3186 Antiquior
300 3108 373 3168 14555
387 3115 434 3168 555
448 3107 556 3168 chorea
569 3117 754 3171 mortuorum
767 3113 807 3170 si·
860 3103 1008 3165 adversas
1025 3103 1246 3166 Mathematicus
1261 3107 1326 3167 sive
1337 3107 1512 3187 Astmlogos
1523 3106 1583 3168 Ge-

75 3190 203 3263 ¹milibus
220 3202 373 3281 plerisque
390 3201 526 3278 ejusdem
548 3205 719 3282 argumenti
736 3212 805 3283 poe-
861 3199 1025 3258 ncthliacos
1052 3200 1081 3257 in
1111 3200 1184 3259 urba
1202 3202 1293 3262 horna
1316 3201 1353 3260 ab
1373 3217 1409 3263 eo
1435 3202 1582 3281 scriptum

81 3302 182 3357 tarum
199 3313 236 3357 55
253 3298 400 3375 pictorum
420 3296 556 3371 lusibus,
571 3312 648 3374 quos
669 3299 702 3357 B.
732 3301 804 3359 Pau·
860 3291 1034 3352 Gennadius
1049 3310 1075 3352 c.
1095 3293 1143 3353 28.
1165 3301 1306 3371 testatur,
1325 3295 1469 3373 adquam
1486 3302 1582 3375 544555,

82 3390 129 3449 155
158 3391 349 3451 Christianus
382 3389 577 3464 llilscherus,
605 3397 709 3451 noster
734 3408 804 3451 curn
860 3388 885 3445 si
904 3387 1176 3464 placet,consule.

83 3485 199 3543 viveret
211 3485 329 3544 amicus
340 3482 500 3561 descripsit
515 3487 544 3542 in
563 3485 704 3561 peculiari
723 3484 806 3558 libro,
900 3479 1112 3541 llrlGlhliUS:
1131 3479 1199 3539 vide
1218 3496 1309 3558 supra
1328 3483 1357 3539 in
1375 3480 1583 3545 cucullato

81 3575 214 3652 jucundo
233 3578 312 3638 lectu
330 3583 422 3653 atque
436 3575 572 3650 erudito,
585 3575 807 3637 editollresdae
862 3583 934 3635 tom.
958 3578 968 3635 1
986 3620 993 3644 ,
1011 3591 1078 3652 pag.
1097 3573 1166 3634 ⁴50.
1187 3589 1251 3648 5544.
1550 3564 1552 3568 '

85 3685 132 3729 an.
158 3670 237 3730 5705
255 3671 283 3730 8.
309 3670 335 3744 a)
360 3671 438 3730 Sunt
458 3676 560 3730 autem
583 3671 631 3730 vel
663 3671 808 3749 imagines
902 3668 1042 3744 11551515,
1054 3668 1152 3742 inquit
1170 3665 1344 3743 sigebertus
1358 3683 1385 3728 c.
1404 3668 1442 3728 53
1460 3666 1496 3728 415
1506 3669 1537 3731 S.
1549 3670 1583 3731 E.

84 3766 207 3835 mortis,
234 3762 381 3842 adpositis
409 3764 570 3839 versibus,
598 3780 668 3825 aere
697 3763 810 3824 4155545-
863 3762 984 3842 scripsit
1004 3762 1126 3821 metrico
1137 3757 1205 3820 stilo
1220 3755 1330 3819 libram
1341 3756 1506 3825 asarubas
1517 3761 1586 3825 har-

86 3862 152 3932 ptac
168 3858 218 3918 vel
247 3857 327 3936 ligno
351 3860 379 3918 in
404 3859 477 3919 libro
494 3859 612 3936 aliquo,
631 3865 665 3918 ut
682 3859 712 3917 in
738 3861 810 3919 llar-
866 3855 984 3917 baram.
1011 3857 1074 3915 hon
1104 3852 1207 3913 dubito
1237 3855 1318 3914 innui
1343 3855 1381 3915 514
1397 3872 1433 3914 eo
1450 3855 1584 3919 libellum

91 3954 201 4012 tmanni
216 3952 366 4013 Schedelii
384 3954 551 4030 Chronico,
570 3952 699 4013 Norimb.
720 3954 806 4014 5593.
862 3967 952 4028 quern
972 3947 1059 4008 hodie
1077 3946 1245 4021 habemus,
1264 3954 1295 4007 ct
1312 3946 1349 4006 de
1369 3947 1457 4027 cujus
1482 3942 1586 4009 editio

95 4043 139 4102 151.
153 4044 185 4105 15
202 4046 564 4124 marginibusolliciorum
579 4047 694 4107 Eccles·
711 4048 808 4124 quoti·
862 4044 952 4106 nibus
969 4043 1031 4102 diri
1048 4044 1079 4100 in
1097 4041 1171 4101 Bibl.
1188 4042 1292 4101 Latina
1308 4043 1354 4102 lV.
1369 4059 1432 4121 cap.
1452 4042 1585 4107 1515545

92 4136 240 4202 dianorum
264 4141 356 4201 Paris.
386 4141 464 4203 15413
493 4142 521 4201 8.
552 4143 579 4199 in
609 4157 669 4218 quo
697 4140 808 4218 figurae
863 4139 976 4198 veteris
997 4137 1109 4199 AEmilii
1134 4136 1224 4196 Macri
1252 4135 1455 4211 veronensis,
1479 4135 1586 4197 Ovidio

91 4233 185 4295 Llll'l.
203 4237 237 4296 ln
257 4234 375 4313 Georgii
392 4235 505 4297 AEmilii
535 4234 715 4314 imaginibus
732 4252 811 4294 mor-
863 4232 974 4295 laudati
992 4248 1095 4309 poema
1114 4229 1206 4307 hujus
1235 4237 1406 4308 argumenti
1434 4246 1494 4291 uua
1514 4246 1584 4293 cum

127 4461 152 4523 4)
171 4460 372 4524 assentatorum
399 4462 446 4511 das
474 4474 504 4510 so
533 4467 688 4525 penanntsn
715 4461 816 4512 Tadteo
864 4458 1073 4518 radten-Tana,
1093 4457 1162 4507 5755.
1179 4464 1205 4507 55
1224 4459 1309 4521 15144441.
1328 4457 1469 4507 1555154555
1484 4456 1590 4507 15445544·

86 4536 187 4585 Tantas
205 4539 256 4587 wis
273 4536 389 4599 saltiger-
406 4551 443 4586 4444
460 4535 716 4586 4445454555455555444
734 4537 817 4585 Ortsn
865 4534 927 4585 lhld.
947 4534 1016 4583 twa.
1034 4534 1058 4583 8.
1074 4548 1135 4596 pag.
1150 4533 1190 4581 57.
1208 4542 1264 4593 sao.

83 4612 234 4662 soadsrls'ch
250 4612 284 4661 544
301 4614 409 4676 Herzog
423 4612 559 4675 Georpans
573 4612 696 4665 85555445
706 4611 737 4660 544
749 4611 818 4660 Dre-
910 4610 935 4669 c)
952 4613 1107 4660 1555544544
1123 4612 1264 4671 descrlptaa
1280 4610 1380 4656 esstast
1397 4608 1503 4654 cursura
1522 4604 1589 4651 15445·

87 4686 152 4735 sden
166 4701 200 4736 su
217 4687 308 4737 5554544.
865 4686 924 4734 theo
942 4688 1053 4735 tderlano
1071 4683 1187 4734 15445555.
1205 4681 1274 4731 tots.
1292 4686 1318 4729 at
1344 4677 1414 4727 1725.
1442 4675 1466 4724 1.
1497 4679 1589 4727 vorsus

132 4762 159 4821 h)
176 4762 237 4812 vtde
255 4761 394 4812 venerandi
423 4764 539 4811 85515415
557 4761 646 4811 5455141
678 4758 821 4811 5515554444-
864 4768 949 4810 autern
965 4761 1083 4822 adscripti
1101 4761 1266 4814 Gernranica,
1285 4757 1366 4804 14455444
1379 4755 1431 4812 lam
1448 4756 1494 4799 An.
1515 4750 1588 4801 aaut.

83 4836 238 4901 grundlichs
250 4836 377 4887 1544541554
386 4850 440 4885 aon
447 4834 545 4885 54454455
559 4836 622 4885 1715
639 4836 664 4885 8.
673 4850 699 4898 p.
713 4835 754 4885 85.
767 4848 819 4898 req.
865 4838 961 4885 tstlnls
979 4837 1057 4896 elcgls
1078 4835 1175 4896 prldenr
1193 4832 1310 4880 viderunt
1329 4833 1354 4876 ln
1369 4828 1485 4887 Caspsrls
1498 4826 1591 4877 Laudi·

88 4911 267 4965 Nathanaels's
294 4911 417 4975 schlatt,
441 4911 609 4963 Gatianensis
631 4908 822 4960 5454555455544
868 4913 967 4960 54444551
983 4909 1164 4960 5555555511454
1180 4908 1305 4958 humanae
1322 4902 1545 4964 peregrtnutlonls.
