3622 5406
753 223 969 292 PETRUS
1545 245 1605 306 effi

119 329 144 386 iu
165 325 294 388 dioecesi
325 325 514 402 Turonensi,
544 341 653 388 nonren
675 327 830 392 Abaeiardi

115 419 241 496 praefert
252 463 259 496 ‚
272 419 299 478 in
316 418 424 480 Codioe
444 421 676 483 claraevallensi
692 423 833 487 ANGEL·

117 511 165 572 DO
186 510 298 572 illontia
319 511 424 573 Leonis
445 513 607 590 tribuitur,
628 523 707 577 teste
727 519 834 580 llarte-

115 607 160 664 nio
184 612 261 666 tom.
281 607 318 666 v.
339 607 554 668 anecdotorum
583 625 648 686 pag.
675 610 762 671 ⁴362.
786 612 833 672 ubi

112 700 200 759 etiam
222 697 365 758 observat
390 697 505 760 editum
538 715 605 760 esse
633 703 712 762 inter
732 705 833 781 spuria

113 791 141 850 S.
171 789 338 852 adsuerit
370 793 610 853 cantuariensis.
642 796 715 855 Vide
742 811 832 874 supra

113 889 184 944 tom.
209 884 234 944 1.
257 899 325 962 pag.
346 883 414 945 aot.

151 975 293 1038 Nondum
327 977 424 1038 lucem
459 978 534 1038 vidit
562 981 640 1040 Petri
674 980 832 1043 Abaelardi

115 1071 222 1149 lacteo
244 1071 311 1130 sivo
333 1069 514 1148 dialectico,
532 1091 622 1152 quam
639 1075 831 1152 vulgaturum

113 1181 143 1224 se
165 1165 305 1242 promisit
325 1163 462 1226 Andreas
477 1165 517 1227 du
535 1167 654 1228 Chesue
671 1185 738 1246 pag.
755 1170 830 1230 litto

111 1258 168 1318 llec
192 1253 282 1318 biber
303 1257 543 1335 Sententiarum,
565 1259 615 1322 Sic
631 1265 661 1320 et
675 1261 741 1320 Noa
753 1306 759 1332 ‚
771 1263 832 1322 illa-

112 1365 213 1411 nuscr.
236 1351 266 1411 in
288 1351 481 1412 bibliothecis
507 1353 651 1432 Angliae:
673 1355 729 1414 nisi
751 1352 829 1413 idem

111 1442 156 1503 illa
178 1444 221 1502 sit
241 1443 268 1518 a)
291 1460 360 1504 curn
394 1445 615 1507 introductione
636 1445 673 1505 ad
707 1445 831 1506 Theolo-

109 1539 207 1616 giam,
229 1553 320 1615 quam
339 1553 430 1616 supra
455 1539 533 1598 inter
553 1537 631 1598 edila
650 1553 830 1598 commemo·

110 1632 190 1691 ravi:
218 1631 321 1714 Neque
353 1628 454 1710 dymni
484 1648 561 1710 qous
594 1632 718 1691 metrico
750 1630 829 1707 stylo

109 1725 298 1801 composuit,
331 1725 359 1782 in
391 1725 572 1785 monasterio
596 1723 674 1800 quod
704 1730 830 1784 vocatur

108 1816 272 1876 Paraclitus
304 1815 515 1877 decantandos.
538 1817 567 1894 b)
589 1814 695 1894 Neque
718 1832 830 1877 memu-

109 1915 189 1968 ratae
207 1909 310 1969 Cavea
324 1908 528 1987 expositiones
542 1908 573 1970 r'a
593 1909 719 1970 Genesin
733 1911 767 1985 (si
785 1909 829 1970 di-

109 2015 213 2062 versas
229 2000 377 2078 intelligat
393 2001 410 2060 d
429 2003 651 2063 Commentario
670 2005 698 2060 in
711 1999 829 2062 Herae-

108 2092 222 2164 memo)
244 2092 294 2151 vel
316 2092 347 2152 in
369 2092 573 2168 Psoltertum,
600 2101 654 2154 aut
681 2097 710 2154 in
740 2092 831 2154 Poulr'

107 2183 260 2264 Eputolos
275 2229 284 2257 ‚
301 2202 370 2246 cum
388 2187 477 2248 solus·
494 2190 523 2246 in
538 2188 702 2266 Epistulam
718 2186 754 2248 ad
773 2189 828 2248 llo-

106 2294 213 2338 mauos
230 2282 467 2340 commentarius
481 2283 510 2339 in
522 2281 610 2340 editis
625 2281 757 2359 legatur:
771 2297 826 2341 nec

103 2368 222 2448 ylossae
238 2370 271 2430 in
287 2371 481 2432 Ezeclrelem.
495 2375 598 2450 Neque
610 2373 739 2450 denique
757 2373 827 2432 Ver-

103 2479 155 2524 sus
171 2462 298 2543 eleyaocr
319 2463 361 2525 nd
385 2463 583 2526 Astrolabnm
605 2464 825 2544 tilionacum,

103 2554 139 2616 tle
151 2554 292 2618 moribus
307 2562 337 2617 et
350 2557 413 2619 olto
426 2559 481 2637 pio
494 2564 523 2618 et
535 2554 642 2638 modu,
664 2560 827 2619 blanuscriP

103 2652 144 2729 pti
166 2653 197 2710 in
222 2650 360 2711 Bibliotb.
382 2651 561 2712 cottoniana
583 2667 611 2728 p.
632 2649 682 2709 86.
705 2647 825 2712 Librum

102 2742 138 2804 de
160 2745 287 2804 Unitate
308 2751 340 2803 et
360 2745 506 2804 Trinitate
528 2745 591 2822 ipse
611 2743 741 2804 dammis
757 2741 832 2805 dare

102 2833 212 2914 jussus
236 2841 285 2894 est
306 2835 491 2897 Abaelardus
509 2839 538 2896 in
554 2835 675 2914 synodo
692 2837 828 2897 Suessio-

106 2931 193 2990 nensi
217 2928 276 2989 An.
295 2927 383 2990 liat.
469 2999 471 3004 ,

142 3023 215 3081 Tria
238 3019 307 3098 ejus
327 3021 476 3100 epitaphia
499 3023 635 3100 reperio,
656 3039 732 3101 quae
757 3039 826 3084 cum

101 3112 181 3174 bona
203 3114 341 3173 Lectoris
361 3115 450 3173 venia
471 3101 520 3174 hio
542 3130 700 3192 apponam.
731 3116 827 3174 Unum

99 3206 117 3264 d
140 3208 234 3268 Petro
256 3205 423 3266 Venerabili
445 3213 655 3268 consecratum
676 3206 743 3283 eius
769 3223 831 3266 me-

13 3291 15 3338 t
101 3300 243 3375 moriae,
265 3299 305 3357 ita
326 3313 359 3357 se
381 3297 489 3358 habet:

13 3463 14 3468 ,
111 3415 251 3466 cellarum
270 3417 401 3473 socrates,
419 3412 491 3464 Plato
508 3417 631 3465 maximus
648 3418 834 3479 iimperiarnm,

13 3543 14 3564 χ
108 3493 205 3540 ttoster
222 3488 379 3548 ammiates,
395 3491 504 3551 toaleis,
520 3492 667 3553 quicunque
683 3491 806 3550 luerunt,

108 3569 160 3614 aut
179 3576 229 3628 par
248 3569 294 3612 aut
310 3562 415 3614 melior:
432 3563 574 3614 studiorum
592 3564 785 3627 cognitur'orbt

107 3641 258 3700 Princeps,
275 3639 378 3699 ingenio
397 3639 492 3695 tarius,
509 3636 609 3686 subtilis
626 3642 652 3687 et
670 3648 739 3697 acca,

13 3727 14 3778 j
110 3715 208 3762 omnia
226 3712 254 3760 vi
273 3721 395 3772 saumana
410 3711 517 3760 rationis
533 3717 558 3760 et
575 3715 628 3760 arte
645 3710 775 3774 loquendi,

138 3917 166 3976 a)
199 3919 239 3966 lta
257 3915 340 3965 risum
352 3920 381 3964 lu
401 3893 546 3964 llablllouio
565 3916 591 3963 ln
609 3916 701 3962 itinere
728 3916 832 3962 Germa·

13 4047 14 4050 Ἴ
91 3995 152 4042 nien
172 4001 235 4054 pag.
253 3989 293 4039 ol.
312 3988 376 4039 edit.
393 3985 407 4036 1
423 4001 463 4037 mo
481 3993 605 4047 curatae,
622 3985 665 4036 ubl
685 3992 793 4037 testetur
808 3999 834 4038 se

95 4071 123 4115 la
135 4067 237 4116 Codice
254 4065 398 4113 Moomterll
417 4067 441 4113 s.
458 4065 603 4112 ilmmcraui
620 4063 746 4118 reperisse
762 4064 832 4125 italo·

94 4139 161 4192 hrdi
186 4139 333 4188 sententiaa
351 4137 470 4200 capitolia
487 4139 597 4199 triginta
607 4141 703 4198 sontem
714 4147 831 4199 eompre-

13 4243 15 4260 ,
93 4215 217 4274 benus,
239 4211 360 4274 additque
376 4224 432 4262 earn
446 4207 500 4261 csse
520 4209 650 4261 abaelardi
666 4211 832 4262 introductio·

13 4305 15 4314 ’
92 4301 153 4340 nem
177 4291 209 4337 in
229 4284 404 4347 theologiam.
414 4286 534 4336 similiter
544 4285 700 4336 trithemius
710 4298 766 4348 cap.
776 4285 833 4336 581.

91 4362 266 4423 theologiam
284 4359 415 4409 soaelardt
432 4359 559 4408 uolumen
576 4359 722 4411 dialectieo
739 4358 835 4409 abaco·

13 4495 14 4512 ᾖ
92 4438 182 4485 riom
203 4432 423 4494 subamarum,
440 4434 535 4484 multia
561 4436 697 4484 santanttta
721 4436 829 4484 onrlmrr

92 4510 334 4648 ⁸⁹¹’tigllat'rtncudis
350 4583 381 4634 ad
399 4585 474 4633 lienr.
491 4582 648 4632 eandorem.
665 4596 722 4647 aaa.
738 4585 765 4645 ὅ,

895 334 1138 389 absistimus
1152 345 1206 390 erat
1219 376 1227 400 ,
1242 342 1364 419 settara
1380 343 1405 405 e)
1421 349 1500 409 magia
1522 351 1607 400 omnia

1500 425 1592 480 vineit,

897 484 1608 559 cumciuntacensemmomeoum,moremqueprotearas

899 559 935 607 ad
953 559 1094 612 callisti
1108 575 1192 612 reram
1208 569 1327 616 transivit
1345 567 1543 633 Philosophiam,

899 629 993 697 tn'qoa
1014 634 1149 698 longaevae
1165 636 1229 688 bene
1245 640 1371 702 complens
1387 643 1476 693 ultima
1494 647 1572 706 ritae,

897 708 1056 772 Philosophia
1072 710 1224 774 quandoque
1242 713 1315 763 boola
1332 727 1358 765 ss
1376 719 1609 769 connumerandum

897 786 969 844 spem
986 782 1065 843 dedit,
1082 783 1195 835 uudeuas
1212 789 1276 837 ateio
1294 796 1431 840 renovante
1447 793 1593 850 calendas„

886 859 1023 918 Alterum
1046 862 1146 920 nescio
1167 879 1204 920 an
1227 863 1330 924 eodem
1353 873 1493 926 auctore:

896 953 985 999 Petrae
1006 952 1032 998 iu
1050 951 1098 1000 bao
1115 959 1184 1013 cetra
1201 950 1228 1012 d)
1247 952 1427 1018 latitationem
1440 958 1547 1008 Mundus
1559 961 1609 1009 lio·

927 1098 1073 1159 Clamabat,
1090 1100 1133 1149 sed
1147 1101 1198 1162 jam
1214 1101 1297 1152 sidera
1314 1102 1384 1156 sidus
1402 1046 1593 1156 babent!nerum

895 1175 936 1224 sol
951 1180 1005 1226 erat
1021 1174 1062 1223 bie
1078 1174 1163 1234 italiis,
1181 1176 1224 1226 red
1239 1187 1299 1226 eom
1314 1179 1365 1226 tam
1383 1177 1434 1228 iata
1450 1180 1573 1242 tulerant,

925 1252 992 1311 largo
1009 1255 1078 1300 earet
1094 1252 1164 1311 regio
1182 1248 1275 1301 tlalllca
1292 1250 1317 1310 e)
1335 1252 1388 1302 sole
1403 1266 1459 1304 sun,
1485 1313 1486 1318 ἵ

895 1321 939 1373 illa
956 1319 1038 1384 sciens
1053 1323 1177 1387 quiequid
1194 1323 1243 1374 luit
1259 1325 1303 1375 ulli
1321 1326 1350 1388 t)
1369 1329 1468 1388 scibile,
1484 1331 1549 1380 vicit

926 1399 1049 1457 Artifices,
1065 1406 1131 1448 artes
1147 1399 1244 1463 absque
1259 1401 1366 1452 docente
1382 1401 1483 1453 docens.

895 1470 1045 1522 ilndeeimao
1060 1473 1119 1522 ldaii
1134 1476 1237 1523 Petnrm
1254 1485 1360 1537 rapuere
1377 1475 1510 1539 calendae,

926 1549 1057 1595 Prlrautes
1073 1549 1176 1609 logices
1190 1551 1255 1597 atria
1272 1552 1338 1611 llege
1356 1563 1413 1600 auo.

895 1622 939 1668 list
955 1622 1025 1678 satis,
1044 1622 1070 1668 ln
1087 1620 1186 1670 tumulo
1206 1622 1340 1675 carnus
1355 1624 1397 1676 bic
1410 1629 1479 1688 jacet
1494 1629 1611 1678 saitis·

1040 1733 1048 1743 ,
1462 1702 1597 1756 11110113

925 1768 971 1818 Cul
989 1767 1016 1830 g)
1034 1769 1080 1818 soll
1099 1772 1182 1832 patuit
1198 1770 1288 1821 scibile
1304 1774 1425 1836 quicquid
1442 1782 1519 1826 crat·

924 1845 1057 1904 Tertium
1080 1844 1210 1923 denique
1223 1864 1265 1911 ,er
1283 1852 1407 1926 antiquo
1424 1853 1532 1912 Codice
1551 1855 1604 1912 l’e-

885 1939 978 1997 trensi
1000 1938 1017 1996 d
1039 1938 1159 1999 laudato
1178 1939 1329 2000 bernardo
1351 1943 1436 2004 Pezio
1450 1943 1601 2022 proditum

885 2027 940 2089 hoc
961 2036 1026 2089 est:

893 2121 980 2169 Petrus
995 2133 1067 2170 arnor
1083 2121 1157 2182 Cleri,
1174 2127 1277 2174 Petrum
1294 2127 1427 2188 inquisitio
1445 2131 1509 2186 vert,

891 2196 989 2255 Lingua
1005 2193 1131 2256 salomnis,
1149 2197 1297 2261 turbaeque
1307 2202 1418 2251 Lucerna
1434 2201 1567 2252 scholaris.

891 2269 1090 2330 argumentandi
1107 2271 1229 2331 sollertia,
1248 2276 1322 2335 conia
1339 2274 1415 2336 bodl.

891 2345 951 2392 Post
964 2342 1051 2394 liuodi
1068 2344 1143 2405 bella,
1159 2358 1226 2397 nora
1242 2347 1322 2410 iulget
1340 2352 1365 2398 ln
1383 2349 1484 2400 aethere
1500 2351 1583 2409 stella,

890 2419 925 2466 lte
941 2417 1033 2467 liuudo
1049 2418 1132 2480 iraglll
1150 2421 1197 2469 snb
1213 2433 1297 2471 mense
1313 2428 1419 2472 vocatur
1436 2425 1526 2486 aprili.

891 2490 991 2554 Eloquii
1007 2489 1063 2552 dos,
1079 2493 1181 2543 Consilii
1199 2506 1250 2554 ros,
1267 2498 1363 2558 ingenit
1380 2509 1440 2547 eos:

892 2567 1074 2615 Grammaticos
1090 2566 1164 2628 iona,
1179 2568 1329 2620 romanens
1350 2583 1432 2632 pons,
1450 2585 1480 2622 ao
1496 2575 1603 2634 logicae

1509 2658 1589 2696 anons

890 2712 1018 2764 Ecclesiae
1033 2713 1076 2764 lar
1092 2720 1210 2768 laetitiae
1226 2716 1278 2768 dus
1294 2720 1361 2770 luter
1377 2721 1494 2783 iniquos,

893 2788 1020 2847 damnasti
1037 2787 1087 2850 iar,
1103 2790 1221 2855 desipuit
1238 2803 1296 2856 por,
1311 2795 1394 2843 iustus
1410 2801 1435 2843 et
1452 2796 1548 2855 insons,

893 2863 957 2911 ilinc
972 2861 1046 2922 abiit,
1060 2862 1103 2911 sed
1120 2876 1170 2913 non
1188 2865 1262 2924 obiit,
1280 2877 1328 2917 nec
1344 2867 1418 2917 desiit
1436 2879 1505 2918 esse:

892 2934 1033 2995 Praeteriit,
1050 2935 1093 2985 scd
1110 2949 1162 2987 naon
1180 2942 1265 3000 perlit,
1283 2943 1403 2992 transivit
1419 2941 1450 2992 ad
1466 2955 1531 2992 esse.

893 3013 985 3070 lanera
999 3021 1061 3071 gens
1072 3011 1195 3064 rtomuter
1206 3025 1284 3075 agenr
1296 3027 1372 3077 super
1385 3015 1453 3066 buno
1464 3017 1607 3075 norlmvtt.

896 3083 1064 3137 CHRISTUS
1078 3098 1136 3135 cuna
1153 3100 1229 3151 super
1253 3089 1398 3140 aethereum
1416 3091 1489 3141 iubar
1514 3091 1608 3142 cabila-

979 3163 982 3169 '
1517 3168 1591 3215 rarlt.

925 3233 1015 3293 Addit
1038 3235 1137 3308 idem,
1160 3253 1192 3296 se
1215 3239 1243 3296 in
1262 3240 1478 3315 Tegernseensi
1496 3242 1603 3302 Codice

883 3325 961 3385 banc
984 3335 1083 3387 notam
1107 3330 1277 3405 reperisse:
1300 3332 1408 3392 Petras
1432 3333 1487 3410 qui
1506 3331 1602 3393 Abne-

884 3415 1007 3492 lurdus,
1022 3418 1043 3477 d
1055 3417 1210 3498 plerisque
1225 3421 1400 3500 Bajolardus
1422 3423 1451 3496 h)
1474 3423 1602 3494 dicitnr,

883 3510 1002 3570 riulione
1017 3509 1160 3590 Anqlicoe
1178 3515 1203 3588 i)
1224 3513 1358 3592 primam
1383 3517 1604 3579 Grammaticos

884 3607 913 3662 et
932 3601 1133 3678 dialecticae,
1151 3603 1218 3666 ltine
1240 3606 1399 3669 Diuinilati
1418 3625 1539 3690 operam
1554 3611 1603 3670 de-

884 3692 936 3756 dit.
966 3694 1026 3757 Sed
1045 3713 1113 3757 com
1135 3704 1214 3759 esset
1233 3697 1468 3762 inaestimandae
1487 3701 1603 3764 subtili·

925 3921 952 3981 tl)
969 3927 1140 3982 ouercetanm
1160 3928 1226 3978 ontis
1243 3927 1274 3977 ad
1291 3927 1353 3980 ittai.
1371 3928 1530 3980 cluniacens.
1548 3942 1604 3993 pag.

881 3994 934 4044 tlt.
955 3996 984 4045 in
1001 3997 1065 4045 boec
1082 4011 1161 4047 urna.

925 4069 950 4130 e)
966 4071 1017 4120 iud
1033 4073 1142 4123 lacobus
1161 4073 1192 4124 dc
1206 4073 1281 4125 oleris
1292 4075 1502 4127 cabilonensibus
1514 4091 1539 4141 ρ.
1551 4077 1606 4127 lla.

878 4143 955 4205 renio
975 4144 1077 4197 Gallio.
1297 4159 1300 4166 ¹
1366 4153 1370 4162 “

925 4216 951 4278 1)
969 4219 1005 4269 ld.
1023 4223 1107 4271 minas
1124 4224 1206 4283 bena,
1223 4224 1279 4278 illl.

925 4293 951 4353 g)
967 4297 1158 4357 quercetanus,
1172 4300 1253 4350 Huic.

926 4364 953 4426 b)
970 4367 1031 4416 Aliis
1048 4371 1139 4420 villose
1156 4375 1232 4423 etlam
1249 4373 1418 4435 Beliordua,
1435 4375 1602 4436 Bolinrdur,

879 4437 1021 4490 Billnrdua
1037 4442 1099 4494 vide
1114 4451 1179 4497 ban.
1198 4451 1328 4499 zulclterll
1348 4461 1439 4499 norum
1465 4447 1602 4498 conflrma-

879 4518 972 4566 tlooem
987 4519 1080 4568 irenici
1098 4523 1285 4575 lreeonloorurn
1303 4535 1359 4586 pag.
1377 4523 1433 4571 ltili.
1447 4521 1562 4571 alberico
1579 4536 1606 4584 ῃ.

881 4589 938 4640 996.
950 4589 1112 4644 adalardus.
1129 4597 1272 4648 Ptolemaeo
1288 4599 1394 4648 bucensi
1412 4595 1443 4646 ad
1460 4601 1506 4646 an.
1533 4595 1604 4646 11141

142 4663 172 4722 e)
193 4661 235 4708 ita
256 4658 320 4708 aiot.
337 4655 510 4710 eluntleemia
522 4670 578 4721 pag.
598 4657 666 4709 lobi.
679 4663 834 4710 etitaronius
880 4663 1053 4717 Baulordnr.

96 4737 129 4786 ad
149 4741 211 4784 aa.
228 4731 299 4783 tiso.
317 4743 388 4781 uum.
406 4731 444 4780 ts·
464 4739 490 4783 et
504 4737 579 4783 ltcrn.
600 4736 688 4784 Parius
707 4736 733 4783 lu
758 4737 835 4798 praei.

914 4738 954 4800 ’1)
972 4743 1023 4792 Nou
1040 4745 1173 4806 toalleam
1192 4748 1294 4797 natione
1318 4747 1362 4800 sed
1375 4746 1475 4798 Gallum
1494 4749 1547 4810 inse
1575 4759 1603 4796 aa

13 4807 14 4810 ’
96 4812 129 4860 ad
147 4804 833 4872 tom-bdfltfflwidlfls·¹¹¹·leclltlltlilflmfli1ud
881 4815 1026 4869 sbailardua
1043 4819 1331 4880 urotiteiur,ntitltae
1352 4827 1405 4886 etus
1432 4822 1601 4886 scriptoribus

97 4881 164 4934 tud.
185 4881 329 4933 iacobum.
343 4894 424 4931 anne.

881 4890 1078 4942 demonstratum
1096 4901 1142 4945 est.
