3368 5362
93 188 133 252 70
665 182 1010 254 444444044οἘ44

94 299 146 359 bet
166 298 295 359 Merulae
321 299 501 376 praefatione
530 298 567 359 ad
595 301 709 360 Ducem
736 298 810 360 Lud.
867 307 941 361 tom.
956 301 975 360 4
993 298 1102 360 theatri
1121 299 1167 358 sui
1179 315 1207 378 p.
1226 297 1296 359 409.
1316 303 1348 358 44
1364 297 1534 360 Niceronns
1549 301 1574 359 in

95 393 216 454 Mariam
228 392 383 452 Siorziam.
395 390 728 453 BellumScodrensede
743 395 813 454 sco·
868 394 970 455 limine
989 395 1060 453 tomi
1079 394 1184 453 XXVl.
1203 394 1417 453 memoriarum
1432 391 1470 452 de
1487 394 1579 454 erudi·

95 485 148 547 dra
170 488 309 549 aTurcis
326 486 448 546 obsessa
467 495 499 547 et
515 505 533 548 a
551 487 675 547 Venetis
696 488 813 547 44444444
868 496 921 549 444.
941 490 1023 561 vitis,
1043 490 1087 548 lix
1106 485 1306 565 scriptisejus
1324 489 1421 565 primo
1435 486 1500 547 loco
1512 488 1580 547 rele-

96 577 276 640 deleusitata
292 597 395 640 mense
410 579 485 660 Maj0
500 579 580 642 Anni
597 581 684 641 4474.
702 579 813 640 Prodiit
866 599 930 643 ram
953 584 1153 642 narrationem
1169 580 1431 642 rerumadversus
1442 578 1580 659 Angelum

96 672 231 733 Venetiis
248 675 277 732 in
299 671 326 733 4.
348 672 481 735 dicatum
502 674 611 734 lacobn
631 674 761 735 Merulae
781 680 812 734 et
866 676 1048 739 MERULAM
1064 677 1175 754 tragice
1192 682 1347 755 gestarum
1362 675 1402 736 ab
1427 676 1582 755 lnquisito-

97 768 255 828 Francisco
275 767 465 833 Gambarino.
486 767 586 828 Voluit
606 770 696 829 etiam
722 767 812 828 edere
867 771 974 846 ribus,
996 771 1286 846 quorumsententia
1303 768 1580 847 Montibusprupter

97 859 226 922 Allatius
259 861 332 923 libro
363 855 535 942 συμμίκτων
562 868 691 939 quarto,
721 879 811 940 quem
867 865 1059 943 Religionem.
1077 863 1133 925 An.
1157 861 1243 924 4557.
1258 862 1315 922 47.
1340 861 1399 923 tul.
1423 863 1516 922 vivus
1540 870 1583 922 est

96 970 167 1014 cum
182 954 247 1015 aliis
259 962 376 1033 septem
392 955 490 1016 adbuc
505 954 722 1015 desideramus.
736 956 815 1016 Con·
867 959 1045 1020 combustus
1062 956 1155 1037 bugd.
1172 947 1237 1019 liat.
1255 955 1342 1018 4604.
1356 960 1382 1014 4.
1396 957 1475 1016 Turn
1491 955 1582 1015 llisto

98 1052 143 1108 tra
160 1049 330 1109 Cornelium
351 1051 502 1110 Vitellium
519 1049 650 1110 Merulae
667 1049 816 1108 obtrecta·
870 1053 944 1113 riam
963 1052 1203 1112 Ecclesiasticam
1222 1068 1256 1112 ac
1268 1050 1421 1127 l'olitioam
1437 1049 1524 1110 ison.
1535 1067 1582 1108 an-

98 1147 195 1200 lorem
214 1135 358 1219 'legenda
393 1142 474 1205 Pauli
508 1141 728 1219 Romultl'ensis
763 1158 816 1221 pm
870 1164 976 1209 norum
994 1194 1001 1223 ,
1019 1164 1109 1226 quam
1134 1143 1297 1207 Guilelmus
1316 1141 1474 1205 MERULA
1508 1144 1583 1203 l’auli

102 1233 229 1312 Georgia
247 1235 380 1313 apologia
399 1233 506 1295 Venet.
527 1236 612 1295 4564.
630 1237 657 1295 4.
871 1242 902 1302 F.
919 1241 1028 1301 additis
1038 1244 1127 1301 annis
1139 1236 1413 1318 quadringentisad
1425 1237 1484 1298 An.
1501 1238 1584 1299 4644.

137 1327 155 1362 ⁸
168 1328 272 1388 Totam
291 1329 370 1389 illam
382 1330 477 1390 Vossii
497 1329 751 1390 narratiunculam
779 1328 818 1389 de
872 1332 1021 1415 perduxit.
1040 1327 1133 1413 Lugd.⁸
1148 1338 1205 1396 Bat
1217 1333 1305 1394 4645.
1319 1332 1366 1392 444.
1382 1332 1584 1392 Caeterasunl

98 1419 223 1481 Philelio
240 1421 314 1482 adeo
335 1423 443 1490 acerbe
465 1424 610 1484 lerentem
634 1425 817 1484 invectivam
874 1430 1093 1491 wlttssflAMt
1111 1429 1202 1489 editio
1220 1426 1312 1506 Lngd.
1328 1429 1393 1487 liat.
1409 1426 1498 1489 4598.
1510 1427 1537 1485 8.
1552 1424 1584 1485 44

100 1514 130 1575 44
152 1532 186 1574 44
207 1517 351 1595 seriptam
372 1534 390 1577 a
410 1517 523 1578 Merula
546 1524 579 1579 ut
599 1535 636 1578 ex
657 1506 749 1579 animi
770 1534 819 1578 ae·
873 1528 933 1589 quo
946 1511 1021 1570 4404
1047 1527 1102 1570 suo
1129 1509 1221 1580 1000.¹
1240 1509 1408 1585 fragments
1431 1504 1586 1566 Annalium

100 1608 255 1688 gritudinc,
273 1617 428 1671 contracte
449 1612 551 1672 morbo
565 1612 657 1672 vitam
674 1612 750 1672 inira
767 1613 819 1670 tri·
874 1605 967 1666 Ennii
982 1621 1051 1665 curn
1073 1605 1177 1678 notis,
1196 1601 1256 1662 ibid
1275 1602 1364 1665 4595.
1381 1602 1409 1660 4.
1428 1599 1587 1678 Eutropius

99 1701 195 1763 duum
207 1703 383 1780 absolverit,
396 1712 549 1783 tamquam
566 1705 682 1767 futilem
696 1711 727 1766 et
739 1703 819 1767 nullo
873 1718 944 1761 cum
959 1696 1051 1761 Paulo
1062 1697 1200 1757 Diacono.
1213 1694 1305 1776 Lugd.
1323 1698 1378 1755 Bat
1392 1695 1483 1756 4594.
1498 1695 1526 1753 8.
1539 1696 1589 1753 Lu·

100 1796 235 1857 innixam
270 1796 466 1858 fundamento
492 1800 578 1859 reicit
599 1800 776 1859 Niceronius
796 1804 819 1857 t.
874 1795 923 1875 gd.
941 1797 996 1854 liat
1015 1793 1103 1854 4594.
1121 1793 1148 1851 8.
1172 1792 1237 1851 Vita
1254 1790 1384 1850 Erasmi.
1403 1795 1434 1848 44
1452 1788 1518 1848 libri
1536 1786 1590 1846 duo

100 1888 129 1949 7.
151 1889 234 1950 lllam
256 1897 357 1952 tamen
380 1894 491 1952 asserit
507 1894 666 1954 Cornelius
682 1891 821 1953 Vitellius
875 1889 1089 1968 Epistularum.
1108 1886 1197 1948 4607.
1217 1886 1244 1945 4.
1259 1885 1327 1944 Vita
1359 1883 1512 1943 Francisci
1542 1880 1591 1940 lu-

100 1984 130 2043 in
153 1983 253 2044 libello
274 1992 378 2045 contra
400 1986 562 2064 Georgium
583 1985 747 2059 Merulam,
769 2000 822 2044 cu·
877 2002 918 2044 nn
938 1981 1025 2045 4595
1042 1979 1204 2056 lutraque
1222 1979 1286 2038 ab
1280 1993 1346 2056 ipso
1364 1977 1499 2036 Erasmo
1526 1990 1592 2033 ron·

102 2077 150 2138 ius
167 2078 381 2156 praelationem
397 2077 434 2138 ad
451 2078 640 2139 Hermolaum
658 2077 821 2138 Barbarum
877 2081 993 2157 signata
1011 2082 1042 2136 et
1059 2077 1157 2135 lunio
1177 2072 1264 2134 Urbis
1282 2073 1392 2132 Romae
1423 2069 1591 2148 descriptio.

103 2171 245 2248 scripsit,
268 2171 363 2233 baec'
358 2189 435 2233 inea
453 2188 598 2234 narrans:
616 2168 825 2252 quidiseipuli
878 2174 965 2233 4599.
984 2172 1111 2232 044444υ
1094 2168 1215 2246 graphia
1233 2164 1382 2244 generalis
1399 2163 1487 2224 libris
1501 2164 1551 2223 lll
1563 2169 1592 2221 et

103 2264 240 2342 (Georgii)
267 2265 482 2344 ingratitudine
502 2271 683 2337 commotus,
705 2270 740 2326 44
759 2283 822 2345 pur
878 2263 1063 2343 Geograpbia
1083 2261 1245 2337 Europae
1239 2276 1268 2318 rn
1294 2273 1425 2337 genere,
1456 2264 1522 2317 tum
1551 2256 1595 2316 ili·

43 2396 45 2405 ·
104 2362 173 2417 4444
184 2359 390 2436 octogenarius
405 2377 519 2437 senece,
538 2365 618 2420 tuoto
639 2357 741 2420 dolore
758 2375 825 2418 con·
879 2362 1005 2440 spania.
1022 2358 1135 2428 Gallia,
1152 2355 1236 2415 ltalia
1252 2353 1335 2413 libris
1348 2351 1496 2412 lV.Amst
1510 2350 1593 2410 4605.

40 2480 41 2484 =
100 2448 235 2530 4444444444
267 2457 311 2512 444
329 2458 363 2513 ut
386 2452 486 2514 triduo
510 2454 604 2516 4444444
624 2451 826 2514 4444444440.
881 2456 908 2517 4.
928 2454 1001 2517 4644
1025 2452 1112 2514 4636.
1130 2448 1261 2510 Diatriba
1277 2446 1314 2507 de
1332 2453 1415 2506 statu
1430 2446 1515 2524 lieip.
1545 2445 1597 2504 lla·

102 2545 235 2607 Merulae
251 2546 444 2627 antiquitates
459 2547 665 2609 vicecomitum
682 2544 825 2607 44444444-
883 2552 1016 2624 lavican,
1032 2546 1140 2607 edente
1157 2542 1258 2603 loach.
1290 2542 1407 2601 Morsio.
1439 2538 1534 2620 bugd.
1567 2540 1595 2598 B.

104 2638 241 2700 4444444444
257 2641 389 2703 nondum
414 2644 547 2720 integrae
562 2641 747 2720 prodierunt,
769 2655 828 2717 quo
884 2645 972 2706 lats.
990 2643 1017 2702 4.
1036 2640 1234 2718 Gynegetica,
1265 2635 1405 2714 Belgica:
1434 2641 1466 2694 et
1496 2633 1596 2712 praxis

105 2737 240 2810 tempore
273 2736 426 2796 Fabricius
456 2735 626 2805 scribebat,
648 2750 718 2794 curn
749 2735 829 2812 prior
874 2738 988 2799 -Civilis
1005 2736 1112 2797 Curiae
1131 2730 1322 2812 provincialis
1346 2727 1425 2806 apud
1453 2731 1597 2799 Batavos,

106 2830 225 2886 tantum
248 2825 338 2888 decas
355 2828 453 2889 lucem
471 2831 646 2907 aspexerit3
662 2826 829 2888 secundam
884 2831 986 2891 itidem
1005 2829 1138 2907 Belgica.
1156 2826 1246 2888 4594.
1263 2823 1291 2884 4.
1310 2826 1353 2884 lie
1380 2822 1507 2882 historia
1535 2821 1598 2896 ejus

107 2935 196 2980 nemo
214 2919 371 2999 bucusque
388 2922 555 2983 deterreret.
574 2922 685 2983 Prodiit
703 2920 828 2982 tandem
884 2925 1001 3003 Belgica
1022 2923 1091 2982 vide
1108 2920 1212 2982 Raudii
1231 2917 1380 2997 Epistulas
1398 2936 1426 2995 p.
1445 2915 1515 2976 450.
1533 2914 1599 2975 454.

112 3012 143 3071 ia
166 3018 237 3072 tom
258 3011 353 3076 XXV.
384 3017 451 3076 4444.
480 3016 533 3076 4444
563 3033 659 3094 nuper
674 3033 724 3075 an
742 3013 829 3075 4754.
885 3016 1112 3079 Dissertatiu'de
1129 3031 1241 3074 oceano
1258 3020 1289 3072 at
1319 3010 1476 3087 maribus,
1507 3007 1598 3086 Lugd.

108 3124 221 3168 excuso
231 3126 437 3187 ,quanquam
461 3126 519 3169 non
541 3111 657 3189 integra
679 3127 750 3171 cum
775 3110 831 3168 im·
884 3117 948 3175 Bae.
968 3113 1054 3174 4633.
1073 3112 1101 3170 8.
1120 3110 1218 3187 Opera
1245 3107 1302 3167 alia
1334 3111 1475 3183 postuma
1509 3101 1599 3181 Lugd.

108 3203 275 3280 perlectum
298 3221 375 3282 opus
395 3211 500 3264 auctor
520 3204 684 3282 reliquerit
708 3206 829 3266 Librum
884 3212 947 3270 liat.
968 3207 1054 3269 4684.
1074 3206 1100 3263 4.
1118 3201 1367 3318 dequibusacta
1393 3197 1486 3259 Erud.
1515 3199 1599 3261 4685.

109 3302 252 3372 quartum
274 3304 305 3357 44
323 3313 372 3357 an
395 3297 483 3358 4443.
505 3314 564 3356 non
587 3305 719 3376 superat.
741 3299 759 3334 ⁸
885 3318 913 3378 p.
932 3299 980 3358 48.

149 3391 250 3452 liceat
269 3389 317 3451 bis
335 3389 464 3452 Paolum
480 3392 664 3453 4404404444
682 3392 826 3452 0441444444
924 3394 1054 3452 loannes
1068 3383 1300 3458 MElllLlNCil,
1314 3380 1555 3457 MonachusAn
1539 3381 1601 3440 otus

109 3486 266 3547 Secretarii
284 3485 463 3546 Dnrdraceni
482 3488 513 3545 F.
532 3486 722 3564 adjungere,
752 3487 825 3547 licet
883 3484 1109 3548 Glastoniensis
1126 3478 1235 3556 ,cujus
1253 3477 1423 3537 Historiam
1450 3491 1553 3535 rerum
1573 3475 1599 3532 in

106 3577 256 3657 juniorem
273 3599 280 3640 τ
302 3580 402 3642 saltim
419 3588 451 3641 ut
469 3574 492 3641 a'
504 3582 654 3660 prioribus
671 3586 756 3640 tanto
783 3597 830 3640 re·
884 3579 989 3658 Anglia
1003 3579 1160 3656 speciatim
1176 3580 1208 3633 et
1222 3572 1360 3633 ilibernia
1376 3577 1533 3646 gestarum
1549 3569 1601 3647 pri·

108 3675 188 3736 44444
205 3674 419 3754 distinguatur.
441 3677 523 3735 later
536 3677 680 3733 04444444
693 3673 830 3752 publicos
885 3677 942 3735 mis
961 3691 1070 3732 novem
1088 3667 1339 3731 annis'lobannis
1357 3664 1454 3725 xxti.
1483 3662 1600 3722 0444444-

110 3769 265 3829 Leidensis
279 3769 457 3829 Academiae
474 3769 552 3829 lusti
571 3768 659 3846 Lipsii
673 3783 831 3828 successor
885 3771 930 3829 cis
945 3768 990 3845 (A.
1009 3768 1042 3827 0.
1063 3765 1149 3829 4346.
1168 3763 1205 3823 44
1236 3760 1334 3833 4345.)
1352 3757 1443 3818 44444
1473 3760 1600 3818 instituit

111 3861 266 3938 inclytus,
287 3860 367 3920 diem
384 3862 456 3922 obiit
474 3861 639 3935 llostocbii,
664 3878 725 3938 quo
748 3862 833 3921 vale:-
887 3864 986 3943 paullo
1000 3860 1201 3922 anteobitum
1229 3872 1321 3917 suum
1355 3853 1412 3913 boc
1439 3854 1505 3933 ipso
1530 3869 1603 3915 anno

113 3954 227 4013 tudinis
235 3971 327 4014 cansa
338 3971 371 4014 se
382 3957 565 4031 contulerat,
580 3957 635 4016 An.
655 3955 741 4016 4607.
758 3972 833 4014 non·
888 3957 975 4019 4735.
995 3957 1046 4016 Vir
1061 3954 1279 4014 meritissimus
1295 3948 1333 4008 de
1352 3949 1442 4008 bouis
1457 3947 1554 4008 litoris
1578 3952 1604 4006 et

114 4045 186 4106 dum
205 4049 491 4125 quinquagenarius.
510 4049 547 4110 de
563 4067 622 4127 quo
640 4057 759 4129 praeter
786 4052 834 4110 lli-
889 4050 926 4109 de
942 4052 1055 4125 patriae
1073 4063 1146 4108 suae
1164 4046 1288 4104 bistoria
1303 4043 1435 4103 Tbomas
1448 4044 1575 4103 llearne.

115 4138 154 4198 bl.
173 4140 308 4218 Belgicae
325 4144 487 4219 scriptores
503 4143 655 4204 Valerium
673 4141 834 4214 Andream,
929 4142 1143 4205 MESSlANUS
1161 4139 1346 4215 Presbyter,
1361 4154 1431 4197 cum
1460 4137 1605 4215 Cypriane

116 4235 361 4312 Sweertiumque
375 4243 407 4296 et
423 4238 588 4297 :Meursium
606 4238 717 4299 Athen.
747 4239 833 4315 Belg.
891 4239 1050 4299 Tolonensi
1068 4242 1099 4296 et
1114 4233 1269 4312 Stephano
1285 4233 1415 4291 Diacono
1431 4233 1560 4310 scriptor
1568 4226 1606 4290 44·

115 4346 181 4408 pag.
205 4329 272 4391 459.
294 4346 358 4406 seq.
374 4329 419 4390 lo.
438 4331 661 4393 llircbmanuus
692 4334 836 4393 Oratione
893 4337 941 4392 tue
959 4333 1091 4406 Magistri
1107 4331 1153 4389 sui
1171 4325 1313 4387 Coesorii
1339 4321 1526 4385 Arelatensis
1552 4322 1606 4401 (qui

115 4423 153 4484 de
174 4425 237 4483 vita
254 4431 285 4483 et
297 4425 380 4484 obitu
412 4425 494 4486 Pauli
521 4426 668 4500 Merulae,
686 4427 830 4486 liostocb.
892 4428 948 4486 An.
968 4423 1034 4485 544.
1051 4424 1129 4483 diem
1146 4424 1226 4495 obiit)
1246 4420 1282 4480 ad
1300 4435 1434 4478 sororem
1450 4417 1519 4497 ejus
1541 4419 1607 4478 Cae

119 4518 207 4581 4607.
225 4520 251 4579 4.
269 4526 300 4578 44
318 4519 409 4598 lugd.
427 4523 490 4582 Bat.
505 4520 583 4581 4674
602 4524 649 4586 42.
665 4523 695 4580 444
707 4516 838 4581 llennin·
893 4511 1606 4590 sariamAbbatissamlixstatapudvincentiam

119 4619 147 4696 gi
170 4617 306 4676 Wittenii
326 4617 479 4675 memoriis
498 4615 702 4695 Philosophor.
721 4623 782 4674 tom
809 4614 837 4674 4.
892 4614 1035 4675 Barralim
1055 4614 1082 4670 in
1098 4610 1295 4686 chronologia
1331 4608 1490 4684 lerinensi
1521 4601 1607 4684 bugd.

119 4728 186 4790 pag.
206 4710 234 4770 8.
253 4710 383 4770 Thomas
400 4710 529 4772 Crenius
556 4716 629 4768 tom.
657 4710 675 4769 4
705 4707 841 4768 animad-
894 4711 958 4769 Bet.
976 4708 1066 4768 4643.
1080 4705 1108 4765 4.
1130 4713 1160 4765 44
1181 4702 1383 4765 Mabillonium
1400 4708 1474 4760 tom.
1502 4704 1513 4760 4
1547 4699 1606 4760 444.

121 4821 202 4865 vers.
220 4805 370 4883 pag.lt0.
382 4820 448 4883 seq.
466 4801 840 4882 AdolpbusClarmundus
897 4803 1032 4863 Sanctor.
1055 4799 1125 4861 Ord.
1157 4798 1267 4859 Bened.
1292 4812 1358 4873 pag.
1394 4793 1463 4853 649.
1494 4796 1608 4854 Partem

123 4907 196 4960 tom.
215 4900 275 4960 llll.
287 4902 420 4961 vitarum
435 4914 502 4981 pag.
513 4899 689 4960 9t.llieron.
701 4896 842 4959 Gbilinus
899 4894 1033 4957 ediderat
1048 4895 1155 4956 Sarius
1175 4893 1211 4954 ad
1229 4890 1277 4952 47.
1294 4891 1421 4967 August.
1437 4888 1510 4948 Vide
1524 4902 1608 4967 supra
