3368 5362
94 186 155 249 tii
605 177 833 243 ethinci
869 174 981 238 ANC.

136 295 210 354 Ante
229 291 354 351 Domum
374 287 493 350 Veneris
511 304 600 369 prorem
632 287 739 346 Dorica
756 302 805 345 su-

96 387 186 450 stinet
198 387 307 446 Ancon.
328 386 365 462 ll)

136 480 211 553 Quid
242 495 403 539 memorem
426 478 570 549 Quintum
593 474 700 536 deinde
735 475 809 536 Cur·

98 576 182 647 tium,
206 576 341 633 Latinum
365 571 538 633 historicum
571 571 691 648 atridem
731 568 810 626 nobi·

100 669 177 726 lem:
199 685 289 744 qoem
311 666 348 725 de
368 665 489 725 hacona
508 665 581 724 haec
600 667 628 722 in
649 666 816 738 Tropaeum·

99 764 275 822 Caesearem
292 761 446 836 scripsisse
455 761 651 836 percepimus
663 757 812 833 Trajonur

100 853 192 932 ipitnr
213 855 377 930 Imperator
396 870 450 930 per
471 853 613 931 oeqrtoris
633 850 713 911 vado
734 853 814 910 veriet

100 947 130 1007 in
149 948 305 1008 Civitatem
321 944 445 1024 fidelem.
463 952 492 1005 et
508 950 536 1004 in
553 944 651 1025 rupem
675 940 812 1020 Cephali·

102 1058 172 1099 nam
194 1039 319 1100 torridis
333 1056 455 1113 corrone,
473 1037 527 1097 nbi
541 1038 577 1098 ele
594 1057 625 1100 se
641 1037 814 1097 nreemoriam

100 1126 179 1208 lecit,
197 1128 399 1210 spectaculum
414 1128 540 1208 promte.
557 1128 664 1190 Postea
675 1145 746 1189 vero
760 1143 815 1206 per

48 1248 52 1256 ·
101 1221 281 1303 colliscpiam
294 1223 443 1293 Picenum,
458 1230 486 1284 et
498 1222 674 1286 clausarum
690 1218 815 1301 Alpibus

104 1311 257 1375 Ombriam
274 1317 306 1376 in
328 1315 434 1378 Urbem
448 1316 600 1398 profectus
613 1322 666 1377 cst.
681 1314 815 1389 llnjusoe

103 1412 223 1490 quidem
252 1415 292 1472 rei
312 1413 410 1473 nobile
430 1415 634 1473 testimonium
654 1414 681 1471 in
703 1409 818 1470 hodier-

103 1527 176 1570 num
201 1517 285 1571 estat
312 1512 460 1587 insignem
479 1508 557 1586 apud
577 1511 674 1586 ipsum
695 1513 815 1565 nostrae

104 1605 241 1664 Civitatis
269 1609 387 1682 portum
407 1619 603 1666 marmoreus,
622 1608 652 1658 et
675 1598 818 1658 mirabilis

104 1713 202 1766 arcus,
220 1715 309 1774 quem
338 1697 470 1774 desuper
500 1696 632 1772 inclytus
664 1693 733 1752 olim
770 1691 818 1750 ille

105 1791 135 1849 S.
150 1792 179 1849 P.
198 1789 232 1861 Q.
250 1791 281 1849 D.
299 1789 367 1850 huic
382 1791 594 1869 gloriosissimo
608 1787 732 1862 Principi
746 1785 819 1842 Divo

105 1881 233 1960 Trojano
251 1884 369 1945 Caesari
387 1882 522 1960 eiusdem
541 1880 728 1941 saluberrimi
754 1894 819 1954 por·

106 1983 157 2036 tus
196 1976 457 2052 providentissimo
494 1973 660 2042 cotiditori,
697 1985 818 2031 auream

106 2077 278 2146 equestrem
297 2076 427 2129 statuam
444 2070 601 2144 cospicuas
627 2067 705 2123 inter
729 2065 822 2123 Divae

105 2162 265 2222 Martianus
281 2163 406 2233 Sororis,
423 2161 614 2237 Plotinaeque
635 2156 821 2234 jucundissi-

108 2271 174 2314 mae
193 2255 336 2332 Coniugis
369 2255 522 2329 imagines,
559 2260 592 2313 ut
626 2251 820 2328 Triumphale

107 2349 270 2426 specimen,
297 2349 401 2414 decus,
429 2355 460 2406 ct
490 2353 712 2416 ornamentum,
746 2347 818 2404 mira

104 2439 225 2519 quidem
240 2441 477 2501 Architectorum
494 2457 548 2517 ope
560 2437 683 2506 dicarat,
702 2437 756 2496 hoc
772 2453 823 2496 ne

106 2533 156 2595 biii
174 2550 229 2595 suo
254 2540 385 2594 testante
408 2535 508 2594 aureis
526 2532 621 2592 literis
639 2531 818 2608 hypogram-

109 2635 197 2689 mole.

147 2721 269 2783 lhiPEli.
298 2719 460 2782 consoni
495 2721 571 2781 Dlt't
603 2718 755 2780 NERVAE
788 2718 820 2776 F.

147 2815 320 2875 Tilhihh'O
347 2816 428 2876 ort.
462 2813 551 2874 AUG.
581 2811 820 2884 Giiiiiihh'lCO,

147 2909 289 2970 DhClCO
304 2911 410 2970 POhT.
425 2909 517 2969 ΜΑΧ.
536 2909 594 2968 Til.
612 2906 692 2966 POT.
715 2904 820 2965 xt'ltl.

148 2999 220 3063 intr.
238 3004 288 3063 tx.
306 3002 388 3064 COS.
406 3004 452 3063 il.
476 3005 527 3062 ΡΙ).
557 2998 820 3061 PiiOVlDEh'llS-

144 3096 233 3157 sisto
249 3098 373 3174 Principi
389 3095 563 3159 SENATUS
581 3098 611 3155 Ρ.
629 3096 663 3166 Q.
683 3098 715 3153 il.
734 3092 817 3154 huod

145 3207 300 3250 accessum
329 3191 429 3250 italiae
459 3193 513 3250 hoc
542 3191 632 3249 etiam
661 3187 762 3249 addito
780 3205 816 3248 ex

148 3287 273 3363 pecunia
298 3302 352 3346 sua
376 3292 472 3362 portu,
489 3287 630 3345 tutiorem
653 3283 821 3361 h'aviganti-

151 3378 208 3437 bus
226 3376 388 3437 reddiderit
402 3379 449 3453 (Di.

107 3473 174 3550 lpse
186 3472 293 3532 deinde
305 3475 437 3550 optimus
449 3473 613 3550 imperator
625 3488 745 3532 auream
759 3469 821 3547 eju·

108 3565 193 3625 sdem
211 3574 340 3638 statuae,
357 3583 451 3644 esque
465 3567 646 3643 praeclaram
661 3567 820 3641 imaginum

108 3659 389 3737 huictamegregiae
403 3663 567 3720 maritimas
580 3657 701 3718 interad
717 3658 820 3717 Adria·

39 3822 44 3831 ,
108 3771 176 3815 cum
196 3754 325 3826 Civitati,
339 3754 518 3831 civibusque
531 3770 619 3811 omne
639 3769 691 3829 prr
711 3768 818 3811 aevum

109 3846 278 3908 honorabile
296 3848 414 3924 signum
431 3857 548 3925 gestare
559 3849 648 3923 Regia
664 3844 821 3907 liberalita-

111 3948 140 4001 te
157 3940 290 4001 donavit.
307 3942 436 4018 Cujusce
453 3960 521 4002 vero
538 3942 748 4019 splendentem
765 3943 821 4000 ico·

111 4035 295 4112 nisethiem
309 4053 361 4113 per
374 4037 519 4113 pubblica,
530 4045 560 4094 et
570 4039 687 4114 egregia
704 4042 823 4094 nostrae

111 4126 246 4189 Civitatis
258 4129 331 4204 ioca,
348 4149 556 4210 purpureaque
571 4133 756 4210 praetoriana
774 4144 824 4189 re-

111 4224 192 4297 xilla,
209 4223 340 4302 undiquc
358 4244 409 4304 per
428 4228 553 4298 ltaliam,
571 4234 601 4285 et
621 4226 752 4285 nasoon
772 4224 825 4283 Ur-

112 4320 165 4381 bes
179 4322 345 4380 enitescere
359 4330 598 4399 conspectamus.
614 4319 717 4380 Vidisti
742 4334 825 4395 prae·

111 4417 209 4476 clarae
226 4417 365 4477 Civitatis
379 4424 553 4476 ornamenta
571 4413 824 4491 aliaquamplura‚

112 4510 164 4569 sed
182 4513 259 4569 inter
272 4513 382 4588 potiora
398 4513 530 4588 antiqua,
542 4518 632 4586 alque
648 4509 753 4568 nobilia
772 4526 826 4569 un-

112 4604 202 4682 dique.
223 4622 260 4664 ex
279 4612 363 4664 cocto
383 4605 474 4666 latere
500 4607 624 4676 maenia,
644 4605 824 4664 maritimum

113 4699 342 4775 strennuitas,
362 4708 483 4778 tresque
513 4697 729 4760 circumdantia
752 4699 828 4777 ripa-

171 4848 205 4906 (Ι)
222 4845 306 4909 Salyr.
325 4842 370 4891 tv.
388 4844 418 4893 V.
436 4851 476 4894 tit.

170 4922 206 4983 (Ξ)
223 4923 282 4971 ltin.
302 4922 369 4982 imp.
387 4921 434 4971 xl.
450 4922 510 4974 itin.
527 4923 557 4973 P.
573 4924 601 4975 F.
633 4924 636 4929 ’

866 280 920 353 les,
937 289 967 341 et
982 298 1084 343 aereas
1098 296 1197 359 arces,
1216 290 1323 361 portas
1344 282 1444 344 deinde
1461 286 1543 364 regias,

867 383 966 437 turres
984 380 1168 451 innumeras,
1186 385 1221 436 et
1237 378 1421 457 praecelsas:
1447 397 1491 438 oro
1505 398 1543 439 ooo

869 487 953 532 sacra
967 474 1084 548 superis
1100 472 1251 548 speciosa,
1270 474 1546 550 ornatissimoqoede

868 567 973 627 lubra:
992 567 1049 626 alta
1074 584 1197 645 quoque
1221 569 1447 644 magistratuum
1467 570 1546 625 lraeto

869 663 920 731 ria,
936 663 1114 739 Civiumqne
1133 662 1244 737 palatia
1262 670 1294 719 et
1312 661 1547 738 conspicuasuudi·

869 772 928 832 que
945 772 1040 822 arcus,
1058 764 1088 813 et.
1115 763 1275 834 gestorum
1300 773 1400 816 rerum
1429 754 1548 832 trophaea:

871 866 988 917 scenas,
1005 849 1171 922 columnas,
1189 849 1296 920 bases,
1309 856 1340 907 et
1357 851 1551 925 epigramm

870 946 942 1021 quin
961 950 991 1001 et
1008 961 1166 1002 arenarum
1195 944 1342 1019 ingentia,
1373 946 1551 1002 vetustissimo·

872 1054 931 1114 que
950 1037 1120 1096 Nuntidicae
1138 1038 1367 1097 architecturae
1385 1039 1443 1097 loca
1455 1038 1550 1114 peremi

873 1135 973 1192 nentia
994 1133 1078 1192 Urbis
1097 1132 1342 1208 Amphitheatro,
1363 1130 1550 1205 magnamindi·

872 1227 951 1286 cium
971 1226 1139 1304 splendoris
1157 1228 1332 1304 primaevae
1349 1227 1476 1286 Civitatis
1496 1223 1550 1282 lurni·

872 1320 938 1394 liae,
953 1328 984 1381 et
1000 1319 1237 1380 verendissimao
1251 1320 1548 1399 antiquitatishteoio

873 1421 907 1475 ut
923 1415 1014 1474 finem
1031 1413 1137 1475 amodo
1155 1414 1317 1487 iaciamus,
1339 1413 1493 1491 nequidem
1514 1410 1549 1469 hoo

875 1508 938 1569 loco
957 1516 1141 1586 praeteream
1160 1506 1308 1584 disjectas
1334 1508 1403 1567 oiim
1430 1505 1546 1565 tridentes

875 1602 997 1663 Civibus
1010 1602 1087 1661 aima
1104 1618 1158 1676 pro
1176 1601 1329 1673 libertate,
1359 1597 1548 1661 enuntiarun-

876 1696 1008 1754 tissimus
1029 1696 1106 1754 orcis
1135 1693 1240 1763 moles,
1274 1700 1307 1753 et
1337 1689 1547 1752 machinamnri

875 1788 978 1848 avulsa
1000 1789 1071 1866 ripis
1087 1805 1139 1865 per
1162 1787 1282 1859 urbem,
1306 1795 1338 1847 et
1359 1790 1447 1848 ariete
1464 1784 1546 1847 amhn.

876 1882 1020 1942 muraiire
1034 1883 1150 1941 consita
1172 1887 1328 1940 tormento
1349 1883 1476 1959 ingentia,
1491 1885 1546 1953 atque

877 1975 1015 2034 immania
1034 1991 1114 2035 sexa.
1135 1973 1220 2044 Quae
1237 1977 1352 2046 omnia,
1372 1983 1402 2033 et
1418 1976 1465 2034 alia
1480 1987 1546 2048 quon·

877 2068 1071 2145 quamplura
1106 2068 1217 2127 eximia
1250 2068 1393 2127 Civitatis
1423 2069 1544 2125 orrmmeou

880 2161 1059 2237 quurndoque.
1078 2162 1241 2238 parotium
1261 2169 1451 2239 conspectore
1466 2154 1545 2216 betisi

879 2272 961 2314 mum
979 2255 1062 2313 nohis
1082 2256 1176 2313 visum
1194 2260 1252 2313 est.
1267 2254 1392 2313 Videres
1406 2246 1543 2328 namqueit

880 2347 947 2407 inde
977 2347 1185 2425 exoptabilius,
1205 2347 1248 2408 (ΙΙ.
1270 2344 1404 2407 hiarine'l
1431 2346 1544 2417 lmmopr

879 2445 940 2502 tius
970 2441 1113 2511 dicatum,
1144 2439 1310 2499 vidistine?
1333 2443 1474 2501 Politieam
1497 2437 1542 2494 illm

878 2538 996 2597 Civium
1019 2535 1206 2603 modestiam,
1225 2542 1257 2594 et
1278 2527 1479 2593 honestatem?
1494 2528 1545 2600 Dii

879 2635 1080 2704 lampacem,
1098 2630 1255 2699 unionem,
1272 2627 1466 2699 concordiam,
1478 2619 1546 2682 serni

879 2729 980 2794 tatem,
998 2723 1189 2800 Religionem,
1215 2722 1392 2799 elatamque
1418 2713 1546 2781 ttenrocni

878 2820 965 2878 ticum
993 2818 1173 2888 libertatern,
1208 2833 1301 2893 quam
1334 2823 1365 2875 et
1397 2813 1543 2875 nobilissimo

878 2914 982 2988 utique
1001 2917 1117 2969 restrae
1133 2910 1279 2987 qrramvis
1290 2897 1544 2968 riristocraticaeml·

875 3003 934 3065 lam
954 3006 1145 3064 existimares
1163 3019 1282 3062 morum
1304 2993 1544 3062 utnormtnnnlv

875 3100 955 3158 bere.
973 3100 1055 3170 Quae
1083 3097 1205 3175 quidem
1229 3098 1321 3174 igitur
1350 3098 1444 3156 omnia
1458 3091 1486 3153 ad
1504 3089 1543 3147 ho

876 3196 938 3270 ipsa
965 3192 1094 3252 ineunda
1113 3199 1174 3250 tam
1194 3190 1310 3265 idonea,
1339 3191 1439 3261 felicia,
1454 3194 1478 3247 et
1491 3185 1543 3243 hom

876 3291 1006 3348 stissima
1024 3285 1150 3360 laedera,
1170 3292 1254 3344 tuam
1271 3285 1403 3363 denique
1418 3277 1543 3343 benevolen-

876 3385 958 3452 tiam,
976 3390 1005 3441 et
1023 3381 1211 3440 adiectionem
1232 3379 1398 3456 plurimum
1427 3372 1543 3435 debentia·

876 3477 1003 3538 cendere
1022 3483 1165 3549 tuamque
1192 3489 1251 3531 noo
1270 3492 1376 3552 parum
1397 3471 1541 3531 virtutisne

875 3571 1063 3650 gnitudinem
1079 3572 1211 3630 excitare
1234 3569 1256 3647 (i
1269 3589 1288 3632 s.

917 3665 1143 3740 Explicavimus
1161 3663 1311 3723 hactenus
1334 3663 1427 3740 aliqua
1443 3659 1473 3719 de
1486 3655 1541 3714 butt

877 3777 924 3833 na,
945 3776 1026 3818 nunc
1042 3776 1112 3818 vero
1133 3756 1170 3816 de
1191 3758 1388 3817 litlndvsto
1401 3742 1540 3831 atlantici

876 3852 1008 3912 handum
1023 3854 1088 3911 erit.
1104 3853 1204 3909 Dicam
1223 3850 1352 3910 admodo
1369 3847 1468 3927 aliquid
1482 3843 1539 3900 reid

877 3946 914 4006 de
925 3948 1132 4023 antiquissima
1145 3945 1309 4005 Dalmatica
1323 3945 1459 4022 Epidauro
1470 3930 1539 3997 nobili

880 4041 954 4100 sinna
978 4039 1104 4119 lllyridis
1126 4039 1213 4111 Urbe,
1237 4056 1252 4099 a
1276 4058 1335 4117 qnia
1354 4039 1465 4116 insignis
1481 4032 1537 4087 vain

880 4136 1029 4211 Rugosion
1053 4137 1145 4194 traxit
1173 4136 1320 4212 originem
1353 4118 1536 4193 Rhisinumoin

881 4231 993 4288 vestris
1024 4246 1052 4289 a.
1077 4228 1241 4305 majoribus
1270 4227 1360 4287 dicta.
1391 4217 1536 4296 compendii

882 4327 963 4385 enirn
982 4323 1239 4401 Cosmographom
1258 4325 1342 4384 illum
1371 4323 1413 4382 Ci.
1431 4308 1533 4401 Claudium

884 4420 1085 4480 Ptolemaeum
1103 4417 1341 4479 Alexandrinum
1360 4432 1411 4476 suo
1432 4406 1507 4467 eodem
1519 4393 1535 4450 lt

883 4514 944 4587 bro,
973 4514 1138 4589 eademqne
1161 4513 1380 4590 Chorographm
1410 4498 1532 4581 Epidaurum

884 4616 946 4667 tres
968 4609 1045 4665 inter
1068 4607 1233 4666 oraritimas
1255 4606 1381 4684 lllyridis
1405 4595 1533 4661 osberne

884 4705 961 4782 giam
979 4701 1143 4761 Dalmatiae
1166 4704 1313 4778 posuisse,
1328 4708 1413 4778 alque
1426 4679 1530 4753 neuntio

945 4917 980 4983 (t)
997 4916 1055 4970 linc
1072 4931 1153 4983 usquo
1170 4914 1346 4970 itinerariam.
