3368 5362
152 169 210 229 320
776 162 1033 224 Paosebtt

152 279 341 349 minislrata,
362 274 439 334 buna
473 271 529 330 side
563 271 615 346 ipsi
645 271 782 343 misisse,
805 273 874 348 qui·
931 270 998 331 33i.
1023 270 1650 348 444444444404444444444.11444444.

152 373 210 433 bus
232 368 325 431 solide
359 363 539 442 respondet,
569 369 600 421 et
634 362 662 422 id
695 364 874 441 plerumque
920 360 955 424 Ι1.
978 381 1003 442 p.
1029 363 1097 423 133.
1119 362 1260 422 editionis
1283 365 1508 443 besnagtanee.
1527 367 1653 428 14144444-

153 470 273 536 monet,
295 461 435 536 decerpta
457 474 490 517 ea
509 456 630 532 quidem
653 472 721 516 esse
740 474 777 516 ex
796 457 873 534 Ope·
929 472 996 516 men
1020 456 1160 516 Carisius
1181 472 1210 533 p.
1234 456 1307 516 3116.
1329 456 1414 518 aliud
1438 475 1566 538 quoquc
1586 459 1653 520 illius

152 560 237 619 ribus
259 559 290 617 S.
312 555 425 620 Patris,
447 549 498 609 sud
523 558 624 609 tamen
658 567 716 610 non
746 552 821 610 satis
842 549 875 608 fr·
930 549 1101 627 exemplum
1124 566 1162 609 ex
1184 549 1293 611 Codice
1315 550 1507 628 augustano
1528 553 1651 632 prodidit.

152 654 280 721 deliter,
301 653 332 707 et
353 664 369 705 a
393 662 447 704 suo
469 652 614 704 contentu
636 644 783 720 disrupta.
930 641 1004 703 Bibl.
1027 643 1078 701 Pr.
1103 645 1231 703 maxima
1255 642 1475 721 Lugdunensis
1491 648 1548 707 4444
1564 664 1652 708 esem

192 747 219 804 9.
243 743 355 802 Contra
378 735 577 810 Coliatorenr,
600 736 636 796 414
654 736 761 815 pratia
784 735 881 795 Deiet
932 734 1025 814 plania
1046 733 1133 794 dedit
1155 742 1226 796 tom.
1250 737 1315 797 Vlll
1335 754 1394 816 pag
1426 741 1496 801 494.
1516 741 1581 802 tat.
1597 743 1651 801 441.

151 835 245 900 libero
276 830 418 893 arbitria.
450 831 580 890 Collator
603 831 652 890 ille
674 838 723 891 est
744 833 877 890 ioannes
933 829 1043 904 locipit
1065 846 1080 888 a
1104 830 1291 906 temporibus
1312 831 1477 905 Gratiani,
1499 840 1531 893 et
1558 837 1652 911 pertin·

150 933 335 997 CassianuS,
357 929 407 1004 qui
432 942 489 984 uon
514 926 611 986 solum
636 928 665 984 in
685 925 877 985 sermonibus
934 924 977 1002 git
1003 921 1156 999 usquead
1179 929 1299 1000 captam
1323 942 1340 985 a
1362 924 1513 987 Vandalis
1537 928 1650 989 boman.

152 1028 229 1085 intra
263 1024 397 1100 privatos
429 1021 579 1097 parietes,
602 1019 654 1078 sed
689 1020 782 1079 etiam
812 1017 878 1077 Col·
935 1017 1106 1077 Genuinum
1138 1024 1240 1076 autem
1274 1017 1449 1078 Cbronicon
1483 1023 1610 1100 l‘rosperi
1627 1030 1650 1080 et

152 1120 263 1180 latione
284 1115 363 1176 xttt.
385 1113 552 1173 doctrinam
576 1114 605 1174 S.
628 1113 789 1190 Augustini
808 1128 878 1187 sug·
935 1112 1111 1187 integrum,
1132 1108 1212 1187 quod
1245 1109 1283 1170 ab
1303 1112 1376 1171 urbe
1399 1114 1527 1175 condito
1548 1118 1646 1194 incipit,

152 1211 402 1290 gillaverut.·lloc
423 1206 612 1285 Opusculum
643 1208 780 1284 Prosperi
807 1222 876 1264 cnm
933 1203 1047 1263 editum
1079 1209 1128 1263 cst
1160 1205 1289 1281 primum
1313 1221 1331 1264 a
1353 1206 1481 1266 Canisio
1510 1211 1647 1287 tom-lp.

151 1306 301 1384 Operibus
322 1303 459 1362 Cassiani
495 1301 572 1361 solet
594 1302 733 1378 imprimi.
768 1297 878 1359 Prodiit
931 1297 1001 1357 252.
1024 1305 1092 1375 post
1114 1314 1151 1356 ex
1173 1297 1231 1357 alio
1263 1297 1374 1358 Codice
1408 1317 1427 1361 a
1456 1301 1534 1362 Phil.
1554 1303 1647 1363 Lebbeo

150 1401 321 1475 bloguntiae
346 1400 374 1455 in
400 1394 526 1455 aedibus
547 1395 591 1454 to.
614 1393 765 1455 Schoelier
788 1392 875 1453 4523.
932 1397 1005 1449 torn
1027 1392 1039 1449 l
1061 1391 1135 1450 414441.
1160 1407 1255 1450 novae
1277 1391 1646 1471 assentantem

153 1495 181 1556 t,
205 1492 298 1571 bugd.
322 1490 386 1551 But.
411 1490 499 1551 46416.
521 1489 655 1550 atrebat.
680 1489 767 1549 4628.
795 1492 825 1545 41
847 1488 876 1544 44
933 1501 1022 1545 sauro
1044 1485 1212 1544 Graeviano
1234 1491 1256 1544 4.
1278 1484 1321 1545 111
1346 1503 1374 1564 p.
1399 1488 1474 1548 269.
1498 1488 1569 1551 Vide
1597 1490 1645 1569 plu-

99 1648 103 1656 ,
151 1586 381 1662 llaurescologia
403 1583 532 1644 Heroldi.
935 1578 1018 1638 ribus
1039 1583 1178 1638 auctores
1201 1579 1280 1637 vitae
1301 1581 1464 1659 Prospert,
1481 1590 1515 1643 et
1531 1582 1644 1643 observa·

194 1681 242 1741 10.
275 1676 492 1741 commentarii
525 1676 556 1735 44
586 1673 745 1746 Psalmos,
777 1691 806 1733 a.
843 1671 877 1732 C.
934 1673 1045 1730 tionem
1069 1672 1221 1748 praeviam
1244 1673 1307 1731 tae.
1330 1675 1489 1752 basnagii.
1512 1676 1541 1752 b)

152 1789 247 1852 arque
269 1771 310 1831 od
332 1773 388 1833 CL.
408 1771 452 1831 ild
475 1771 628 1831 Psalmum
652 1770 738 1830 CVll.
768 1766 878 1842 aliegat
975 1766 1101 1824 Errores
1122 1763 1268 1841 quosdam
1286 1764 1381 1842 bujus
1396 1765 1540 1829 Chronici
1560 1771 1641 1829 44114-

120 1853 129 1899 ·’
152 1868 394 1929 Commentarios
416 1867 444 1923 in
469 1864 622 1924 Psalmum
644 1861 722 1922 LVl.
749 1867 780 1919 et
802 1859 877 1919 ΗΧ.
934 1859 1017 1918 ronio
1037 1858 1135 1929 adfert
1157 1859 1343 1921 Passerinus
1362 1862 1393 1920 in
1415 1861 1570 1942 Apparatu
1588 1870 1639 1922 ton.

152 1959 234 2020 unde
256 1965 376 2018 constat
399 1960 496 2035 ipsum
520 1964 616 2016 totum
640 1955 819 2016 Psalterium
844 1953 877 2011 il·
935 1953 961 2012 ll
984 1946 1054 2030 pagj
1073 1951 1141 2012 302.

154 2053 322 2124 lustrasse,
344 2049 423 2127 quod
441 2056 472 2109 et
490 2065 545 2109 suo
560 2055 695 2125 tempore
710 2047 808 2108 adbuc
827 2062 877 2106 su·
1205 2046 1242 2104 11.
1267 2043 1384 2105 Dubia.

157 2143 307 2219 perluisse
341 2148 471 2202 testatur
497 2140 644 2203 lt'otlterus
676 2141 820 2203 Balbulus
841 2140 878 2201 do
975 2140 1039 2199 lluc
1062 2139 1234 2199 referuntur
1258 2141 1283 2199 4.
1302 2138 1639 2221 Confessio,quan1sub

157 2238 284 2313 interpr.
308 2236 417 2312 Script.
439 2251 464 2294 c.
489 2235 516 2293 2.
935 2234 1055 2293 nomine
1078 2233 1212 2311 Prosperi
1235 2233 1369 2311 primum
1405 2233 1504 2296 edidit
1524 2239 1581 2298 144.
1597 2237 1641 2296 Sir·

139 2365 142 2369 >
194 2331 242 2389 44.
275 2327 442 2388 Sententiae
474 2346 516 2388 44
548 2325 695 2408 Operibus
716 2327 878 2407 Auqustini
936 2325 1064 2386 mondus
1080 2334 1154 2385 'cum
1177 2325 1369 2403 poematibus
1390 2328 1524 2407 Eugenii
1543 2337 1572 2390 et
1588 2331 1640 2389 1144

139 2427 323 2502 excerptae.
347 2424 499 2485 Numerus
519 2439 623 2484 earum
648 2425 676 2483 iu
699 2425 794 2484 variis
814 2424 878 2483 edi·
933 2420 1037 2489 contii,
1061 2417 1152 2477 Paris.
1187 2418 1276 2478 4629.
1297 2418 1326 2478 8.
1350 2424 1478 2500 repetiit
1510 2423 1581 2483 Bibl.
1602 2421 1639 2481 44.

151 2517 283 2578 tionibus
304 2523 351 2576 est
372 2515 532 2591 diversus,
555 2516 628 2577 dum
657 2514 804 2594 quaedam
827 2517 873 2575 bis
926 2513 1118 2576 coloniensis
1141 2514 1169 2570 in
1193 2511 1419 2589 Supplementa
1437 2516 1501 2597 (ubi
1516 2514 1640 2577 editiol’i

150 2612 283 2689 positae,
316 2610 391 2670 aliae
426 2612 555 2669 omissae
590 2609 870 2688 deprehenduntur.
928 2607 1008 2666 tboei
1033 2606 1167 2666 Parisina
1189 2605 1388 2685 memoratur)
1408 2609 1640 2671 eistettensis

149 2703 328 2765 l’rodierunt
360 2704 522 2780 separatim
553 2701 728 2764 Helmstadii
751 2720 804 2781 per
825 2704 870 2763 lo.
928 2707 999 2760 tom.
1022 2698 1086 2760 XV.
1109 2716 1166 2777 pag
1198 2700 1266 2760 844.
1300 2707 1333 2761 44
1364 2701 1462 2765 editio
1501 2706 1639 2766 novissim

149 2797 325 2870 uFucbte,
350 2798 437 2859 4643.
460 2798 487 2856 8.
930 2795 1063 2871 Operum
1097 2792 1246 2854 Sirmondi
1279 2801 1353 2854 tom.
1378 2797 1419 2857 11.
1442 2797 1478 2858 44
1502 2816 1537 2862 eu
1560 2803 1642 2859 444444

191 2892 237 2953 44.
258 2890 424 2953 chronicon
445 2891 482 2951 ab
504 2890 574 2950 orbe
596 2888 716 2949 condito
738 2890 774 2950 ad
794 2907 872 2949 mor-
929 2885 967 2946 de
991 2888 1153 2946 iuventute
1176 2887 1256 2947 male
1277 2894 1438 2952 transacta
1460 2892 1565 2967 dolet,
1584 2896 1641 2950 iuter

150 2994 210 3045 tem
234 2985 436 3044 Valentiniani
459 2985 510 3043 111.
531 2989 562 3043 44
577 2985 702 3044 Romam
720 3000 738 3042 4
758 2984 872 3044 Gense-
927 2981 984 3041 alia
1005 2979 1077 3039 dicit
1105 2997 1137 3039 se
1160 2987 1296 3059 tempore
1310 2983 1505 3063 irruptionis
1525 2987 1640 3049 barbaro

148 3080 209 3139 rico
231 3085 371 3154 captam,
394 3076 424 3135 b.
445 3094 471 3135 e.
493 3093 521 3136 a.
543 3077 575 3136 G.
600 3077 667 3137 455.
692 3078 871 3154 Prosperum
931 3090 997 3134 rum
1021 3075 1147 3151 patriam
1170 3088 1258 3135 suam
1278 3075 1469 3154 reliquisse,
1489 3079 1518 3142 id
1535 3079 1640 3160 quodie

149 3171 365 3248 Aquitanicam
386 3168 518 3229 edidisse
543 3169 711 3229 Chronicou
744 3177 874 3231 testatur
928 3169 1107 3242 Prosperum
1132 3183 1190 3227 non
1213 3166 1366 3245 quadrat,
1391 3174 1478 3235 sic-ut
1499 3193 1554 3236 uec
1573 3171 1641 3234 stilus

148 3262 346 3336 Gennadius,
368 3264 419 3341 qui
442 3261 548 3323 eodem
565 3279 640 3323 aevo
657 3264 751 3336 vixit,
773 3264 874 3323 Victor
929 3259 1070 3319 omnibus
1095 3259 1173 3319 idem
1196 3261 1328 3322 videtur.

147 3357 319 3434 Aquitanas
338 3357 387 3430 (in
404 3355 496 3432 prael.
519 3355 554 3416 ud
574 3357 728 3416 Canonem
748 3355 874 3416 Pascha·
969 3352 999 3412 2.
1024 3352 1155 3413 Carmen
1174 3353 1216 3412 ad
1234 3371 1390 3431 44444444,
1415 3377 1511 3437 quam
1529 3360 1641 3422 ertone

151 3451 229 3523 lem]
252 3456 283 3508 et
306 3447 440 3509 Isidorus
463 3449 668 3526 Hispalensis,
690 3466 818 3526 quorum
842 3448 874 3508 fi·
929 3452 980 3507 tur
1010 3445 1047 3506 ad
1083 3448 1175 3506 vitum
1208 3447 1356 3508 coelibem
1395 3450 1594 3528 ducendam,
1617 3454 1640 3508 ut

149 3541 218 3602 dem
237 3544 265 3600 in
284 3542 408 3601 dubium
428 3542 732 3602 vocarenelusesto.
751 3544 872 3616 Verum,
929 3541 989 3600 Deo
1013 3539 1121 3599 melius
1144 3557 1252 3601 vacare
1274 3550 1390 3618 posset.
1424 3548 1639 3627 lucipitgeorn

151 3637 274 3712 inquis,
296 3634 408 3712 duplex
430 3633 518 3695 adest
539 3635 711 3695 chronicon
736 3637 873 3714 Prospari
928 3632 1167 3694 Anacreontion:

151 3743 259 3786 nomen
283 3726 398 3787 babens
420 3727 606 3806 praefixum,
630 3730 657 3788 in
681 3745 809 3808 quorum
832 3728 874 3788 al·
1049 3724 1111 3803 Ape
1134 3727 1223 3804 jam,
1242 3744 1374 3806 precor,
1398 3749 1541 3794 mearum

149 3827 213 3880 tero
236 3822 327 3879 verba
339 3819 374 3878 de
387 3821 508 3882 bueresi
519 3820 818 3882 Praedestinatornm
834 3819 874 3880 ab
1053 3817 1155 3879 Conres
1179 3819 1323 3894 irremota
1345 3839 1469 3886 reram.

148 3912 313 3989 Augustino
335 3913 454 3974 inventa
474 3922 637 3976 occurrunt
657 3960 664 3986 ,
683 3921 874 3991 quaecontra
929 3909 1074 3989 deinceps
1106 3919 1174 3990 post
1195 3913 1310 3990 aliquot-
1343 3916 1528 3980 buiusmodi
1552 3929 1636 3979 444444

150 4018 268 4064 omnem
291 4007 384 4065 vitam
407 4013 437 4065 et
454 4007 875 4085 actionest’rosperiloquuu-
930 4012 1103 4083 sequuntur
1124 4005 1251 4066 disticha
1274 4009 1381 4069 txttt.
1404 4015 1540 4074 circiter.
1561 4013 1634 4074 1144444

151 4101 209 4155 tur.
232 4098 481 4172 Respondemus,
503 4100 632 4161 alterum
667 4099 762 4168 illud,
794 4100 872 4177 quod
929 4099 1053 4158 Paulino
1072 4098 1186 4160 Nolano
1218 4098 1424 4166 adscribitur:
1448 4107 1489 4171 de
1518 4110 1634 4184 Prosper·

152 4189 253 4249 minus
275 4204 437 4262 vocamus,
460 4192 553 4252 muita
571 4193 693 4270 quidem
715 4195 873 4270 eProspe·
928 4198 1030 4251 autem
1053 4189 1228 4267 dubitatur,
1251 4195 1321 4270 quia
1343 4195 1383 4258 de
1417 4203 1558 4281 coniugio
1575 4199 1633 4259 411444

152 4297 185 4340 ro
205 4280 415 4354 desumsisse,
435 4289 467 4341 et
493 4302 602 4345 nomen
634 4288 702 4364 ejus
734 4287 871 4360 mentiri,
930 4301 988 4343 nou
1012 4291 1140 4343 constat.

151 4392 256 4435 revera
278 4382 379 4434 tamen
402 4375 496 4452 ipsius
519 4395 576 4436 non
600 4395 679 4439 esse.
699 4381 726 4450 a)
748 4378 872 4439 Editum
969 4379 996 4437 3.
1020 4376 1151 4437 Carmen
1172 4377 1208 4438 de
1221 4379 1418 4456 providentio
1434 4385 1557 4460 414υὺ44,
1572 4377 1629 4462 quil

152 4476 252 4529 autem
276 4467 406 4545 primum
428 4473 476 4526 est
493 4471 781 4532 aPetrol’ithoeoin
796 4472 872 4548 Ope·
924 4469 986 4546 jam
1010 4469 1079 4529 olim
1109 4472 1289 4533 llincmarus
1307 4479 1436 4539 ,nomino
1458 4481 1586 4559 Prosperi
1601 4474 1628 4533 cl

152 4560 235 4621 ribus
257 4562 346 4620 Paris.
370 4561 458 4621 4585.
480 4568 510 4619 44
533 4562 620 4622 46119.
638 4565 664 4622 4.
683 4562 870 4642 editis,pag.
927 4564 1022 4636 tavit,
1046 4579 1102 4621 non
1138 4564 1204 4625 vult
1227 4568 1300 4625 viris
1333 4568 1433 4632 doctis
1455 4590 1490 4635 se
1512 4572 1628 4652 omnen,

193 4788 218 4839 4)
235 4761 365 4835 4444414444
382 4786 426 4836 1444
446 4789 540 4849 optima
551 4787 674 4836 discernit
690 4788 803 4847 cereus,
822 4790 866 4849 qut
962 4790 990 4848 b)
1006 4789 1150 4839 chronicon
1169 4789 1285 4844 illudio.
1306 4795 1451 4848 0444441444
1467 4797 1580 4849 sumto
1594 4790 1627 4839 ni·

148 4855 199 4907 bue
214 4857 387 4908 4441444444.
909 4862 986 4914 buere
999 4864 1105 4923 mavult,
1119 4863 1151 4912 de
1164 4877 1215 4925 quo
1227 4870 1316 4917 ttoster
1328 4881 1408 4931 444444
1424 4876 1444 4920 4.
1464 4874 1504 4921 44.
1521 4869 1570 4918 sss
