3368 5362
640 185 923 248 sensurus
1431 165 1529 250 ’444

136 296 368 358 ’medicatorum
380 312 406 354 4.
422 294 508 354 4546.
522 297 686 373 impresso,
703 297 759 355 444-

139 408 189 450 em
220 406 246 461 a,
273 388 360 449 isar.
387 389 489 447 Latina
517 390 643 466 repetita
667 390 757 448 estin

136 483 191 544 SS.
209 488 290 542 tomo
305 482 337 540 li.
355 481 422 560 Maji
442 500 470 559 p.
488 483 558 543 320.

136 574 344 637 lASTlANUS
360 577 530 654 Episcopus
544 574 758 638 Salmanticeu·

136 672 246 748 cripsit
276 667 459 741 chronicon,
484 671 512 728 in
531 687 591 748 quu
609 669 757 729 lsidorum

136 781 199 825 sem
212 764 257 824 ab.
273 779 299 823 a.
319 764 386 822 896.
404 761 550 840 usquead
568 764 686 823 initium
703 763 757 823 Ve-

136 857 177 918 rdi
194 857 284 934 Regis
300 858 464 917 continuat.
493 855 597 918 Edidit
617 872 687 916 cum
705 856 757 914 lsi-

139 949 320 1009 Prudentius
342 946 379 1008 de
408 947 578 1024 sandoval,
608 948 757 1025 Pompelo·

143 1045 211 1104 634.
236 1042 349 1102 Auctor
375 1040 555 1118 quibusdam
588 1048 636 1099 est
652 1056 757 1118 sospc

136 1136 203 1197 lide
221 1135 374 1195 Oudinum
390 1140 471 1193 tomo
489 1133 510 1192 l.
524 1150 554 1210 p.
576 1133 663 1194 4794.
745 1128 750 1137 ’

136 1228 340 1290 lASTlANUS
367 1226 511 1303 8444444,
534 1225 757 1287 Saludcoiensis

136 1339 165 1382 ro
190 1322 389 1396 Ariminensi,
416 1324 580 1399 Magister,
609 1321 756 1382 incertum

136 1417 213 1494 ogiae
233 1433 272 1474 au
290 1414 515 1493 Philosophiae,
531 1417 609 1475 circa
623 1432 650 1474 4.
668 1413 755 1475 4648.

136 1511 164 1568 rit
195 1508 290 1570 Vitam
311 1508 347 1567 44.
377 1508 496 1582 Amuli,
525 1506 754 1578 Saludecensis,

136 1601 232 1662 italico
248 1600 364 1661 reddita
381 1619 399 1662 a
415 1601 524 1663 lacobo
540 1600 670 1661 Antonio
692 1617 758 1679 pru

137 1697 235 1755 rimini
253 1695 332 1755 4599
349 1702 380 1754 44
396 1696 484 1756 4609.
505 1696 596 1755 444444
619 1710 693 1753 vero
719 1710 757 1754 ex

136 1788 221 1868 apbo
239 1791 269 1848 in
283 1789 367 1850 Actis
379 1787 557 1849 Sanctorum
570 1795 641 1847 tom.
655 1789 677 1848 l.
689 1787 755 1863 llaji

136 1883 192 1942 448.

136 1973 340 2037 iASTlANUS
353 1975 549 2054 sperantius,
566 1975 757 2053 Praeposirus

136 2070 244 2143 tensis,
261 2069 430 2128 (laesareus
444 2075 475 2127 et
489 2066 654 2128 Gurcensis
669 2069 757 2145 illap-

136 2164 141 2220 i
159 2162 224 2222 scil.
237 2160 407 2221 Cardinalis
422 2162 605 2236 Gurcensis)
623 2161 758 2223 Secreta—

136 2257 257 2334 Scripsit
270 2253 436 2334 Epistulam
456 2273 545 2317 unam
562 2254 597 2316 ad
617 2256 757 2317 lleucbli-

149 2350 178 2408 in
199 2365 258 2426 qua
281 2351 379 2426 ipsum
402 2349 479 2409 bono
501 2352 603 2410 animo
623 2366 691 2410 esse
709 2349 759 2427 ju·

136 2446 223 2520 eique
243 2445 273 2501 iu
295 2451 499 2503 controversia
536 2456 592 2504 sua
624 2443 757 2504 savorem

136 2536 208 2596 nolis
226 2538 272 2596 sui
291 2537 447 2613 promittit.
469 2537 562 2597 Extat
580 2539 658 2597 iuter
683 2537 759 2597 44444-

136 2645 207 2690 unas
224 2648 253 2707 p.
269 2630 315 2688 66.
334 2630 362 2689 b.

136 2722 295 2796 EASTUS,
310 2725 356 2782 uir
370 2730 494 2783 sanctus
513 2725 543 2782 in
564 2723 692 2784 dioecesi
714 2725 761 2784 Bi-

137 2815 206 2889 ssi,
241 2832 301 2875 sea.
334 2816 382 2876 444.
415 2816 510 2877 Vitam
541 2817 571 2877 8.
596 2813 760 2895 Genulplri,

136 2911 178 2987 opi
212 2911 410 2977 Biturieensis
445 2911 539 2970 literis
560 2910 758 2987 consignavit.

135 3019 152 3063 a
165 3018 204 3063 an
220 3001 320 3063 adbuc
334 3008 454 3076 exstet,
473 3002 607 3064 nondum
629 2990 759 3063 constat.

135 3096 312 3156 Sanctorum
332 3101 353 3154 t.
371 3097 407 3156 ll.
424 3097 491 3156 lan.
511 3114 538 3174 p.
557 3097 606 3156 84.
620 3097 669 3155 89.
690 3095 738 3155 97.

136 3187 340 3258 nunninus,
351 3189 425 3249 alias
435 3186 611 3250 Seclrnallus
624 3197 654 3249 et
666 3188 759 3251 8444-

136 3297 161 3342 rs
176 3281 275 3354 ,illius
293 3283 432 3342 Restituti
457 3282 640 3362 Langobardi
655 3291 686 3343 et
702 3285 755 3342 lla-

141 3377 253 3434 sororls
271 3376 302 3436 S.
319 3377 446 3450 Patulcii,
467 3377 533 3436 439.
553 3377 638 3436 venit
659 3377 687 3435 in
706 3375 758 3435 lii·

136 3485 177 3528 rm
191 3511 198 3540 ,
211 3475 349 3530 mortuus
364 3486 391 3529 4.
407 3468 476 3530 448.
492 3473 600 3530 aetatis
611 3471 660 3530 75.
672 3471 759 3531 Com-

136 3546 309 3640 thmaum
328 3561 359 3621 in
371 3561 490 3622 laudem
506 3565 537 3624 8.
559 3562 689 3622 44444444
711 3579 758 3622 se·

136 3669 174 3713 rm
199 3652 334 3714 ordinem
362 3655 529 3733 Alpbabeti.
559 3655 705 3716 Waraeus
721 3653 757 3715 de

136 3763 169 3807 or
187 3745 343 3808 Hiberniae
370 3756 446 3827 part.
463 3749 492 3808 2.
510 3766 539 3827 p.
562 3751 629 3810 403.
650 3748 759 3808 Editus

136 3846 155 3900 rt
169 3840 200 3900 ln
213 3839 259 3900 lu.
275 3842 397 3921 Colgani
416 3842 522 3903 Triade
534 3842 758 3919 Thaumaturga

136 3943 220 3994 nrum
244 3934 400 3996 Hiberniae
419 3953 446 4012 p·
462 3937 530 3996 244.
548 3943 579 3994 et
596 3952 612 3995 a
633 3936 759 3996 Wsraeo

136 4041 212 4103 rpera
232 4026 351 4087 Patrioii
368 4045 386 4105 p
402 4030 470 4089 446.
490 4028 563 4089 Vide
578 4045 655 4106 quae
673 4030 759 4088 Eira-

136 4135 144 4177 4
162 4125 246 4179 notat
264 4119 300 4179 444
319 4120 429 4181 Cbrun.
446 4124 565 4183 Maximi
585 4140 610 4199 p.
629 4121 697 4181 700.

136 4211 282 4275 luuntur
311 4214 480 4277 Manichaei
498 4214 634 4297 Epistula
645 4216 681 4278 ad
699 4216 760 4278 Au·

136 4324 218 4382 rum,
245 4315 347 4368 exstat
375 4314 406 4370 in
440 4311 531 4390 huius
562 4312 712 4391 Operibus
736 4318 757 4370 4.

136 4400 180 4461 444.
197 4401 348 4463 Benedici.

136 4511 169 4555 us
185 4495 349 4557 Secundini
367 4498 486 4560 libellus
501 4500 537 4561 cle
551 4501 666 4578 oripine
683 4502 757 4561 Tur-

136 4589 222 4650 ulls.
238 4598 340 4650 exstat
360 4594 390 4651 in
414 4594 486 4653 llibl.
509 4594 626 4672 publica
647 4596 760 4656 Norim-

136 4684 190 4742 nsi.
206 4683 415 4746 llallevordius
431 4686 469 4747 ad
492 4688 640 4748 Vossium.

136 4774 324 4845 nunninus
343 4781 492 4854 Ventura,
507 4779 645 4841 Andreae
660 4780 761 4853 lilius,

141 4877 173 4930 et
186 4873 325 4933 Notarius
343 4875 495 4934 aletensis.
510 4874 635 4954 Scripsit
652 4877 762 4945 ,Mamu-

815 293 909 355 444444
925 294 960 355 444
978 294 1068 357 rebus
1090 296 1258 358 sistentium
1276 297 1312 356 ab
1338 311 1363 355 4.
1390 296 1467 355 4449
1492 293 1529 353 ad

817 390 903 450 4467.
922 391 1000 463 quod
1019 390 1134 453 editum
1152 398 1199 450 est
1215 408 1231 450 a
1258 391 1417 450 bluratoriu
1439 388 1468 447 S.
1496 389 1529 446 ll.

813 484 879 544 ltal.
894 490 968 543 tom.
982 485 1032 544 Xl.
1053 503 1083 562 p.
1098 484 1167 547 269.

856 576 1076 651 SECUNDUS,
1102 575 1250 637 Historiae
1271 571 1534 651 Lonpobardorum

814 673 960 749 scriptor,
995 670 1053 732 sub
1086 669 1228 730 lleraclio.
1262 667 1371 727 Paulus
1405 666 1533 726 44444444-

814 765 879 824 44444
899 765 947 825 444.
962 765 1011 828 20.
1030 767 1164 826 llortuus
1178 769 1226 822 est
1239 810 1246 837 ,
1260 762 1365 821 eodem
1381 766 1470 820 teste.
1487 761 1533 820 lV.

813 856 860 918 44.
883 857 1017 918 Trideuti
1034 856 1188 920 Secundus
1212 870 1321 916 servus
1341 852 1466 914 Christi.
1500 853 1533 913 ln

812 952 889 1011 serie
925 968 997 1011 vero
1038 954 1253 1030 Episcopurum
1291 947 1533 1008 Tridentinorum

812 1045 868 1104 hoc
886 1061 994 1105 nomen
1013 1062 1072 1105 non
1084 1045 1232 1118 occurrit,
1248 1041 1327 1104 unde
1339 1041 1475 1102 Clericus
1490 1040 1534 1098 in·

814 1137 931 1197 ferioris
946 1137 1104 1215 dignitatis
1121 1138 1249 1198 fortasse
1268 1135 1332 1195 luit.

854 1231 1049 1304 SEDATUS,
1069 1232 1238 1310 Episcopus
1264 1229 1465 1300 biterrensis,
1483 1231 1534 1306 qui

812 1338 837 1383 a.
868 1323 937 1383 583.
967 1323 1100 1385 Concilio
1128 1325 1272 1384 Toletano
1302 1329 1333 1381 et
1350 1321 1535 1382 Narbonensi

813 1417 958 1490 interluit,
969 1424 1075 1478 auctor
1086 1424 1135 1478 est
1150 1414 1297 1476 Homiliuc
1312 1413 1348 1474 444
1365 1413 1536 1493 Epiphanio

813 1512 943 1587 primum
961 1510 1099 1590 Lugduni
1118 1527 1188 1570 cum
1210 1508 1374 1586 Opusculis
1402 1524 1536 1586 quorun-

814 1603 882 1664 dam
901 1605 1024 1664 l’atrum
1044 1602 1132 1666 4645.
1155 1601 1306 1663 aTbnma
1335 1601 1452 1661 Gallsto
1474 1600 1537 1663 edi-

813 1708 879 1775 tae,
896 1705 965 1777 post
982 1701 1011 1758 in
1040 1699 1112 1759 8464.
1139 1701 1191 1758 Pl’.
1217 1698 1348 1756 Parisina
1365 1700 1397 1755 44
1418 1695 1536 1754 Coloni·

812 1795 877 1853 ensi
900 1794 981 1853 inter
1000 1794 1108 1853 aetatis
1134 1793 1268 1852 incertas
1298 1789 1461 1868 scriptores
1486 1803 1536 1864 pu
1611 1844 1613 1847 .

813 1887 907 1962 sitae,
924 1887 971 1948 cui
991 1885 1113 1947 tandem
1132 1887 1161 1944 in
1179 1883 1370 1962 lugdunensi
1394 1889 1465 1941 tum.
1480 1878 1533 1939 Xl.

813 2001 841 2061 p.
861 1980 950 2043 4093.
969 1997 1077 2041 nomen
1095 1979 1234 2058 Episcopi
1253 1977 1535 2054 Clterrensisappo·

813 2082 952 2137 suerunt.
978 2075 1061 2135 luter
1084 2075 1180 2153 Opera
1209 2071 1369 2148 Augustini
1398 2075 1468 2128 tom.
1499 2069 1532 2127 V.

813 2167 885 2229 edit.
904 2166 1015 2230 liened.
1031 2164 1167 2246 Append.
1184 2184 1211 2242 p.
1230 2163 1298 2234 935.
1316 2168 1417 2222 exstat
1434 2174 1534 2222 sermo

813 2262 848 2324 du
871 2260 1018 2324 Kalendis
1045 2258 1240 2330 4444444444,
1264 2258 1314 2336 qui
1345 2258 1375 2315 in
1392 2255 1454 2316 MS.
1474 2255 1539 2314 Flo·

815 2358 961 2416 siscensis
978 2354 1121 2414 Abbatiae
1144 2352 1255 2413 Sedato
1278 2353 1424 2430 Episcopo
1446 2349 1539 2409 tribu-

816 2453 875 2511 itur
889 2495 895 2524 ,
907 2446 1031 2508 dubium
1045 2464 1082 2506 an
1096 2445 1165 2506 huic
1177 2452 1289 2504 nostro.
1302 2447 1439 2520 lienique
1455 2459 1538 2501 men-

817 2545 858 2603 tio
875 2539 1011 2602 iacienda
1032 2546 1079 2598 est
1099 2536 1302 2616 Epistularum
1324 2535 1416 2594 trium
1438 2532 1538 2593 sedati

816 2635 858 2697 ad
874 2633 1030 2696 Ruricium
1047 2630 1280 2697 Lemouiccrrsem
1293 2675 1300 2706 ,
1314 2645 1393 2707 quos
1407 2627 1538 2688 Canisus

815 2728 909 2790 edidit
922 2729 1037 2804 antiqu.
1057 2727 1231 2786 Lectionum
1252 2729 1326 2783 tum.
1354 2723 1388 2780 V.
1411 2726 1486 2798 part.
1506 2719 1536 2778 8,

817 2838 882 2902 pag.
902 2822 969 2882 438.
988 2821 1052 2880 edit
1064 2834 1158 2879 novae
1170 2823 1243 2876 tum.
1258 2817 1293 2877 ll.
1310 2823 1384 2894 part.
1400 2811 1537 2891 spano.

817 2913 883 2980 369.
901 2913 969 2975 367.
987 2913 1075 2992 eujus
1101 2928 1222 2991 quoque
1250 2910 1288 2970 ad
1319 2915 1455 2969 nostrum
1484 2908 1538 2968 ali-

815 3017 888 3089 quot
911 3008 1061 3086 Epistulae
1079 3013 1212 3067 erstant.
1235 3005 1389 3064 liabentur
1417 3016 1537 3078 quoque

815 3111 895 3162 tomo
921 3104 956 3163 ll.
981 3102 1183 3162 Consiliorum
1209 3096 1382 3170 llarduini,
1404 3102 1439 3155 ut
1464 3094 1537 3154 alias

813 3193 961 3255 editiones
987 3200 1115 3254 taceam.
1148 3195 1208 3252 llas
1235 3190 1388 3269 Epistulas
1413 3186 1535 3265 quidam

812 3287 924 3351 Sedato
938 3286 1361 3362 Nemausensiom‘Episcopo
1377 3282 1516 3340 tribuant
1530 3323 1537 3352 ,

812 3383 862 3460 qui
881 3379 996 3440 4406.
1017 3377 1150 3439 Concilio
1167 3376 1353 3453 Agatheam,
1368 3381 1399 3433 et
1419 3389 1445 3432 a.
1467 3371 1536 3432 607.

812 3474 959 3534 Tolosanu
976 3471 1121 3532 interfuit.
1138 3467 1224 3530 Addo
1246 3466 1321 3528 llist.
1343 3465 1475 3526 literalre.
1496 3461 1534 3522 de

813 3569 840 3628 la
861 3567 975 3626 France
990 3570 1064 3624 torn.
1082 3564 1131 3624 lll.
1151 3576 1170 3641 p
1195 3561 1265 3622 364.

854 3654 974 3720 Coelius
996 3654 1185 3719 SEDULlUS
1201 3655 1310 3715 Scotus
1328 3652 1419 3731 vulgo
1441 3650 1535 3710 luisse

812 3753 939 3825 dicitur,
955 3753 1045 3828 quia,
1070 3749 1234 3810 Tritbemio
1263 3753 1365 3822 teste,
1386 3761 1421 3806 ss
1440 3745 1470 3804 in
1490 3746 1534 3803 iu·

812 3850 976 3927 scriptione
1005 3846 1207 3924 Epistularum
1237 3840 1426 3920 Scotipsrmm
1450 3837 1538 3898 dixit.

814 3941 872 4003 Sed
891 3941 992 4002 Sootla
1008 3948 1080 3999 tunc
1098 3938 1243 4015 temporis
1259 3934 1416 3995 dicebatur
1432 3976 1438 4004 ,
1457 3944 1535 4009 quae

814 4048 895 4096 nunc
912 4040 960 4093 est
978 4029 1142 4106 lliboroia,
1163 4035 1253 4109 prout
1277 4026 1366 4089 docet
1387 4030 1450 4089 lac.
1484 4027 1539 4088 Us-

813 4129 911 4189 serius
927 4125 965 4185 de
988 4127 1228 4185 Britannicarum
1246 4122 1455 4183 Ecclesiarum
1478 4123 1538 4200 pri·

812 4219 946 4280 mordirs.
976 4215 1193 4298 Presbyterum
1217 4216 1309 4295 vulgo
1334 4224 1444 4277 vocant
1466 4231 1535 4276 cum

814 4313 926 4375 isidoro
945 4312 1112 4391 llispalensi
1130 4328 1197 4389 cap.
1213 4313 1243 4370 7.
1261 4306 1440 4391 Episcopum
1456 4310 1538 4384 Sige-

814 4408 919 4468 bertus
935 4407 1163 4467 Gemblacensis
1181 4422 1207 4465 c.
1224 4407 1251 4464 6.
1268 4404 1437 4464 Antirtitcm
1456 4401 1539 4460 Libe-

816 4504 880 4564 rius
911 4510 942 4562 et
977 4501 1139 4562 Belisarius
1169 4502 1197 4559 in
1225 4494 1450 4563 Acroslicbide,
1484 4510 1539 4553 nec

816 4613 874 4656 non
893 4595 991 4656 Annn.
1009 4595 1188 4655 lllellicensis
1203 4608 1230 4651 c.
1244 4591 1291 4648 35.
1312 4587 1392 4648 unde
1411 4586 1539 4646 Pseudo·

816 4690 931 4748 Dexter
948 4689 976 4745 in
995 4687 1144 4746 Chronico
1159 4684 1194 4745 ad
1213 4700 1239 4743 a.
1259 4681 1327 4740 448.
1343 4683 1440 4756 ipsum
1454 4677 1539 4757 Epis·

816 4796 938 4860 scopum
957 4780 1120 4838 0444444444
1138 4779 1166 4834 44
1189 4777 1327 4852 llispania
1346 4774 1426 4834 iecit.
1443 4772 1540 4833 llilde-

817 4875 954 4953 phonsus
980 4873 1010 4929 in
1035 4869 1135 4930 homil.
1164 4868 1202 4927 de
1230 4868 1409 4945 virginitate
1432 4867 1539 4929 blaciae
