3368 5362
155 180 214 244 oto

153 286 421 368 stigationibusque
442 285 660 346 constituendis
677 285 866 365 sequendum

156 399 215 443 non
246 387 294 441 est
319 379 371 458 jus
401 385 583 454 extremum,
615 387 648 441 ut
685 382 867 458 quicumque

155 483 259 538 contra
279 475 361 555 leges
383 473 492 552 aliquid
515 473 678 551 admiserit,
699 493 716 534 e
743 476 867 553 vestigio

157 572 309 652 puniatur.
330 567 363 628 lu
386 567 441 628 hoc
461 570 541 629 enim
570 567 664 646 lieges
695 571 824 630 maxime
851 584 867 629 a

158 665 272 744 legibus
293 661 411 724 dillerre
432 671 565 740 oportet3
596 661 673 742 quod
708 663 773 723 illas
804 680 867 722 rem

158 759 291 832 surdam,
318 776 353 819 ac
384 758 594 819 inexorabilem
626 775 703 834 esse,
736 758 868 835 nihilque

157 854 327 929 laraitienli,
350 871 405 916 nec
430 854 537 914 veniae
574 851 683 913 habers
717 854 868 913 convenit.

156 950 263 1027 Regiae
278 966 349 1009 vero
365 948 559 1009 humanitatis
573 947 702 1008 officium
721 953 776 1023 est,
794 951 869 1005 lem-

156 1061 272 1123 porum,
294 1043 439 1117 malelicii,
460 1043 567 1103 aetatis
587 1040 747 1102 discrimen
780 1039 871 1100 habe-

157 1155 189 1198 re
210 1137 470 1216 periculosumque
491 1137 673 1210 existimare,
696 1135 725 1194 in
747 1142 791 1195 tot
811 1132 870 1195 hu-

157 1232 254 1292 manis
273 1229 423 1293 erroribus
460 1230 522 1291 sola
557 1229 724 1290 innocentia
758 1230 869 1287 vivere.

156 1326 230 1388 Nem
251 1340 320 1386 cum
335 1325 542 1403 Omnipotens,
557 1330 588 1383 et
606 1323 772 1384 llisericors
789 1323 870 1383 Deus

156 1419 240 1481 nobis
262 1419 405 1497 ignoscat,
428 1434 482 1479 nec
504 1419 604 1477 statim
627 1416 774 1496 supplicia
803 1432 870 1493 pec-

156 1512 294 1574 cantibus
316 1514 443 1592 irroget3
464 1528 519 1573 nos
539 1529 659 1591 quoque
681 1513 812 1572 vicissim
830 1511 871 1570 la-

159 1623 281 1686 psorum
304 1608 436 1667 misereri
459 1615 583 1685 oportet,
615 1623 777 1685 eorumque
811 1622 871 1664 ma-

158 1701 253 1775 xime,
275 1700 326 1778 qui
347 1708 420 1761 tunc
441 1703 570 1780 primum
592 1702 619 1759 in
642 1716 743 1760 erores
763 1697 872 1758 incide·

158 1795 226 1868 rint,
237 1796 302 1854 sive
314 1796 472 1866 aeris,sive
485 1795 589 1873 capitis
606 1811 697 1873 paena
707 1791 870 1854 mulctandi

158 1887 328 1948 videantur.
350 1886 393 1948 Ad
416 1887 608 1948 clementiam
629 1889 738 1966 quippe
757 1888 872 1965 pronio-

158 1996 217 2050 res,
239 1998 329 2058 quam
351 1979 387 2041 ed
409 1981 615 2042 crudelitatem
634 1997 701 2040 esse
716 1981 870 2042 debemus.

157 2072 259 2149 Neque
280 2072 308 2132 id
330 2071 489 2133 dicendum
511 2080 568 2145 est,
590 2089 647 2132 non
673 2089 740 2132 esse
768 2072 871 2133 crude-

160 2166 252 2226 litatis
274 2168 393 2226 nomine
415 2166 634 2245 appellandum.
658 2167 736 2245 quod
762 2184 778 2228 a
802 2167 870 2245 legi-

160 2258 216 2319 bus
236 2259 426 2322 concedatur.
448 2261 521 2321 Nam
553 2277 706 2321 summum
735 2259 806 2337 jus,
838 2266 871 2321 ut

159 2352 276 2425 dicitnr,
298 2370 416 2415 summa
440 2352 568 2432 injurie3
590 2363 619 2414 et
632 2355 766 2432 iustitiae
784 2356 870 2432 rigor,

160 2449 215 2508 nisi
254 2449 435 2527 benignitate
471 2449 648 2509 clementiae
687 2456 871 2527 temperatus

161 2543 258 2616 inurit,
278 2542 315 2604 ad
338 2545 554 2604 immanitatem
584 2543 744 2622 quamdam
768 2546 872 2621 vergit,

160 2636 240 2698 unde
262 2655 319 2697 tion
342 2637 439 2697 solum
462 2639 572 2698 Demea
595 2638 643 2697 ille
674 2639 871 2698 Terentianus

159 2732 209 2804 ait,
241 2733 336 2809 reipsa
369 2734 515 2809 reperisse
548 2749 590 2805 se,
624 2733 763 2792 facilitate
800 2731 870 2792 nihil

70 2844 72 2848 ·
158 2841 226 2884 esse
244 2823 353 2884 homini
373 2825 489 2899 melius,
509 2844 605 2904 neque
623 2827 802 2887 clementia:
818 2826 870 2886 sed

159 2920 248 2979 etiarn
268 2919 439 2997 scripturae
456 2920 599 2995 doctrina,
616 2920 703 3000 cujus
725 2921 869 2980 vetillum

158 3014 320 3090 sequimur.
335 3011 411 3088 Noli,
430 3015 535 3093 inquit,
549 3031 613 3076 csse
623 3013 749 3076 mullum
757 3015 872 3094 justus.

158 3107 222 3180 Qua
234 3107 355 3185 quidem
373 3110 401 3167 in
419 3127 450 3168 re
463 3110 674 3188 benignissimo
689 3111 806 3189 coniugi
821 3117 872 3170 tuo

158 3202 299 3281 gratulor,
317 3203 367 3279 qui
387 3203 415 3261 in
431 3219 498 3262 reos
513 3204 742 3281 perhumanum,
760 3220 794 3264 ac
812 3204 872 3264 cle·

161 3304 292 3356 mentem
309 3297 405 3375 ipsum
423 3314 491 3357 csse
516 3302 665 3359 constanti
694 3300 771 3360 lema
796 3298 872 3360 cele·

161 3389 278 3450 braium
297 3400 352 3451 est.
376 3392 434 3452 Nec
453 3391 534 3453 hisce
552 3393 588 3454 de
607 3394 697 3455 rebus
724 3392 788 3453 ideo
815 3393 874 3454 dis·

161 3486 251 3560 serui,
269 3484 345 3564 quod
362 3492 413 3546 aut
432 3486 525 3561 illum,
543 3495 595 3549 aut
613 3496 642 3548 te
655 3491 749 3566 ipsam
766 3489 874 3549 talibus

161 3580 327 3657 praeceptis
346 3577 475 3658 indigere
494 3588 651 3657 putarem,
670 3582 721 3642 sed
740 3583 818 3661 quod
836 3581 873 3642 ad

161 3680 335 3751 susceptum
347 3690 431 3751 opus,
446 3675 525 3752 quod
538 3676 593 3736 sub
608 3684 659 3736 tuo
676 3680 794 3736 nomine
809 3693 875 3736 cee-

161 3768 233 3827 teris
250 3768 342 3829 etiam
359 3769 484 3829 fortasse
503 3770 643 3849 proderit,
671 3769 726 3831 hoc
756 3787 874 3849 quoque

164 3863 312 3939 pertinere
334 3861 501 3924 videbatur.

203 3955 234 4016 ld
249 3964 360 4029 aulem,
377 3956 590 4018 humanissima
617 3958 764 4031 Elieuora,
785 3959 876 4019 mari-

165 4067 213 4112 me
228 4050 476 4114 considerandum
498 4056 563 4126 erit,
583 4059 616 4112 ut
633 4061 793 4132 antequam
816 4052 875 4112 edi-

165 4153 247 4207 ctum
267 4164 283 4206 a
302 4148 433 4226 principe
452 4147 665 4226 promulgetur,
684 4150 772 4208 etiam
786 4155 876 4226 alque

164 4248 254 4302 etiam
272 4240 404 4321 diligenti
424 4242 624 4314 meditatione,
641 4243 822 4320 consilioque
834 4241 876 4302 di·

165 4337 322 4397 scutiatur.
341 4336 397 4397 Sed
416 4354 484 4397 cum
505 4353 556 4413 per
573 4353 746 4413 praeconem
773 4336 876 4397 recita·

170 4436 233 4491 turn
251 4431 348 4507 luerit,
366 4429 529 4491 videndum
545 4433 610 4503 urit,
627 4438 658 4491 ut
676 4432 702 4489 ei
727 4431 877 4508 obtempe-

164 4533 256 4586 retur.
273 4526 344 4586 lh'am
360 4527 409 4603 qui
427 4526 519 4602 legem
539 4542 555 4584 a
573 4541 605 4582 se
619 4524 768 4584 conditam
785 4526 876 4603 negli-

164 4621 192 4699 gi
208 4621 327 4697 palitur,
346 4619 414 4681 nihil
432 4619 510 4682 aliud
531 4619 625 4679 lacere
645 4618 874 4698 videtur,quam

165 4715 280 4793 publice
297 4717 342 4775 sui
356 4723 561 4794 contemptum
579 4713 703 4774 edicere.

205 4811 363 4870 Maximam
385 4827 457 4871 vero
474 4811 604 4879 laudem,
621 4817 651 4871 et
666 4811 794 4870 nominis
821 4809 875 4868 im-

165 4906 374 4966 mortalitatem
386 4923 419 4966 ea
431 4923 479 4966 res
490 4906 612 4984 principi
627 4905 722 4979 allert,
734 4906 758 4965 si
769 4919 871 4966 curam

595 175 871 240 diotrepis
906 177 1200 243 ChlldlleE

923 286 1099 358 adbibuerit,
1117 296 1150 348 ut
1165 304 1218 366 per
1235 302 1346 346 opines
1371 286 1488 363 imperii
1505 287 1545 347 sui
1559 286 1612 348 hers

922 379 1082 453 latrocinia,
1096 381 1235 458 furtaque
1254 380 1416 450 tollantur,
1429 386 1460 439 et
1472 385 1528 441 mm
1538 391 1612 453 noctu

922 473 1163 552 quaminterdiu
1182 482 1285 534 tutum
1304 473 1454 534 omnibus
1473 475 1525 534 iter
1535 484 1616 553 pateat,

923 570 1076 646 possitque
1092 570 1304 646 unusquisque
1319 569 1445 626 onustis
1461 585 1529 630 auro
1551 573 1619 628 mani-

922 661 989 735 bus,
1009 669 1040 723 ιιι
1050 663 1144 741 ajunt,
1159 662 1255 741 palam
1272 680 1329 739 per
1345 662 1471 722 deserta
1483 665 1565 723 etiam
1578 664 1623 723 lora

924 754 1125 818 deambulare.
1143 757 1182 816 Et
1196 762 1291 828 certe,
1310 758 1363 834 qui
1386 755 1445 816 boc
1462 773 1516 817 nou
1535 757 1624 820 lecerit

924 850 1153 927 reprehensione
1173 849 1283 928 dignus
1309 850 1549 924 existimabitur3
1575 852 1626 927 quie

926 944 1005 1005 nulla
1020 952 1066 1005 est
1081 953 1141 1005 tam
1156 946 1288 1022 spetiosa
1305 946 1456 1023 regionis,
1470 947 1625 1023 provinciae-

926 1055 960 1099 re
978 1037 1112 1113 latitudo,
1133 1040 1214 1100 nulla
1236 1046 1323 1099 tauta
1341 1041 1488 1113 vastitas,
1504 1045 1542 1109 ut,
1563 1038 1628 1099 eidi·

924 1131 1044 1212 ligentia
1061 1133 1246 1208 adhibeatur,
1264 1136 1371 1195 caveri
1394 1151 1458 1193 non
1481 1135 1576 1213 possit.
1588 1135 1629 1193 lc·

925 1229 1063 1288 stimonio
1079 1227 1128 1288 tibi
1142 1231 1251 1290 iterum
1270 1244 1343 1288 esse
1355 1227 1456 1288 velim
1470 1228 1630 1290 excellentie

925 1323 991 1382 situi
1005 1325 1135 1401 parentis
1150 1324 1193 1384 tui
1212 1321 1528 1400 providentiamque
1544 1323 1626 1383 hcturu

924 1420 980 1489 est,
999 1424 1032 1476 ut
1050 1432 1100 1494 per
1121 1419 1300 1478 universum
1317 1417 1393 1498 ejus
1410 1435 1556 1497 regnum,
1574 1434 1625 1477 cum

924 1511 1036 1587 apertis
1050 1512 1241 1587 pecuniarum
1261 1512 1399 1571 sarcinis
1415 1513 1446 1571 in
1463 1514 1520 1570 viis
1533 1511 1631 1590 publicis

924 1602 1033 1664 cubare
1055 1620 1112 1663 non
1133 1604 1351 1665 reformident:
1379 1623 1440 1668 nec
1467 1615 1521 1668 aut
1547 1606 1633 1678 sorbo,

925 1705 978 1757 aut
992 1697 1068 1757 lecto
1084 1700 1212 1776 cuipiam
1235 1700 1386 1761 afferatur
1406 1701 1528 1780 injuria.
1543 1699 1633 1762 domei

925 1790 1045 1870 quando
1059 1792 1219 1868 accidebat,
1237 1801 1270 1854 ut
1290 1795 1463 1872 spoliatum
1483 1813 1516 1856 se
1530 1798 1634 1875 quisque

925 1894 1111 1963 quereretur,
1130 1890 1458 1968 masimissuppliciis
1470 1899 1633 1951 caeterorum

926 1982 1099 2057 securitati,
1134 1981 1393 2062 indemnitethue
1421 1975 1633 2054 consulebatur3

926 2089 1023 2152 neque
1044 2075 1222 2152 sumptibus,
1249 2084 1305 2137 ant
1333 2077 1433 2138 labori
1464 2079 1634 2155 parcebatur,

923 2169 1084 2244 quominus
1099 2170 1220 2229 sceleris
1238 2176 1385 2231 auctores
1404 2172 1444 2232 ad
1469 2189 1593 2251 paenam
1606 2173 1633 2230 ie

927 2263 1147 2339 tistigarentur.
1168 2263 1360 2334 Quinetiam
1384 2283 1446 2324 non
1483 2267 1571 2326 multi
1590 2265 1629 2325 dis

925 2360 1150 2434 praeterierunt,
1165 2375 1201 2418 er
1220 2375 1279 2435 quo
1312 2359 1443 2436 quidam
1468 2368 1626 2439 propterp

926 2452 1047 2510 storiam
1063 2459 1175 2511 vestem
1185 2454 1287 2511 comiti
1299 2461 1481 2533 surreptam
1496 2459 1526 2514 in
1539 2469 1627 2516 cruor

926 2544 1063 2606 sublatus
1082 2546 1146 2607 luit.
1164 2548 1226 2608 llon
1245 2549 1327 2607 enim
1355 2551 1401 2608 rei
1429 2551 1536 2610 vilitas
1561 2558 1633 2610 attei-

927 2637 1022 2700 denda
1034 2647 1118 2715 eret,
1136 2641 1187 2700 sed
1202 2643 1343 2702 itinerum
1366 2643 1546 2722 benignitas
1556 2658 1634 2703 erent·

926 2732 974 2812 plo
990 2733 1192 2810 procuranda3
1212 2752 1266 2795 nec
1295 2742 1382 2795 certe
1417 2740 1447 2796 in
1483 2733 1630 2814 hujusmodi

926 2826 1045 2887 casibus
1060 2827 1266 2888 ultramodum
1278 2830 1423 2907 progredi
1437 2834 1631 2893 severitasest

927 2920 999 2981 Nam
1016 2920 1087 2998 quid
1103 2923 1180 2982 inter
1192 2922 1317 2996 bellum,
1332 2931 1365 2983 et
1382 2942 1493 3001 pacem
1509 2924 1635 2991 interdic

927 3014 951 3074 si
967 3032 1020 3092 per
1034 3016 1236 3094 tranquillum,
1250 3025 1279 3076 et
1297 3028 1444 3095 pecatum
1464 3039 1569 3098 agrum
1581 3033 1635 3097 quo·

928 3109 971 3168 tis
993 3117 1135 3187 tempore,
1154 3127 1208 3170 nec
1226 3113 1283 3170 iter
1308 3129 1406 3189 quatu
1437 3122 1542 3176 tutum
1567 3128 1634 3192 proc·

927 3200 1058 3264 beatur?
1076 3205 1112 3264 Ut
1130 3211 1253 3274 taceam,
1268 3206 1350 3284 quod
1369 3216 1495 3284 praeter
1525 3208 1637 3269 subdito

928 3314 996 3358 rum
1019 3299 1188 3372 utilitatem,
1204 3301 1251 3360 cui
1270 3299 1327 3361 hac
1353 3304 1477 3362 ratione
1499 3301 1638 3362 consolue

928 3393 978 3467 ris,
992 3409 1128 3470 magnam
1142 3393 1210 3454 hinc
1225 3393 1276 3452 tibi
1289 3393 1539 3456 benevolentiam
1551 3395 1638 3472 adjun-

928 3501 991 3564 ges,
1011 3493 1041 3545 et
1058 3503 1074 3547 a
1091 3489 1264 3564 peregrinis,
1282 3489 1400 3565 quibus
1418 3508 1475 3568 per
1493 3493 1553 3552 loca
1570 3490 1638 3551 ditio

929 3581 976 3639 nis
997 3588 1066 3640 tuae
1081 3583 1207 3641 transire
1221 3584 1399 3660 contigerit,
1429 3602 1539 3646 rtomen
1567 3591 1636 3645 luunt

930 3674 1038 3751 ubique
1071 3676 1203 3754 gentium
1232 3676 1402 3738 extolletur
1425 3679 1455 3739 in
1479 3687 1559 3741 astra
1590 3679 1635 3738 lau·

929 3767 1030 3830 dibus

969 3863 1014 3924 Ad
1040 3862 1280 3943 jurisdictionem
1316 3864 1418 3943 ipsam
1452 3867 1508 3930 hoc
1539 3878 1633 3946 quoquc

930 3958 1078 4035 pertinere
1096 3957 1293 4033 judicandum
1316 3967 1378 4033 est,
1410 3969 1445 4023 ut
1477 3981 1496 4023 a
1528 3962 1631 4041 principe

930 4067 994 4129 ipso
1015 4050 1126 4112 subditi
1146 4051 1307 4130 aliquando
1328 4055 1455 4131 publice
1476 4058 1631 4119 audiantur:

930 4145 1009 4223 qnod
1032 4151 1063 4205 et
1084 4146 1121 4206 ab
1141 4164 1195 4207 avo
1218 4153 1269 4207 tuo
1291 4146 1454 4227 Alphonso
1491 4152 1631 4230 Regino

932 4242 1045 4301 muium
1068 4242 1174 4302 aetatis
1197 4249 1318 4303 nostrae
1336 4252 1402 4305 tam
1422 4245 1628 4325 justitiaque

930 4337 1056 4396 caeteris
1078 4336 1167 4396 rebus
1188 4338 1281 4413 gestis
1304 4338 1490 4413 clarissimo,
1515 4349 1545 4402 et
1572 4338 1629 4398 dein

930 4446 1001 4508 ceps
1023 4430 1059 4490 ab
1081 4431 1192 4508 inclyto
1214 4440 1340 4507 parente
1363 4441 1430 4507 tuo,
1452 4434 1541 4513 cujus
1555 4436 1628 4509 singu

931 4525 974 4586 las
995 4527 1136 4600 actiones,
1155 4527 1239 4604 quasi
1257 4527 1385 4604 regendi
1408 4530 1551 4592 formulas
1579 4540 1624 4605 qtt

930 4618 1015 4681 edam
1037 4619 1171 4680 arbitrari
1192 4619 1352 4694 debemus,
1370 4629 1474 4700 enixe,
1492 4631 1577 4701 atque
1590 4616 1621 4680 soL

929 4713 1008 4775 licite
1030 4721 1181 4776 servatum
1203 4730 1271 4775 esse
1295 4715 1397 4778 video.
1414 4719 1463 4780 Sic
1481 4720 1557 4778 enim
1574 4707 1624 4774 nul

929 4810 968 4869 tis
987 4809 1175 4871 contumeliis
1196 4810 1343 4872 nobilium
1376 4812 1528 4874 adversus
1555 4801 1623 4869 hurt'l

927 4901 991 4978 les,
1013 4905 1213 4982 potentiorum
1236 4905 1265 4964 in
1288 4906 1469 4984 tenuiores3
1490 4906 1620 4970 adiurit
