3654 5408
662 238 1006 306 simultatus
1520 251 1575 313 att

133 358 200 420 Vide
218 357 280 416 lac.
300 351 403 425 Quatil
432 349 470 410 de
503 349 705 429 Scriptoribus
727 349 797 412 Ord.
856 349 949 428 dum,
977 365 1075 412 annon
1105 351 1146 408 sit
1173 349 1324 412 arnoldus
1353 351 1576 415 villanovanus.

99 449 325 514 Pra'odicatorum
349 451 420 504 tom.
436 445 448 504 4
467 459 497 521 p.
518 443 584 504 444.
608 445 661 520 qui
681 444 819 503 Germa-f
898 444 1022 522 *Omne
1040 442 1251 520 deponendum
1264 450 1312 503 ost
1332 445 1455 507 dubium
1468 447 1505 507 de
1523 448 1578 509 hoc

99 548 175 618 nica,
195 557 271 620 quae
294 539 333 598 ibi
355 536 524 609 habentur,
545 553 562 596 a
582 536 712 614 quodam
731 535 805 596 Gar-
859 529 1148 609 llainoldo,'utrum
1180 536 1259 596 idem
1290 539 1330 597 sit
1356 555 1426 600 curn
1450 539 1581 601 arnoldo

100 639 223 698 manain
242 647 316 704 usus
338 629 525 709 popularium
548 644 672 689 suorum
693 630 805 688 inserta
861 629 1066 689 Villanovano.
1100 629 1227 690 Constat
1258 633 1338 691 onina
1376 632 1509 693 libellum
1543 634 1580 693 de

99 713 356 804 esso'suspicatur.
378 720 710 784 ambachmianon
735 721 808 782 Bibl.
863 722 951 782 modo
972 721 1138 782 conficandi
1174 725 1242 782 vina
1265 723 1386 784 arnoldi
1413 743 1488 804 opus
1512 737 1598 788 esse*

99 825 205 884 bomin.
228 837 257 897 p.
279 820 327 879 lli.
862 831 931 877 curn
951 815 1105 874 intereius
1120 831 1207 892 npsra
1223 819 1343 894 saepius
1358 835 1491 880 excusos
1506 821 1581 881 sit*

133 914 318 978 lllllNEliUS
352 908 476 984 Vibius,
512 911 607 970 lCtus
643 912 809 971 Perusinus
903 907 1583 988 RAMANTlNUSdeFlarcntia,0rd.Fr.Prae-

99 1015 169 1072 circa
189 1027 216 1071 a.
237 1009 326 1070 4350.
349 1006 470 1084 scripsit
491 1002 527 1064 dc
549 1004 639 1077 unu,
667 1005 705 1062 in·
726 1002 759 1080 ff.
782 1008 811 1063 ct
854 1001 1049 1080 dicatorum,
1066 1003 1145 1062 circa
1167 1018 1214 1062 an.
1234 1003 1320 1063 4363.
1343 1020 1443 1065 rorum
1468 1006 1584 1066 4444444-

102 1102 238 1166 dodanam.
259 1099 405 1162 Oldoious
428 1099 449 1158 l.
471 1111 497 1157 c.
520 1114 548 1175 p.
570 1097 637 1156 893.
699 1094 703 1100 ’
863 1096 1039 1156 44444444444
1053 1097 1167 1173 peritus
1180 1142 1186 1170 ‚
1201 1097 1321 1174 scripsit
1337 1097 1481 1170 Parabolc
1497 1115 1581 1180 opus,

133 1194 372 1264 llAlNlllllUS,
405 1190 524 1269 Anglus
555 1188 809 1268 Philosophusffa
865 1189 893 1248 in
916 1204 975 1265 quo
995 1185 1205 1249 calendarium
1228 1188 1410 1253 emandavit
1432 1193 1580 1253 Tribuunt

101 1291 245 1368 ducangio
268 1289 296 1346 in
319 1283 439 1358 ludica,
462 1284 513 1361 qui
534 1280 685 1344 Glossario
707 1280 812 1359 praell-
864 1281 920 1360 ipsi
941 1297 1061 1358 quoque
1076 1280 1298 1343 Commentario
1311 1284 1343 1344 in
1356 1283 1508 1360 Senecam,
1526 1287 1592 1376 sod⁸

105 1399 157 1443 rus
176 1389 246 1456 est,
270 1383 472 1451 memoratur,
495 1375 565 1436 mibi
592 1391 664 1435 voro
696 1381 812 1453 practer
865 1391 1033 1454 perperam.
1046 1377 1106 1435 lac.
1122 1376 1225 1447 Quotil
1243 1377 1280 1436 de
1296 1379 1495 1458 scriptoribus
1508 1379 1579 1441 Ord.

102 1476 174 1537 hunc
195 1472 329 1535 nondum
354 1472 493 1532 occurrit.
866 1467 1105 1528 Praedicatorum
1126 1475 1195 1528 torn.
1214 1469 1232 1529 Ι.
1249 1487 1316 1549 pag.
1331 1471 1399 1533 638.
1418 1473 1517 1534 Julius
1535 1475 1583 1534 Ni-

136 1569 271 1640 lllllb‘O,
292 1565 460 1644 Episcopus
481 1561 730 1640 andegavensis,
751 1575 811 1619 sac.
866 1578 918 1640 gar
938 1561 975 1620 de
997 1562 1198 1638 scriptoribus
1219 1563 1398 1625 Florentinis
1419 1583 1485 1646 pag.
1508 1567 1577 1627 480.

103 1665 136 1723 X:
155 1665 297 1732 incunte,
323 1658 418 1719 Vitam
438 1657 468 1718 8.
490 1653 647 1726 Mauritir,
675 1655 811 1732 Episcopi
905 1653 1133 1715 lldllliEllTUS
1154 1653 1190 1714 da
1205 1657 1354 1733 Bononia,
1372 1675 1389 1718 a
1407 1659 1495 1720 nobili
1515 1660 1583 1720 Pri·

105 1755 346 1834 lndegavonsis,
367 1750 493 1812 describi
514 1747 624 1828 iussit,
641 1749 692 1825 qui
710 1745 812 1808 Codes
867 1746 1061 1808 moditiarum
1093 1755 1202 1825 ganto,
1223 1752 1363 1829 Magister
1389 1755 1583 1828 Parisiansis,

105 1850 321 1926 manuscriptus
341 1846 459 1906 exstitit
479 1842 558 1921 apud
580 1842 731 1921 AEgidium
754 1843 813 1902 lde-
866 1839 937 1901 0rd.
959 1840 1323 1922 taedimur-ammones
1337 1837 1504 1926 Episcopus
1526 1847 1582 1908 Ve-

107 1943 221 2020 nagium
240 1985 247 2014 ‚
265 1946 296 2000 ct
319 1938 391 1999 baec
408 1935 558 2013 adscripta
576 1933 722 1995 habebat:
744 1932 812 1996 itai·
867 1935 1025 1995 4444444444
1038 1935 1229 1997 castellanus
1246 1934 1272 2014 a]
1291 1955 1339 1998 an.
1351 1939 1438 2001 4802.
1451 1939 1523 2000 obiit
1534 1957 1584 2000 an.

103 2051 153 2109 no,
172 2030 324 2113 quondam
344 2029 450 2091 844444
468 2025 594 2088 Martini
618 2025 810 2107 quotidianus
868 2017 954 2088 4308.
973 2029 1100 2107 Scripsit
1116 2026 1333 2108 spoupeta'cam
1349 2036 1454 2091 contra
1467 2031 1583 2108 Corru-

107 2115 267 2206 ‹liscipulu's
287 2129 317 2184 at
333 2139 450 2203 semper
474 2119 662 2194 0444444444,
694 2135 731 2179 44
762 2136 800 2198 po
863 2120 998 2202 ptarium
1019 2123 1050 2182 8.
1075 2119 1218 2192 Tbomac,
1234 2139 1293 2201 pra
1326 2122 1407 2185 illius
1427 2123 1581 2185 doctrinae

89 2218 247 2278 strandum
265 2221 395 2279 Saucius
411 2212 635 2292 Andepousnsis
662 2211 813 2274 Ecclesiae
867 2213 1056 2295 desmsiouc,
1076 2231 1130 2275 nac
1150 2232 1207 2275 non
1230 2216 1387 2296 Speculum
1403 2215 1584 2298 exemplare.

107 2329 143 2374 eac
162 2312 246 2372 initia
265 2307 502 2374 Christianitatis
519 2306 691 2386 tripesimus
707 2304 814 2366 tertius
868 2310 972 2382 Qurtil
983 2310 1001 2369 l.
1016 2325 1042 2369 c.
1057 2326 1122 2388 pag.
1138 2307 1206 2369 aot.
1222 2309 1297 2370 lllud
1310 2303 1467 2392 Speculum
1485 2327 1588 2388 earam-

106 2403 215 2466 lumilis
241 2403 413 2485 Episcopus,
424 2418 502 2461 anuo
523 2399 742 2460 lacaruatioait
760 2399 814 2456 Do·
866 2401 954 2482 plare
970 2401 1178 2462 habeturlls.
1192 2403 1221 2461 in
1241 2405 1312 2463 Bibl.
1333 2407 1513 2466 Laurentina
1531 2407 1589 2467 lla-

107 2497 222 2559 miuicae
246 2496 345 2558 adbuc
367 2496 397 2555 in
419 2495 584 2557 ucccct'.
604 2479 635 2552 'et
655 2491 816 2552 ordinaria
870 2495 963 2556 dicea.
976 2497 1065 2555 Bora.
1081 2492 1118 2554 dc
1132 2495 1319 2557 llontlaucon
1337 2497 1409 2556 Bibl.
1428 2497 1589 2557 Bibliothe-

106 2591 145 2650 nis
164 2591 366 2671 Episcopatus
384 2591 435 2650 sui
453 2588 485 2647 in
505 2585 688 2648 XXV-lanc
722 2586 816 2645 Vitam
870 2605 973 2650 carum
996 2589 1078 2649 llSS.
1100 2605 1128 2667 p.
1150 2589 1219 2650 898,

105 2681 228 2745 scribare
248 2687 277 2744 et
298 2682 455 2762 requirere
469 2681 573 2761 jussit
595 2676 815 2752 Aralanaldus,
911 2681 928 2719 *
949 2683 1156 2742 denunciatus
1179 2681 1235 2743 luit
1255 2683 1447 2744 castellanus
1466 2684 1592 2762 Episco

107 2777 201 2840 Sancti
230 2775 367 2839 Martini
383 2771 551 2853 discipata
580 2777 610 2832 at
643 2771 813 2844 Diaconus,
869 2791 928 2860 pus
956 2773 1013 2836 Aa.
1033 2775 1111 2835 43443
1143 2776 1191 2836 dis
1215 2777 1263 2837 40.
1285 2778 1391 2837 llartii.
1412 2779 1492 2840 Obiit
1513 2779 1591 2838 circa

101 2870 183 2948 jussu
198 2868 342 2951 praefati
361 2868 473 2928 domini
491 2866 633 2929 llainom's
649 2863 773 2943 scripsit
788 2869 818 2923 ot
871 2884 920 2928 an.
932 2869 1021 2929 43448.
1032 2871 1120 2930 Porro
1142 2870 1255 2932 fallitur
1269 2870 1521 2932 bibliothecarius
1539 2885 1592 2928 no-

41 3009 42 3012 .
106 2965 263 3044 requisivit.
296 2965 395 3036 Quum
428 2964 517 3041 igitur
538 2961 612 3021 baec
633 2960 698 3019 Vita
728 2956 817 3036 vulgo
871 2969 936 3022 star
957 2963 985 3020 in
1009 2965 1142 3023 annotat.
1165 2963 1213 3023 bic
1235 2963 1369 3025 subiecta
1386 2963 1594 3026 scribens'Ca-

106 3056 236 3135 Gregorio
258 3057 426 3117 turonensi
440 3054 591 3131 adscripta
610 3051 727 3126 sit,lo.
744 3053 818 3111 Lau·
872 3055 1086 3115 stellanonsam
1121 3056 1335 3135 Episcopatum
1365 3059 1475 3119 frustra
1511 3055 1590 3135 apud

43 3153 45 3170 '
107 3150 183 3227 nujus
205 3154 233 3212 in
261 3148 390 3210 iudicio,
409 3148 448 3208 ds
477 3153 599 3210 auctore
620 3128 712 3223 liujus
735 3145 817 3205 Vitae
874 3147 1041 3224 Ugbellium
1056 3150 1595 3230 444444844444444444444444444ρί·

108 3251 170 3304 torn.
190 3247 215 3305 44
238 3244 375 3322 Operum
402 3248 485 3318 parto
518 3242 540 3300 4.
571 3256 600 3316 p.
624 3239 691 3301 638.
713 3240 818 3297 444444-
872 3243 953 3320 scopi
975 3242 1064 3302 iidem
1087 3245 1593 3317 44444,444444444,4444444444

110 3353 167 3397 nam
189 3338 307 3416 ubique
328 3340 481 3396 auctorom
505 3334 585 3393 illius
606 3333 694 3406 tacit,
721 3346 819 3406 44444
874 3333 952 3394 idcnr
969 3333 1134 3413 llglrellius.
1149 3337 1211 3398 Gur
1232 3343 1333 3397 autom
1349 3338 1595 3398 castellanenscs

107 3435 195 3490 tanen
221 3427 313 3491 aliud
348 3434 580 3507 argumentum,
606 3431 816 3503 praeterquam
874 3426 1047 3487 dicerentur
1065 3429 1134 3489 vide
1159 3428 1331 3490 Dandulum
1353 3429 1432 3508 apud
1455 3428 1595 3490 cumdem
1720 3487 1726 3500 ,

107 3539 136 3582 cs
163 3526 268 3585 verbis
302 3521 391 3582 modo
416 3520 573 3594 adductis,
596 3518 726 3601 protulit.
750 3516 816 3576 Cla·
876 3518 1055 3599 Ugbellium.
1079 3523 1111 3582 Τ.
1134 3524 1167 3582 V.
1191 3539 1255 3602 pag.
1280 3523 1367 3583 ttst.
1390 3523 1463 3582 Nov.
1487 3521 1566 3582 Edit.

109 3617 254 3679 tissimum
282 3631 356 3674 voro
377 3623 444 3686 est,
476 3615 607 3674 44444444
637 3617 754 3672 tantum
773 3607 821 3686 ju·
915 3614 1066 3675 llambsrti
1097 3612 1256 3695 cujusdam
1292 3613 1427 3678 collectio
1458 3615 1594 3676 Veterum

49 3779 50 3782 Ἴ
110 3707 187 3770 bento
209 3709 355 3771 Codicem
379 3708 472 3768 luisse
488 3706 672 3783 descriptum
688 3751 694 3779 ‚
711 3721 748 3765 an
768 3719 821 3765 au··
878 3707 1109 3786 inscriptionum
1130 3727 1147 3769 e
1167 3711 1258 3770 variis
1275 3711 1462 3770 coemeteriis
1483 3718 1513 3769 et
1535 3727 1597 3768 nro-

109 3809 163 3862 4444
182 3807 241 3878 sit,
267 3817 330 3864 non
352 3799 482 3861 additur.
504 3801 536 3860 Si
559 3802 649 3878 igitur
679 3799 767 3859 stilus
789 3803 819 3856 44
879 3803 1032 3862 numantia
1048 3809 1202 3863 erutarum
1225 3804 1271 3863 bis
1292 3810 1392 3864 exstat
1406 3803 1435 3862 i'n
1450 3803 1525 3863 Bibl.
1542 3803 1600 3863 Va-

111 3897 157 3958 4444
175 3898 357 3977 Gregorium
394 3900 547 3954 auctorem
570 3909 628 3952 non
651 3895 823 3971 patiantur,
878 3895 995 3970 ticana,
1019 3901 1096 3956 teste
1118 3894 1243 3968 andern,
1265 3913 1293 3974 p.
1320 3895 1386 3956 428.
1409 3896 1478 3957 438.

112 3990 249 4052 incertum
276 3991 378 4069 potius
401 3987 484 4047 illum
507 3986 780 4064 pronunciabimus.
918 3987 969 4047 DE
992 3977 1397 4050 ultlEstuusts'aonnobn
1420 3989 1596 4051 fundatione
1654 3961 1709 4047 .'
1788 4075 1789 4082 ἵ

143 4083 379 4158 tuinultum,
396 4081 646 4158 Arcaiapiacopus
662 4077 824 4139 samana.
881 4085 911 4140 at
933 4079 1172 4141 benefactoribus
1195 4081 1320 4142 Historia
1349 4090 1450 4144 exstat
1472 4084 1499 4142 44
1523 4083 1601 4144 Scri-

111 4170 252 4254 lipistolao
276 4175 346 4253 rjus
368 4179 499 4254 quotuor
520 4190 568 4260 an.
588 4173 825 4250 4449344444444
881 4174 1015 4251 ptoribns
1037 4173 1170 4250 Angliois
1191 4173 1266 4234 Galli
1288 4181 1370 4235 torno
1391 4179 1412 4236 4.
1436 4195 1501 4258 pag.
1524 4179 1591 4238 385.

113 4266 252 4425 lprssbcptup
276 4274 315 4423 4ιὲ
330 4269 471 4330 Conciliis
492 4267 632 4328 llarduini
655 4275 725 4327 tom.
745 4267 779 4325 V.
797 4283 825 4346 p.
881 4263 1156 4421 abllnAnlllglpiiTllS,
1169 4265 1348 4388 Episcopus,
1359 4271 1522 4330 liriniensis
1539 4271 1603 4331 XL.
1620 4325 1622 4328 .

146 4451 631 4519 liAlbOLDUSchillanovaclo
647 4451 828 4532 triplicimo-
922 4451 977 4512 An.
1011 4451 1079 4512 838.
1100 4468 1210 4532 corpus
1232 4453 1261 4514 S.
1286 4444 1436 4516 Philistrtt
1459 4455 1514 4534 Ep.
1537 4457 1600 4515 Bri-

114 4547 335 4632 docaaficicadi
350 4549 422 4610 vina
448 4566 465 4609 a
493 4549 649 4607 Francisco
675 4546 712 4607 da
740 4547 827 4607 Senis
883 4547 996 4606 niensis
1017 4547 1192 4620 transtulit,
1216 4549 1337 4627 ipsaque
1362 4547 1596 4609 lbaasmtioncm

113 4645 288 4720 cpitonratus
306 4651 408 4704 altstat
428 4643 543 4722 Lipsiae
562 4643 590 4701 in
608 4640 680 4700 liibl.
696 4640 825 4700 Paulina.
885 4639 961 4700 banc
972 4638 1159 4701 alliirocula
1171 4641 1338 4721 descripsit.
1347 4641 1433 4704 Edita
1446 4643 1518 4702 hacc
1528 4648 1599 4701 sunt

113 4734 174 4796 liar
188 4738 371 4817 catalogum
389 4736 492 4797 Follari
508 4753 535 4813 p.
551 4735 620 4794 884.
635 4733 703 4792 863.
720 4731 828 4791 Viden·
872 4751 899 4825 ¹a
928 4733 1012 4794 Surio
1042 4733 1070 4792 d.
1103 4730 1207 4795 xvttl.
1230 4737 1320 4810 tulii,
1344 4738 1432 4798 Paulo
1453 4733 1599 4798 Galcurdo

148 4949 170 5008 a)
188 4953 234 5002 tttc
246 4931 457 5016 Episcopatus'tn
468 4949 570 5013 agnello
582 4950 673 5001 trustra
684 4946 834 5010 causantur·¹
881 4955 939 5004 crgo
958 4943 999 4994 blo
1015 4947 1125 5008 amptius
1143 4949 1334 5008 tnqrrlrcndunr.
