3568 5414
681 219 923 284 OROSlUS
1352 273 1358 287 ,
1486 231 1543 292 464

82 327 258 394 Marcellinum
280 327 316 388 ad
336 343 413 405 quos
431 328 469 387 ibi
486 335 689 405 prouocatur,
708 345 766 387 non
824 321 914 409 que'm
935 333 1031 394 neutri
1050 321 1152 392 tamen
1171 340 1316 410 tanquam
1349 331 1461 395 auctori
1492 339 1544 396 ad·

81 427 154 488 044444
177 429 262 494 4444,
292 419 345 484 444
376 413 537 496 Augustini
563 420 629 480 libri
648 423 711 482 tres
732 421 769 480 de
824 424 1017 486 scribendum
1031 426 1176 485 viridocti
1186 425 1541 503 judicantlribuietiarn

80 523 238 597 peccatorum
265 517 383 576 meritis
406 522 438 574 et
465 517 659 588 remissione,
680 521 712 574 ut
729 517 770 575 ei·
823 515 929 576 Oresio
947 518 1066 592 solent,
1086 519 1279 594 (4444444444
1293 516 1329 578 de
1357 516 1500 582 Trinitote
1517 529 1546 582 et

79 613 129 672 deor
149 613 243 670 Vossio
263 609 467 670 observatum.
488 610 619 668 Exstant
639 609 668 668 hi
689 610 718 668 in
736 609 770 668 li·
824 608 894 671 otiis
911 611 940 671 S.
962 609 1140 690 Serr'pturoe
1158 609 1248 687 loeis,
1265 611 1307 672 od
1322 611 1543 691 dupustinum,
1582 683 1590 690 ,

79 709 141 766 4444
158 707 223 765 tomi
246 705 283 764 X.
305 703 377 763 edit.
401 701 585 766 Benedictio.
683 729 685 736 s
823 721 892 766 curn
913 703 1003 764 buius
1021 708 1216 782 responsione
1233 705 1332 766 editae
1350 707 1440 768 Paris.
1465 709 1542 770 44433

107 795 272 861 4444444444
300 799 366 856 4444
396 793 660 858 Commonitorium
682 797 718 858 ad
739 799 769 858 S.
824 797 901 875 apud
920 796 1006 856 ltieh.
1025 797 1240 858 vascosanum.
1256 798 1348 877 incip.
1366 791 1445 860 tice't
1458 799 1544 862 multi

77 894 271 970 leguminum,
296 889 334 950 de
362 890 514 950 erroribus
549 890 770 951 Pricillianista-
823 895 854 950 et
877 886 1089 968 probatissimi
1118 891 1189 949 Viri.
1219 892 1336 965 Etiam,
1367 901 1400 954 ut
1429 898 1544 955 notavit

76 1004 124 1046 mm
142 993 170 1046 44
185 985 438 1061 origenistarum,
467 986 618 1061 praemitti
644 985 766 1044 solitum
823 983 886 1042 Nic.
903 983 1053 1064 Antonius
1067 981 1082 1058 ‚'
1094 983 1244 1044 Orationis
1262 983 1297 1044 de
1315 988 1376 1044 situ
1400 987 1543 1066 antiquos

76 1081 131 1138 libro
145 1079 300 1156 Augustini
328 1078 477 1139 adversus
506 1078 745 1138 Priscillianistas
759 1125 767 1152 ,
823 1073 983 1156 Rabylonis
995 1081 1024 1137 et
1038 1075 1386 1154 Corthopinr'sllanoser.
1404 1082 1432 1140 io
1446 1097 1541 1141 mem-

74 1187 143 1248 qoem
162 1172 197 1231 ab
216 1170 323 1232 Oresio
345 1173 423 1232 cirea
451 1172 511 1231 An:
538 1173 605 1233 444.
635 1173 768 1236 monitus
822 1169 1088 1230 branisannorum
1116 1167 1181 1232 soor
1202 1171 1280 1250 apud
1302 1170 1411 1248 Antan.
1444 1177 1544 1254 Augu«

73 1261 221 1343 conposuit.
240 1265 351 1325 Exstat
377 1267 456 1324 iuter
476 1265 637 1344 Augustini
670 1266 768 1343 Opera
822 1263 936 1322 stiuum
970 1266 1102 1337 mentio,
1131 1263 1187 1322 nisi
1221 1261 1289 1341 quis
1321 1271 1406 1342 putet
1434 1269 1542 1345 respici

72 1363 117 1416 tom
143 1358 212 1420 ltill.
229 1357 302 1418 edit.
320 1357 504 1418 Benedictio.
516 1365 551 1436 'p.
580 1355 649 1419 443.
668 1360 769 1434 Amet.
823 1371 916 1432 pauca
936 1355 984 1414 illa
1003 1361 1080 1434 qua'e
1097 1353 1138 1416 de
1150 1351 1541 1437 uaoytoneer‘earehagtne

71 1451 178 1514 44444444
194 1451 384 1531 Augustinus
402 1451 451 1512 lib.
469 1453 498 1512 E.
517 1454 767 1522 retractationum
822 1449 857 1504 in
871 1447 1062 1508 historiarum
1079 1448 1163 1508 libris
1180 1447 1361 1510 traduntur:
1388 1467 1477 1527 quam
1493 1467 1542 1512 eo-

69 1546 145 1620 npits
164 1545 209 1604 tt.
243 1570 248 1578 ·
601 1579 608 1586 -
823 1541 1196 1602 nieeturamreeteetiam
1225 1543 1337 1603 4444444
1365 1543 1402 1606 ad
1431 1545 1540 1606 librum

96 1636 259 1698 Gennadius
275 1653 339 1715 cap.
356 1639 403 1698 39.
419 1637 485 1698 ilio
493 1642 538 1698 est
554 1637 694 1713 Orosius,
713 1639 778 1717 qni
821 1638 917 1698 Orosii
936 1635 972 1696 de
997 1633 1132 1709 Adomo,
1150 1650 1241 1713 quem
1268 1637 1347 1715 apud
1374 1639 1540 1699 Antonium
1582 1655 1584 1660 ·

66 1727 338 1810 ollupustinopro
354 1731 497 1792 discenda
513 1733 631 1792 animae
651 1734 765 1792 ratione
822 1717 923 1791 laudat
954 1731 1132 1790 Franciseus
1156 1730 1316 1790 Ximenius
1340 1732 1373 1790 in
1405 1731 1477 1790 libro
1504 1731 1541 1791 da

65 1821 316 1904 odilieronpmum
329 1824 459 1898 missus,
476 1823 595 1884 rediens
618 1823 766 1902 ‘reliquias
820 1821 974 1883 laedones
996 1825 1154 1906 Valentino
1177 1824 1241 1882 sive
1263 1824 1420 1902 Hispanico
1441 1825 1541 1904 lingua

66 1917 90 1996 ll.
105 1918 265 1996 Stephani,
279 1917 374 1997 primi
388 1913 562 1996 Martyrisj
581 1922 767 2000 tunenuper
820 1920 941 1996 scripto.
975 1915 1057 1978 *Ea
1078 1933 1156 1995 quae
1189 1915 1226 1977 de
1260 1917 1421 1978 Basileensi
1444 1917 1541 1978 Orosii

65 2010 113 2083 444.
130 2013 159 2072 44
167 2013 205 2086 b.)
220 2011 374 2085 inventos,
391 2011 508 2091 primus
524 2008 624 2094 intulit
639 2011 763 2072 Orienti.
820 2011 949 2072 editione
970 2011 1113 2070 admonet
1135 2009 1182 2070 lrie
1203 2009 1374 2084 Fabricius,
1397 2019 1541 2072 vetustus

63 2103 93 2160 lle
108 2104 207 2164 barum
228 2105 424 2182 reliquiarum
437 2106 617 2164 ’4444444444
646 2113 766 2183 praeter
819 2105 921 2165 Codex
936 2105 1004 2164 alls.
1027 2102 1271 2164 Membranaeeus
1292 2095 1538 2178 vindobonensis,

63 2209 88 2254 44
101 2213 171 2274 quae
188 2215 284 2277 supra
302 2205 377 2270 tom.
399 2200 424 2258 4.
441 2213 507 2276 pag.
526 2197 584 2259 tta
602 2199 631 2258 io
647 2196 764 2260 AVlTO
818 2198 1001 2276 explicaret
1024 2197 1158 2276 exponit.
1176 2197 1363 2258 vicentinam
1379 2200 1459 2261 enirn
1477 2197 1540 2259 edi·

62 2289 233 2351 inuarensi
252 2290 317 2351 dixi
332 2334 340 2358 ,
354 2299 444 2352 votus
459 2291 627 2352 Chronieon
640 2292 657 2350 a
670 2291 766 2352 Theo
793 2349 794 2356 ,
818 2293 929 2350 tionem
964 2307 1055 2354 mauu
1087 2296 1189 2351 tamen
1212 2299 1366 2378 exaratam
1395 2287 1535 2354 volumen

62 2379 139 2443 444444
152 2383 766 2462 lluinartoedituminhistoriaperseeu-
818 2383 891 2446 illud
922 2389 1147 2463 repraesentat,
1177 2386 1242 2444 sive
1274 2383 1354 2462 quod
1386 2384 1422 2444 ad
1456 2385 1537 2446 illam

59 2475 129 2535 tionis
145 2477 331 2538 vandalicae
355 2495 382 2556 p.
402 2479 459 2539 443
479 2478 527 2538 ubi
548 2479 641 2537 etiam
669 2479 766 2539 044444
819 2485 959 2539 exactum
982 2480 1071 2538 luerit
1091 2493 1107 2536 4
1128 2480 1271 2556 quopiam
1293 2479 1361 2538 4444
1388 2479 1467 2555 quod
1490 2486 1538 2556 ty-

56 2573 423 2634 44444444444444444444
441 2571 589 2655 Gennadil
615 2572 766 2644 iooo,·re·
819 2575 865 2650 pis
883 2573 985 2634 -iuerit
1016 2573 1172 2631 vicentino
1195 2572 1367 2648 impressori
1388 2571 1478 2633 datus
1499 2573 1537 2633 ad

55 2665 129 2736 petito
143 2667 226 2744 apud
245 2667 408 2726 lionoriom
428 2667 463 2725 ll.
482 2666 519 2728 30
535 2656 646 2742 labrum
659 2663 766 2724 dero·
819 2665 1042 2728 excudendum.
1056 2667 1101 2724 'ln
1123 2663 1183 2724 dne
1206 2665 1346 2744 legantur
1365 2681 1474 2724 versus
1501 2667 1535 2726 il-

55 2753 114 2818 i‘ore
131 2759 260 2819 aramue
278 2759 383 2820 Orosio
401 2759 505 2820 tribuit
532 2755 716 2818 'irithamius
736 2774 762 2818 c.
820 2761 858 2828 li,
880 2775 955 2838 quos
976 2776 1013 2818 ex
1037 2757 1197 2818 basileensi
1223 2757 1352 2817 editione
1384 2757 1536 2821 Fabricius

54 2847 357 2914 til.initium‘etiam
376 2853 456 2913 illius
483 2855 656 2931 apponens:
688 2852 763 2914 Cum
819 2856 866 2914 hie
889 2857 1002 2915 recitat.
1033 2854 1066 2912 ln
1094 2854 1158 2929 ipsa
1178 2853 1277 2930 operis
1298 2852 1395 2911 tronte
1418 2853 1536 2929 majori·

13 2941 15 2982 i
54 2943 122 3021 opud
139 2945 483 3023 uoscoetestis.ttaque
503 2948 593 3006 miror
614 2947 674 3006 Nic.
703 2947 765 3006 An·
817 2950 875 3012 bus
900 2949 1008 3008 litteris
1039 2945 1199 3006 scribitur:
1220 2944 1335 3003 Aeaeus
1360 2943 1466 3024 Vulpes
1489 2945 1535 3006 Vi-

52 3040 117 3098 tooio
132 3041 182 3102 lib.
202 3043 231 3102 3.
252 3057 318 3120 cap.
338 3044 365 3102 4.
385 3041 412 3119 g.
426 3041 475 3100 it.
494 3040 566 3100 Eibl.
586 3047 647 3100 444.
680 3042 760 3118 llisp.
817 3040 950 3102 sentinus
967 3029 1061 3098 Prior
1077 3040 1107 3100 S.
1122 3037 1231 3100 Crucis
1247 3035 1385 3098 adiutore
1403 3039 1537 3100 tuorem

13 3157 14 3162 ¹
52 3133 102 3192 tr.
120 3149 146 3210 p.
164 3135 228 3196 482
248 3151 310 3194 444
335 3133 488 3194 diversum
520 3135 619 3198 visum
645 3136 762 3207 44444
818 3135 856 3196 tio
877 3130 1196 3207 Briaeiensi‚tlistorr’er
1218 3129 1311 3192 Ponti
1331 3131 1439 3204 orosii,
1457 3137 1536 3211 quoa

52 3221 288 3288 summonitorio.
480 3243 489 3264 ··
521 3297 523 3302 .
692 3243 697 3254 ·
817 3227 986 3288 continetur
1007 3225 1038 3284 r‘n
1059 3223 1112 3284 boe
1134 3223 1241 3287 Codice
1257 3241 1349 3304 quom
1368 3226 1538 3285 occuratis·

13 3311 15 3358 ²
77 3318 369 3400 Epiktetoeplures
390 3320 427 3381 ad
448 3311 664 3398 ¹Aug-astinem
692 3322 763 3382 alio-
817 3321 889 3382 stine
906 3318 1006 3400 potuit
1024 3316 1345 3396 eustr'ponit.l’andem
1361 3334 1470 3378 manus
1491 3335 1537 3378 rs·

13 3463 15 3480 ,
48 3427 104 3490 sque
123 3415 295 3488 diversos,
314 3412 479 3474 trithemio
507 3424 690 3476 memoratae
718 3417 764 3473 44-
815 3417 930 3475 4444444
946 3412 1061 3473 adiecit.
1082 3413 1210 3473 vicenae
1229 3410 1467 3472 serenatione
1483 3413 1536 3488 igi·

13 3487 22 3566 l·
48 3507 227 3569 metuerunt.
243 3508 493 3568 Commentarius
507 3507 763 3569 inconticuCon-
818 3517 869 3568 444
885 3507 1072 3568 vicentinam
1090 3506 1252 3565 sditionem
1272 3504 1536 3564 tormis'llermao·

13 3571 15 3660 i
52 3597 158 3662 iurum
175 3619 280 3681 quem
300 3601 524 3662 Orostotribun
549 3600 627 3661 idem
649 3600 766 3660 Trithe·
818 3603 848 3660 ni
869 3600 907 3660 de
928 3601 1049 3662 Colonia
1066 3607 1242 3676 expressam
1261 3595 1434 3656 leonardus
1455 3598 1534 3656 Basi-

13 3675 15 3800 5
46 3695 121 3770 mos,
141 3697 275 3757 Honorii
291 3701 362 3768 ost,
391 3697 470 3754 sieut
500 3696 602 3755 etiam.
619 3693 655 3754 de
676 3685 763 3754 ‘Viris
794 3765 796 3770 .
817 3696 929 3755 leensis
950 3693 1157 3772 typographus
1188 3707 1275 3752 suam
1306 3689 1483 3766 adornavit,
1504 3697 1536 3750 et
1635 3729 1645 3735 --

13 3803 15 3860 4
46 3781 195 3850 drotum
215 3785 318 3862 liber,
336 3786 373 3847 de
388 3781 761 3865 quoThomastamesius.
816 3807 887 3852 curn
910 3803 1020 3849 versus
1046 3788 1153 3866 prioris
1174 3783 1313 3845 editionis
1335 3784 1458 3842 minime
1479 3782 1535 3844 sibi
1633 3787 1642 3798 “

44 3874 121 3958 Atque
139 3897 259 3944 vereor
279 3897 317 3940 ne
337 3880 417 3942 aliud
436 3883 526 3942 444444
546 3897 655 3941 nomen
675 3893 762 3959 repo·
787 3947 789 3955 ,
816 3887 978 3946 convenire
1009 3879 1189 3958 intelligeret
1216 3873 1425 3937 'relormaodos
1447 3876 1535 3950 illus,
1657 3871 1659 3876 ’

13 3967 15 4048 ζ
47 3974 184 4048 modum,
205 3983 269 4036 aut
285 3975 364 4051 alius
381 3975 468 4056 longe
484 3974 582 4036 iunior
596 3975 623 4048 a)
638 3972 763 4033 Orosius
817 3979 933 4056 sibique
964 3974 1113 4053 aptandos
1141 3972 1270 4032 censuit.
1304 3969 1376 4029 Ideo
1395 3985 1466 4030 eum
1488 3969 1536 4030 Vi-

44 4065 246 4147 iotelligeodus
267 4071 309 4138 sit
332 4067 412 4146 apud
439 4066 636 4143 Anonymum
668 4063 786 4150 llelli-¹
817 4074 936 4136 certetur
959 4070 1068 4129 terret:
1174 4097 1179 4102 ·

13 4155 15 4192 ²
44 4172 143 4222 mosem
161 4163 215 4224 ubi
237 4179 269 4223 c.
290 4162 327 4220 titt
347 4162 476 4239 legitur.
496 4159 620 4220 Orosius
632 4173 781 4218 uenere.
1067 4189 1086 4260 d·
1176 4191 1249 4259 ,ΜΗ
1339 4207 1411 4257 mm

13 4193 15 4298 A
44 4243 136 4315 totu
146 4259 294 4337 putatur
309 4255 473 4333 Episcopus
489 4251 596 4316 scribit
606 4251 684 4312 iuter
695 4250 759 4312 eliu
826 4217 1227 4350 ”fflfflffifflfzoq
1268 4221 1318 4258 ⁰⁰⁰
1425 4243 1433 4268 ’

13 4337 15 4396 t
44 4341 232 4411 Commeatum
251 4349 288 4408 r'n
314 4346 427 4408 librum
441 4349 506 4408 llll.
531 4345 759 4427 Prophetarum.

70 4437 191 4506 loterS.
213 4443 388 4520 Augustini
418 4457 507 4520 opera
533 4449 604 4500 4444.
624 4441 670 4500 Vl.
689 4438 759 4498 edit.
815 4434 995 4496 basileensis
1027 4430 1145 4490 sublato
1177 4429 1347 4490 Hermanno
1379 4424 1536 4485 substituit

47 4529 213 4598 Benedictio.
249 4541 284 4596 in
310 4534 473 4612 appendice
491 4551 556 4614 pag.
575 4533 642 4593 tar.
661 4533 759 4594 Amst.
816 4524 977 4589 Leonordo.
1001 4525 1045 4585 lta
1066 4525 1177 4601 pariter
1198 4529 1229 4582 et
1252 4535 1305 4599 pro
1326 4514 1464 4580 Coloniae
1485 4533 1535 4593 po-

48 4619 134 4700 tegitur
150 4627 314 4708 auroque
331 4627 404 4690 LXV
428 4634 635 4707 quaestionum
663 4625 757 4685 Orosii
815 4625 876 4682 suit
897 4619 1030 4680 Basileae
1064 4618 1109 4678 Ex
1133 4615 1291 4675 collatione
1313 4612 1368 4672 heo
1389 4609 1534 4670 discimus

48 4727 236 4786 ittoootantis
273 4727 308 4779 et
337 4721 496 4800 Augustini
526 4719 757 4799 respondentis,
813 4715 1014 4776 basileensem
1038 4710 1199 4770 editionem
1218 4717 1393 4782 expressam
1410 4715 1481 4760 asse
1495 4700 1533 4760 44

75 4930 94 4986 t'r
104 4937 134 4982 oe
147 4937 271 5000 pluribus
286 4936 392 4996 orastis,
406 4936 450 4984 sed
464 4937 629 4995 tlispanorum
641 4943 759 4995 quorunb
806 4928 863 4978 4444
875 4929 976 4990 topanta
993 4925 1108 4974 condetis
1122 4925 1173 4971 lic.
1187 4919 1311 4970 Antonius
1324 4921 1342 4964 t.
1358 4913 1366 4960 l
1383 4927 1440 4978 pag.
1453 4911 1506 4964 484.

1246 5021 1304 5082 473
