3654 5408
739 234 1024 304 40004400
1481 243 1492 250 ··
1577 255 1635 317 327

135 359 193 416 na,
216 340 565 418 40104444040044440444,
588 337 852 420 utrumque'enim
910 348 976 408 14040
996 344 1133 410 414400044Ι
1154 336 1353 429 alphabetum
1376 357 1446 417 044.
1478 357 1627 424 1440444444·

133 451 303 513 cognemen
327 432 856 516 usurpavit,patriaArgentoraten-
910 457 976 501 rum
1000 442 1030 502 S.
1051 442 1212 523 Augustini
1236 450 1310 526 0.·3.
1526 459 1530 468 “
1588 481 1593 488 ·

130 530 186 588 040.
207 528 364 605 Auguror,
386 539 496 587 nemen
518 529 613 608 ipsius
639 527 852 591 Germanicum
951 536 1160 601 retentati
1188 541 1327 622 Episcopi
1361 533 1514 625 0004044144
1544 551 1635 612 uarie

134 623 232 682 inisse
253 619 456 694 Sctmeerlin,
477 621 556 699 qnod
579 638 631 700 pro
654 638 736 681 mere
760 625 853 685 seculi
910 635 984 687 sunt
1007 631 1037 687 in
1058 629 1132 692 14441.
1151 632 1360 698 4044004000.
1380 641 1468 700 Baro.
1485 642 1637 706 4014004-

136 706 720 786 400404144044444444,41404400444040
744 712 855 774 abar·
911 720 1018 781 iaucon
1041 723 1116 784 Bihl.
1136 727 1216 788 1488.
1241 746 1267 807 p.
1291 733 1357 792 443.
1426 751 1431 759 ’
1525 707 1536 722 “

133 805 232 875 uina,
255 800 364 862 deinde
387 804 415 861 io
441 801 627 880 Amnupiam.
660 806 692 863 ln
724 805 854 867 liarchia
950 817 1077 877 ioannis
1100 817 1136 878 de
1154 823 1635 894 PULCHRO-lllV0·Dr'stieetie

133 897 240 958 sedem
264 897 453 958 fortunarum
476 913 599 958 suarem
631 899 770 971 intecit,
804 900 853 960 ubi
911 912 1052 990 temporis
1075 911 1239 978 pecundum
1256 925 1366 981 matum
1387 921 1477 997 4040,
1506 929 1535 985 tn
1558 929 1631 989 44404,

136 1003 283 1072 04000404
301 990 357 1051 4044
377 990 530 1051 4000144400
553 992 572 1050 1.
599 989 687 1052 ludos
722 993 855 1054 hasticos
911 1004 999 1081 aegia
1023 1005 1216 1071 Londtnenst,
1233 1015 1433 1076 ’4400400000
1449 1019 1502 1078 100,
1525 1023 1575 1080 qn,
1604 1041 1632 1102 p,

131 1085 265 1164 Rnppini
286 1083 448 1144 celebranti
469 1102 496 1144 a·
520 1083 750 1146 45041.Ροῦ440
778 1085 854 1146 Aon-
909 1097 976 1156 63⁰.
1004 1099 1033 1157 in
1056 1101 1129 1161 Eibl.
1152 1106 1322 1182 moguntina
1346 1111 1520 1173 inscribitur
1547 1113 1631 1174 Cem-

129 1177 231 1238 400440
250 1177 489 1238 Franeoiurtensi
506 1179 768 1256 primusomnium
785 1181 853 1239 Pre—
909 1185 1049 1262 pendium
1066 1188 1102 1250 de
1125 1191 1345 1272 00010οο1044,
1362 1205 1443 1260 teste
1461 1202 1524 1261 Vel.
1547 1205 1633 1264 Ferd.

131 1271 228 1332 iesser
249 1271 434 1331 constitutus
454 1271 663 1348 Eloquentiam
685 1271 805 1347 docuit,
822 1274 850 1332 in

129 1365 360 1442 inauguratione
381 1381 501 1442 quoque
518 1365 597 1426 iilius
613 1372 783 1426 sermenem
799 1367 851 1427 ha-

129 1458 208 1518 buit.
229 1459 264 1518 Α.
288 1460 375 1540 4443.
396 1462 426 1518 40
445 1459 560 1519 14014404
580 1461 636 1520 iter
655 1461 849 1535 molliusest,

130 1558 167 1611 ut
185 1550 318 1613 Graecas
339 1551 408 1612 inde
430 1552 532 1612 literas
552 1553 589 1612 ad
612 1553 778 1615 Germanos
805 1573 851 1614 40·
874 1559 877 1566 ’

129 1648 243 1720 404444,
264 1645 316 1706 sed
341 1649 419 1707 40404
441 1648 545 1706 urbem
562 1647 788 1727 Wimpinamet
804 1666 851 1709 ar·

126 1757 197 1800 cem
216 1739 465 1826 havensbnrgum
494 1741 554 1800 telo
586 1759 603 1802 a
635 1741 851 1820 vespillonibus

126 1834 277 1914 trajectus
295 1834 447 1896 occubuit.
469 1834 544 1917 Ejus
561 1841 708 1914 prostant.

172 1931 200 1988 t.
221 1927 479 2009 Epipremmatum
496 1933 525 1989 et
542 1929 719 1990 carminum
737 1925 787 1989 lib.
806 1930 830 1987 i.

169 2021 198 2084 2.
221 2019 333 2082 Bellica
354 2022 622 2103 Prepymnasiice,
644 2040 665 2084 44
686 2023 760 2084 11400
781 2025 850 2082 iee-

128 2112 229 2174 eln'me
249 2115 274 2173 i.
295 2117 326 2177 S.
339 2118 373 2177 14.
392 2117 467 2196 Imp.
483 2115 667 2196 septemvira
684 2110 853 2193 ,440404440-

126 2224 166 2268 ne
181 2205 468 2288 Brandenburpensi
476 2253 483 2280 ,
501 2213 530 2270 04
546 2207 674 2270 11004400
691 2209 852 2288 41000000·

127 2297 220 2362 litane
241 2301 342 2378 Duce,
364 2302 443 2363 Neei
461 2302 570 2382 iiupiui
586 2299 744 2363 004οὸ4040.
757 2301 852 2368 ,teta

128 2397 156 2453 t.
179 2412 285 2457 recusa
307 2404 432 2457 curante
452 2399 514 2457 iae.
537 2397 637 2458 Panlle
657 2395 849 2474 tinndlingio,

128 2489 227 2548 Berul.
248 2488 335 2550 4748.
348 2485 409 2553 ‘te
431 2491 515 2551 llnnc
535 2491 644 2551 librum
666 2491 711 2550 10.
742 2490 851 2551 Schra-

127 2583 195 2660 gins
216 2581 348 2642 Electori
369 2599 387 2644 a
408 2585 539 2644 80040440
560 2590 592 2642 04
621 2583 719 2644 index
755 2583 850 2645 aulae

127 2675 293 2737 vernacule
324 2691 462 2736 sermone
492 2678 731 2754 conscripserat,
758 2693 849 2753 quem

130 2767 313 2848 vigilantius
335 2772 439 2830 Latino
459 2787 599 2830 sermone
630 2769 710 2848 loqui
745 2770 851 2830 veluit.

126 2861 280 2924 Habemus
290 2861 451 2924 editionem
466 2863 661 2924 vernaculam
675 2863 784 2940 Operis
797 2865 851 2922 Ee-

126 2956 213 3016 rolini
237 2961 267 3016 in
291 2960 318 3018 t.
337 2973 491 3020 excusem.
615 2977 618 2984 ·

167 3052 195 3109 3.
211 3047 812 3131 FranekplturdieneeurbisadOderam,
822 3055 852 3110 04

126 3145 288 3224 Gymnesii
299 3143 443 3206 litterarii
462 3143 694 3204 introductionis
713 3143 850 3204 Cerame-

122 3239 310 3318 m'erumquc
328 3236 558 3300 observaturam
575 3235 740 3316 descriptio.
758 3238 848 3296 Frau-

123 3334 181 3394 004.
206 3331 297 3396 taut.
330 3333 357 3391 t.
390 3333 510 3410 repetiit
538 3331 581 3389 10.
614 3328 850 3417 christophorus

123 3431 299 3490 Eecmanus
319 3427 376 3488 sub
397 3427 515 3487 initium
537 3423 668 3502 nectarii
700 3420 738 3481 ad
767 3423 849 3482 44044-

125 3524 200 3584 44404
223 3521 438 3583 Unirersitatis
455 3518 602 3589 laudatae.
775 3529 780 3534 ·

166 3619 315 3678 Desnmta
336 3621 410 3676 sunt
430 3614 504 3673 haec
525 3629 562 3671 044
585 3611 728 3672 Centuria
747 3607 849 3669 liade·

124 3713 211 3773 44400
232 3725 263 3769 0.
284 3710 333 3769 844.
355 3707 496 3770 Becmani
518 3705 625 3766 Notitia
649 3721 675 3781 p.
698 3701 766 3763 433.
778 3700 847 3763 4134.

124 3802 302 3882 Gundlingii
325 3802 508 3880 praefatione
529 3793 674 3876 Opnsentt
694 3797 787 3856 citati.

166 3894 428 3966 PUBWELLUS,
449 3892 585 3969 Anglus,
613 3890 733 3950 Artium
755 3887 850 3968 Magi-

122 4000 192 4054 ster
210 3989 410 4062 Orenieaeis,
432 3986 470 4046 ab
484 3986 602 4064 ingenio
619 3981 722 4044 subtili
742 3988 775 4040 et
792 3980 846 4041 ial-

122 4087 243 4149 lauihns
260 4086 289 4143 in
307 4080 489 4160 disputando
505 4079 631 4158 argutiis
648 4073 786 4156 Sophiste
801 4089 852 4134 00-

122 4181 331 4260 gneminatns.
343 4175 454 4236 44444440
467 4175 607 4245 incertae,
618 4171 740 4249 scripsit
751 4171 848 4245 Quae·

122 4273 236 4336 stiones
267 4267 410 4352 difficiles.
442 4267 563 4328 Pitseue
592 4264 731 4344 Append.
759 4262 846 4324 Ceut

169 4459 307 4522 Adamas
339 4457 487 4519 rnututt
507 4453 543 4515 de
566 4448 716 4514 04004004
750 4449 848 4529 (10444

124 4551 295 4628 84004004)
317 4549 485 4612 4000001400
506 4547 746 4624 augustinianus
773 4545 849 4602 vixit

121 4671 155 4714 a.
177 4651 267 4711 4445.
290 4645 413 4724 scripsit
432 4642 468 4706 de
485 4639 543 4722 fide
566 4635 721 4701 Cetteliea
743 4637 808 4697 libr.
828 4636 850 4694 1.

122 4753 158 4806 04
179 4746 338 4806 semones
352 4737 486 4818 aliquot,
508 4733 684 4815 praesertim
702 4729 737 4789 de
755 4727 852 4789 teudi-

124 4839 186 4900 404
210 4837 245 4896 B.
277 4832 407 4914 Virpinis
428 4829 583 4894 Habentur
610 4827 691 4888 tiss.
716 4824 853 4890 41044040

125 4949 185 4996 nae
213 4934 241 4992 in
265 4928 446 5006 Bibliotheca
469 4923 766 5003 augustinianorum.
800 4919 855 4978 Fe·

907 1276 947 1338 de
962 1280 1090 1343 Gudenn
1112 1285 1233 1365 Sylloge
1256 1292 1276 1350 l.
1299 1308 1327 1368 0.
1351 1293 1419 1355 343.

947 1372 1107 1455 Consertae
1127 1380 1253 1442 PULEX
1275 1385 1392 1464 scripsit
1407 1387 1571 1448 Historiam
1590 1392 1634 1452 Vi-

905 1468 1061 1544 00044000,
1075 1476 1163 1552 enjus
1181 1475 1382 1555 fragmentum
1397 1480 1434 1540 ab
1445 1499 1470 1541 a.
1485 1483 1572 1543 4374.
1595 1485 1632 1544 04

907 1561 995 1622 4387.
1016 1564 1110 1624 edidit
1132 1567 1311 1631 4404040444ιο
1333 1573 1362 1633 S.
1381 1575 1413 1634 44.
1432 1576 1497 1636 1401.
1519 1583 1538 1636 4.
1562 1579 1631 1637 Xlll

907 1672 934 1732 0.
958 1657 1045 1719 4233.
1067 1675 1158 1736 quem
1181 1662 1249 1722 vide
1267 1665 1297 1723 in
1320 1667 1522 1743 praelatione.
1546 1677 1580 1730 ut
1600 1679 1632 1729 04

907 1752 1045 1812 llessium
1068 1753 1105 1814 de
1130 1752 1240 1816 llister.
1264 1759 1377 1818 Latinis
1400 1762 1449 1821 iil.
1469 1764 1498 1822 9.
1515 1779 1544 1841 0.
1561 1763 1630 1823 794.

948 1847 1072 1908 ΡῦΙ.ΕΧ
1107 1847 1143 1909 rie
1166 1849 1326 1925 Cretedie,
1353 1869 1370 1914 a
1393 1855 1459 1914 vico
1491 1855 1631 1933 Regionis

907 1940 1082 2003 vicentinae
1110 1943 1259 2004 00040440
1283 1947 1323 2006 440
1344 1946 1463 2023 dictus,
1485 1955 1564 2009 teste
1585 1949 1630 2010 10.

908 2035 992 2113 Eapt.
1026 2035 1314 2113 Ρο4444440,40041440
1337 2058 1437 2102 rerum
1461 2045 1631 2105 4140004404-

909 2144 976 2188 4040
993 2130 1164 2208 Scriptura,
1183 2132 1351 2192 Historiam
1363 2133 1542 2195 Vieentinam
1560 2151 1631 2197 con·

908 2224 1047 2300 scripsit,
1071 2239 1126 2284 000
1143 2240 1201 2283 000
1222 2225 1353 2290 Carmen
1369 2226 1405 2287 de
1422 2227 1553 2289 aduentu
1572 2232 1632 2292 Gu-

907 2314 968 2375 4044
997 2316 1045 2376 iV.
1070 2316 1213 2380 Caesaris
1246 2319 1277 2378 in
1299 2318 1429 2380 14014004.
1466 2322 1558 2383 Filius
1576 2323 1632 2384 4044

905 2407 1052 2469 10440040
1086 2410 1175 2482 Boni,
1206 2410 1344 2491 duosque
1367 2415 1476 2474 iratres
1504 2415 1631 2492 babuit,

905 2501 1134 2565 Ceniortumet
1154 2503 1311 2565 iacobum.
1348 2509 1351 2514 ’

944 2587 1136 2674 Epigramma
1158 2596 1225 2674 ejas
1247 2597 1283 2657 rie
1304 2598 1559 2678 Hermaphredr'te
1586 2617 1634 2662 sa-

906 2691 946 2749 tis
963 2691 1151 2768 ingeniosum
1171 2699 1239 2768 est,
1257 2692 1336 2769 quod
1355 2693 1506 2772 adponere
1524 2693 1630 2773 placet.

915 2822 979 2871 Cam
996 2835 1051 2872 0404
1069 2835 1109 2872 040
1125 2825 1236 2886 genitrix
1252 2825 1357 2888 0444444
1375 2831 1485 2889 gestaret
1503 2826 1621 2887 404440,

917 2895 984 2955 Quid
1000 2904 1114 2960 0440404,
1131 2897 1212 2949 404404
1229 2895 1387 2950 consuluisse
1406 2905 1479 2952 neos.

915 2973 968 3023 4444
986 2981 1042 3034 004,
1060 2975 1177 3025 Phoebus
1196 2978 1242 3025 444.
1259 2977 1343 3035 44444,
1359 2975 1463 3026 4040404.

931 3052 1065 3112 tuncque,
1084 3058 1220 3112 neutrum,

915 3125 1027 3188 Cumque
1044 3124 1122 3174 4040444
1139 3134 1233 3188 natur,
1251 3129 1476 3192 Hermaphroditus
1501 3141 1584 3179 04404.

914 3203 1051 3259 Quaerenti
1070 3201 1166 3261 ictum,
1184 3207 1233 3251 nea
1250 3205 1288 3253 440
1304 3207 1359 3266 att:
1376 3203 1476 3254 occidet
1493 3208 1590 3264 armis,
1628 3257 1631 3262 Δ

914 3275 977 3323 44044
988 3285 1070 3324 04000.
1083 3273 1197 3324 Phoebus
1208 3280 1290 3338 aquis.
1301 3279 1358 3325 Sors
1371 3285 1433 3328 rata.
1446 3290 1562 3340 quaeque
1574 3275 1633 3329 init.

914 3347 995 3398 444404
1017 3349 1152 3409 obumbrat
1167 3361 1265 3412 44444444
1284 3351 1412 3408 ascendes
1429 3352 1524 3402 decidit
1540 3355 1620 3402 00414.

915 3427 995 3484 Quem
1012 3424 1139 3483 tuleram,
1156 3437 1216 3476 0440
1233 3424 1305 3476 taber
1320 3434 1346 3476 04
1366 3429 1423 3490 4040
1443 3439 1528 3490 saper.

913 3502 959 3548 i’es
976 3499 1057 3550 haesit
1072 3502 1149 3550 440444
1158 3520 1167 3561 3
1182 3507 1259 3564 040444
1277 3499 1369 3553 incidit
1385 3511 1459 3556 444400
1471 3520 1478 3551 r
1491 3500 1601 3560 tulitque

913 3577 1035 3636 4040404,
1051 3577 1110 3636 414,
1126 3581 1263 3636 nentrum,
1280 3571 1404 3634 demina,
1422 3574 1493 3637 4444,
1506 3585 1625 3625 0400040.

945 3693 1095 3771 iosephns
1122 3693 1254 3771 Scaliger
1285 3700 1316 3756 44
1349 3697 1457 3756 Petrus
1488 3694 1630 3756 Pithoeus

910 3787 1024 3848 ieetum
1037 3788 1144 3849 Poetae
1156 3789 1335 3866 antiquioris
1348 3803 1417 3851 esse
1431 3788 1634 3850 crediderunt.

906 3882 991 3944 Coei.
1014 3883 1149 3967 pluribus
1182 3883 1356 3964 Ernagiana
1389 3887 1460 3942 torn.
1482 3882 1533 3943 lll.

946 3977 1150 4051 PliSELiUS,
1168 3977 1339 4054 Episcopus
1353 3975 1567 4050 Caesariensis,
1586 3991 1635 4036 00-

907 4071 975 4131 0010
996 4074 1121 4145 4000440.
1142 4071 1247 4131 Serme
1271 4086 1350 4130 unus
1373 4070 1452 4131 illius
1477 4069 1634 4150 Fulgentie

908 4165 1000 4245 vulgo
1032 4168 1183 4240 tributus,
1217 4181 1272 4225 uec
1304 4182 1362 4225 nen
1393 4164 1552 4235 nilidae,
1580 4165 1632 4242 qui

907 4260 989 4322 hunc
1010 4261 1132 4321 titulum
1155 4261 1347 4338 praeierant:
1370 4261 1475 4320 Serme
1497 4257 1635 4335 6044400-

907 4355 1001 4418 terius
1021 4358 1125 4415 centra
1139 4371 1208 4424 ees,
1226 4353 1280 4434 qui
1294 4354 1326 4414 in
1336 4348 1551 4434 festivitatibus
1570 4365 1627 4426 per

905 4447 1074 4511 ebrt'etetrm
1110 4447 1203 4510 multu
1238 4447 1391 4512 inhoneste
1425 4442 1632 4512 committunt,

906 4549 934 4604 04
954 4544 985 4602 ia
1005 4533 1163 4606 audientiis
1184 4543 1285 4604 causis
1310 4557 1437 4602 munera
1468 4552 1560 4614 super
1588 4535 1634 4594 in-

906 4643 1055 4699 iterantem
1075 4639 1240 4720 accipiunt,
1262 4635 1412 4698 04040440
1435 4630 1543 4694 Codice
1569 4645 1636 4690 mu-

908 4733 1030 4792 nasterii
1048 4731 1293 4793 44044400004010
1311 4732 1412 4787 monte
1434 4726 1568 4801 vosago,
1587 4728 1631 4782 te

909 4832 956 4885 ste
974 4823 1086 4885 Theed.
1107 4825 1251 4886 Ruinarte
1273 4821 1301 4880 in
1324 4819 1434 4880 1440040
1450 4815 1579 4876 alsatiae
1599 4823 1630 4874 et

912 4919 1137 4998 lotharingico,
1156 4924 1230 4978 tem.
1247 4913 1433 4992 4110044004
1456 4907 1632 4988 posthume
