3368 5362
97 203 139 265 86
158 215 160 219 ’

95 307 247 371 Benedici.
270 288 405 368 Monachi
427 308 435 382 1
447 305 552 367 Domni
575 305 698 382 Caspari
717 307 819 367 Baret-

95 403 163 477 taa)
179 404 207 460 in
226 407 307 460 tomo
322 407 408 460 sexto
426 400 611 478 Scriptorum
629 398 732 458 ltaliae
753 398 819 458 the-

95 496 176 565 sauri
198 494 398 555 Muratoriani.

139 581 241 645 446646
259 580 490 651 4104464114Ηὸ,
505 597 597 660 supro
613 588 634 639 4.
657 580 685 640 4.
703 597 731 658 p.
751 580 819 639 433.

135 680 167 738 Β.
190 677 268 737 41044
288 672 366 753 apud
382 674 524 734 Vossium
539 691 606 752 pag.
624 675 693 733 580.
710 679 742 734 64
757 673 816 733 819

95 773 223 849 scriptor
248 768 329 841 Vitae
354 768 388 829 B.
419 764 527 827 Jacoli
547 765 584 826 66
600 765 759 841 Meuania,
779 765 817 825 de

95 880 154 943 quo
175 879 265 942 supra
286 870 361 920 tom.
384 862 431 921 tv.
455 878 519 939 pag.
533 860 603 920 498.
615 858 708 919 664644
725 860 819 919 4666-

94 955 148 1017 der
168 955 310 1017 hibertus
331 955 405 1014 libro
423 954 460 1012 66
476 953 553 1013 Viris
572 952 740 1014 illustribus
752 950 815 1010 ord.

93 1050 197 1111 Praed.
226 1049 376 1114 Bononiae
408 1046 567 1109 1547161.
591 1046 818 1125 66645516-

95 1150 214 1222 tegrum
247 1159 357 1202 nomeu
391 1137 638 1211 Bartholomaeus
673 1138 819 1199 1601474-

94 1236 201 1310 411448,
224 1235 339 1309 116166,
362 1231 459 1311 ejusd.
480 1232 621 1307 Ordinis,
639 1231 677 1291 66
694 1248 754 1310 quo
771 1233 819 1291 la-

95 1329 189 1389 cobus
206 1327 366 1389 Echardus
379 1333 450 1386 tom.
466 1327 495 1386 4.
511 1343 576 1405 pag.
596 1326 644 1385 86.
663 1325 713 1385 ubi
726 1326 815 1385 etiam

97 1421 256 1482 Orationes
276 1422 355 1482 iilius
377 1426 594 1480 memorantur.

134 1513 445 1576 uonlcnttcun‘sa
467 1513 636 1574 Chronicon
655 1513 721 1571 sive
738 1513 818 1572 4166-

96 1608 292 1687 rigniacensis
312 1607 482 1668 Monasterii
504 1607 533 1664 in
566 1605 695 1667 dioecesi
726 1606 814 1665 Seno

98 1701 185 1761 uensi
208 1700 235 1775 6)
252 1700 426 1760 auctoribus
441 1699 617 1760 THEULFO
632 1706 663 1759 et
677 1700 743 1759 aliis
760 1701 819 1759 416

94 1794 200 1855 uachis
220 1794 258 1855 ab
288 1810 368 1854 anno
390 1793 478 1854 4408.
491 1792 536 1880 ,ad
561 1791 649 1854 4147.
677 1793 761 1853 tibris
781 1793 818 1853 11.

93 1885 209 1948 editum
231 1890 260 1947 iu
292 1887 455 1957 Duchesnii
478 1892 498 1946 t.
522 1887 570 1946 lv.
594 1903 696 1946 rerum
729 1888 820 1946 Frau-

94 1997 154 2041 cor.
176 1998 240 2060 pag.
264 1981 332 2041 359.
356 1981 424 2040 389.

133 2072 151 2107 ¹*
165 2075 248 2134 Ilom.
263 2075 305 2132 De
328 2074 355 2132 16
376 2074 478 2133 Carne
493 2071 530 2132 de
557 2070 587 2129 S.
612 2071 719 2148 Palaye
740 2087 821 2131 com·

96 2167 279 2226 mentarium
302 2167 423 2243 scripsit
444 2166 473 2223 in
494 2162 575 2224 istud
592 2163 759 2225 chronicon
776 2166 821 2223 in-

96 2265 211 2319 sertum
235 2260 264 2319 iu
286 2275 333 2337 op.
354 2259 512 2319 Mernoires
542 2256 577 2316 de
606 2257 773 2319 literature.
798 2266 820 2317 t.

97 2354 160 2414 XV.
177 2355 277 2412 416664
300 2353 338 2412 464
363 2353 490 2412 lectores
510 2368 583 2412 suos
600 2369 659 2412 non
682 2354 756 2412 satis
773 2368 821 2412 66-

96 2449 200 2504 curate
222 2441 344 2502 inscribi
367 2444 397 2501 in
414 2441 502 2502 tituto
519 2441 688 2502 chronicon
706 2447 766 2501 etc.
783 2441 821 2501 ab

96 2535 153 2596 46.
175 2535 288 2597 Christi
309 2536 399 2598 4408.
416 2551 515 2612 usque
530 2535 630 2596 adan.
649 2535 738 2596 4447.
756 2537 821 2596 Nou

96 2632 177 2690 eninr
199 2630 311 2690 desinit
333 2631 362 2689 in
386 2627 485 2689 reditu
512 2626 654 2689 Ludovici
687 2627 821 2705 4414664

97 2725 240 2785 66664116
259 2738 404 2784 reversus
421 2728 483 2796 est,
500 2722 553 2783 sed
572 2722 700 2782 ulterius
716 2738 825 2781 excur-

98 2818 250 2893 ritusque
265 2815 302 2877 ad
316 2816 431 2875 obitum
446 2815 574 2874 Thevini
589 2815 715 2875 Abbatis
737 2816 823 2875 litori-

98 2912 287 2988 guiacensis,
309 2926 400 2987 quem
432 2908 511 2969 ultra
538 2909 702 2968 triennium
728 2908 821 2966 vitam

100 3020 278 3084 prorogasse
291 3002 400 3064 author
413 3002 622 3061 commentarii
639 3001 730 3062 huius
745 3000 822 3071 arbi-

100 3103 200 3159 tratus
220 3103 277 3158 est.

139 3188 448 3252 monthurt-nausis
460 3189 600 3252 Coenobii
610 3233 617 3262 ,
629 3187 701 3249 Ord.
713 3189 821 3250 Cistcr.

100 3286 116 3345 d
133 3284 329 3363 Papieosibus
345 3283 469 3343 desolati
488 3297 536 3342 aa.
553 3280 638 3343 4437.
660 3280 821 3341 Historiam

99 3393 116 3437 a
138 3376 310 3456 synchrono
331 3377 474 3455 scriptam
506 3374 600 3435 edidit
632 3374 778 3454 Ugheilus
801 3382 821 3434 t.

99 3471 148 3531 lV.
170 3470 219 3531 ubi
236 3469 516 3548 dehrchiepiscopo
527 3467 741 3528 Mediolanensi
752 3467 824 3528 Gui-

98 3563 188 3625 46166
208 3564 330 3624 liuzoiio
354 3581 421 3641 pag.
444 3563 513 3624 483.
537 3562 606 3622 496.

138 3659 267 3717 loannes
286 3653 585 3729 mouendarum,
606 3670 698 3731 supra
727 3660 758 3713 t..
776 3654 822 3714 tv.

99 3767 165 3828 pag.
188 3752 257 3812 391.
754 3791 758 3799 -

140 3842 250 3901 Daniel
270 3844 460 3904 MOBLAYE.
483 3851 554 3902 tam.
578 3843 614 3901 ll.
636 3858 701 3920 pag.
726 3842 793 3902 449.
834 3912 842 3918 ,

144 3933 269 3994 Thomas
285 3933 320 3995 66
339 3933 510 4010 tamuda,
528 3937 595 3996 sive
613 3936 757 4009 MORUS,
773 3937 826 3996 414-

103 4028 148 4089 166
168 4030 234 4088 sive
257 4028 366 4088 nobilis
397 4029 529 4107 Auglus,
551 4030 639 4090 cuius
670 4045 823 4089 commen-

108 4122 174 4180 tarii
192 4119 230 4179 de
251 4123 314 4180 vita
335 4128 366 4181 et
388 4138 461 4180 nece
482 4121 614 4182 Eduardi
636 4123 672 4182 14.
699 4120 824 4200 hugliao

146 4304 172 4366 6)
189 4303 375 4355 4666666666.
399 4308 469 4354 tom.
491 4308 531 4354 tv.
557 4307 651 4355 6611166
673 4308 829 4357 christianae

107 4392 167 4444 pag.
185 4378 240 4428 668.
257 4391 309 4440 seq.

677 193 1011 258 ttonanttttts

872 306 960 382 Regis
980 302 1017 363 ab
1039 300 1095 362 46.
1119 297 1208 363 4307.
1229 297 1265 358 66
1289 297 1381 360 4346.
1406 304 1531 358 exstant
1550 298 1587 356 in·

872 405 919 457 ter
935 397 1097 474 scriptores
1126 410 1228 454 rerum
1249 391 1485 470 Anglicaruma
1511 392 1589 451 Can·

871 491 969 551 bdeno
980 488 1078 548 editos
1092 487 1227 546 Francot.
1239 487 1328 546 4604.
1344 484 1395 545 161.
1410 484 1464 544 sed
1475 491 1589 544 exstant

871 601 909 644 ex
923 583 1018 647 veteri
1033 583 1137 641 Latina
1156 580 1295 639 versione
1327 577 1456 637 Walteri
1475 575 1587 650 Baleri,

871 693 942 738 nam
954 678 1054 736 hiorus
1066 674 1179 735 Gallice
1190 688 1249 732 non
1264 673 1371 732 Latine
1382 671 1516 748 scripsit.
1526 669 1590 730 Vide

871 769 1024 831 Oudinum
1041 776 1113 827 tom.
1129 769 1158 827 3.
1180 782 1245 844 pag.
1263 765 1333 826 799.
1356 769 1389 823 64
1413 763 1588 824 Guilelmum

871 864 991 925 Nichols
1019 865 1048 922 in
1075 859 1261 921 Bibliotheca
1288 859 1511 919 ilistoricorum
1537 856 1592 916 46·

871 958 947 1036 gliae
965 974 1031 1035 pag.
1049 955 1099 1014 79.
1117 969 1182 1032 seq.

911 1050 997 1111 41466
1027 1046 1152 1108 Thomas
1177 1043 1320 1118 ttOilUS,
1344 1050 1440 1103 66466
1476 1042 1591 1103 4666464

872 1142 931 1205 46.
955 1141 1041 1202 4480.
1064 1141 1115 1201 Vir
1129 1140 1248 1217 ingenio
1263 1143 1294 1198 et
1307 1137 1424 1197 meritis
1441 1148 1593 1215 praestans

872 1242 904 1296 64
931 1233 1136 1297 cancellarius
1155 1231 1297 1309 Angiiae,
1319 1237 1408 1290 notas
1429 1229 1470 1289 ob
1490 1244 1592 1289 666666

871 1330 961 1408 Regis
980 1327 1098 1389 hienrici
1116 1321 1192 1385 thl.
1207 1323 1298 1401 iussu
1313 1323 1414 1384 securi
1433 1337 1594 1401 percussus

739 1468 742 1473 -
872 1422 928 1483 46.
953 1422 1041 1482 4535.
1069 1419 1156 1478 66466
1186 1419 1280 1478 vitam
1311 1423 1433 1495 praeter
1462 1413 1593 1502 7466666

872 1513 1075 1595 Stapletonam
1108 1512 1135 1588 1))
1165 1509 1394 1588 4166666666
1431 1506 1594 1570 47666666

873 1607 956 1668 niam
982 1609 1008 1682 6)
1030 1606 1150 1684 scripsit
1181 1621 1274 1682 gener
1295 1600 1478 1665 ,6644646466
1511 1604 1595 1680 liope-

873 1717 946 1776 rru,
968 1699 996 1776 6)
1019 1700 1174 1777 vulgatam
1195 1700 1214 1758 6
1234 1697 1349 1761 Thomu
1367 1696 1594 1757 4166666066.

875 1793 962 1856 4746.
982 1794 1011 1852 8.
1028 1800 1059 1854 64
1080 1790 1205 1852 Thomas
1220 1792 1326 1851 Maras
1336 1789 1476 1868 abnepos
1489 1785 1516 1866 6)
1534 1792 1596 1866 past

874 1894 1027 1949 auctorem
1044 1887 1154 1946 ilornae
1171 1884 1227 1945 46.
1244 1884 1323 1945 4645
1348 1884 1524 1943 extinctum
1540 1880 1596 1941 edi·

874 1990 936 2043 tarn
958 1969 1052 2042 4666.
1068 1978 1155 2041 4647.
1178 1979 1205 2038 4.
1220 1985 1252 2038 64
1274 1993 1371 2055 nuper
1385 1977 1444 2037 46.
1468 1975 1554 2041 trra.
1570 1976 1595 2033 8.

875 2075 985 2135 ibidem
1003 2089 1141 2153 recusam
1155 2091 1162 2132 :
1176 2071 1287 2149 quihus
1303 2070 1373 2131 addi
1393 2076 1525 2150 possunt
1542 2070 1596 2129 46-

875 2176 940 2229 ctor
956 2165 1155 2245 expositionis
1174 2163 1327 2225 46614666
1353 2172 1454 2225 morte
1470 2165 1505 2224 D.
1526 2163 1598 2222 Tho·

875 2278 943 2322 mae
960 2261 1055 2334 Mori,
1078 2260 1104 2335 1)
1126 2265 1157 2320 64
1187 2258 1334 2337 Georgius
1364 2259 1462 2319 441466
1487 2258 1599 2319 Britan·

875 2370 935 2414 nus
955 2354 986 2431 g)
1008 2354 1036 2411 46
1058 2353 1129 2412 Mori
1146 2352 1261 2429 elogio:
1279 2349 1432 2411 Antonius
1450 2349 1555 2425 Wood‚
1571 2347 1596 2423 4)

875 2450 919 2507 46.
941 2446 1071 2508 lacobus
1092 2444 1291 2520 Boissardus,
1314 2445 1341 2519 4)
1372 2448 1501 2506 isaacus
1534 2445 1598 2504 Bul·

875 2540 971 2601 lartus
988 2539 1015 2612 4)
1033 2538 1191 2616 hdolphus
1208 2536 1414 2599 Clarnrundus
1426 2539 1458 2612 1)
1472 2554 1508 2598 66
1519 2553 1598 2615 prae-

877 2640 924 2694 ter
939 2635 1060 2694 lovium
1077 2632 1213 2709 aliosque
1228 2628 1466 2693 innumerabiles
1487 2633 1599 2693 Nicero

878 2743 937 2787 nus
955 2733 1026 2785 tom.
1044 2725 1138 2786 XXV.
1155 2725 1369 2785 memoriarum
1387 2724 1426 2785 66
1445 2725 1520 2784 viris
1536 2742 1599 2784 eru·

877 2818 1024 2898 ditispag.
1043 2818 1111 2879 446.
1129 2818 1227 2897 Opera
1244 2819 1317 2878 ttori
1333 2818 1425 2880 Basii.
1443 2819 1532 2880 1563.
1551 2819 1599 2877 to

875 2915 956 2974 vanii
977 2913 1064 2973 4566.
1082 2919 1114 2972 64
1130 2912 1295 2971 novissime
1313 2912 1508 2973 Fraucoturti
1527 2911 1598 2973 4689

877 3007 926 3067 161.
947 3006 1051 3066 464466
1080 3004 1276 3084 prodierunt,
1298 3003 1439 3065 Historia
1476 3003 1596 3066 Richar-

877 3099 910 3161 di
936 3100 994 3158 114.
1014 3098 1142 3178 angliae
1163 3100 1261 3176 Regis.
1289 3095 1337 3158 Aa
1364 3096 1531 3160 Latiarum
1554 3113 1596 3156 re-

875 3192 1164 3273 ematuruisse.
1189 3208 1241 3270 pro
1265 3193 1344 3269 Rege
1376 3193 1507 3253 14666466
1528 3193 1595 3253 4141.

877 3305 967 3365 quam
984 3288 1040 3348 sub
1063 3283 1206 3350 Guiletmi
1221 3283 1326 3346 4166664
1348 3288 1474 3346 nomine
1502 3285 1595 3346 66466

878 3388 933 3442 rat.
951 3379 1110 3460 Eoepositio
1124 3378 1277 3458 passionis
1290 3377 1434 3454 curisti,
1451 3381 1559 3457 scripto
1569 3381 1593 3437 in

878 3475 1014 3535 carcere.
1031 3471 1116 3550 Quod
1128 3490 1186 3553 pro
1199 3471 1257 3551 fide
1276 3489 1358 3532 mors
1382 3470 1528 3552 46946666
1545 3488 1593 3529 non

878 3567 927 3628 rit.
943 3563 1118 3645 imploratio
1136 3564 1239 3626 Diuini
1252 3563 1392 3639 66664144,
1401 3583 1442 3627 ex
1464 3565 1591 3627 Psalmis.

881 3659 984 3741 Utopia
1005 3663 1071 3719 sive
1099 3659 1136 3719 66
1169 3660 1291 3737 Optimo
1314 3659 1403 3737 Reip.
1427 3665 1511 3721 statu
1537 3659 1590 3719 lihri

878 3753 958 3828 dua,
977 3755 1076 3829 (toties
1103 3770 1208 3813 recusa
1227 3759 1259 3812 et
1284 3754 1314 3810 in
1338 3753 1414 3813 alias
1440 3769 1528 3813 versa
1547 3751 1590 3810 liu-

879 3864 971 3924 guas,
995 3846 1102 3908 utdiri
1125 3849 1155 3905 in
1181 3844 1400 3923 Bibliographia
1427 3844 1588 3922 Antiquaria

879 3957 943 4019 cap.
967 3942 1013 4002 44.
1033 3942 1061 4019 ᾖ.
1080 3941 1127 4002 46.
1146 3940 1194 4000 644
1213 3939 1250 3999 66
1268 3938 1334 3998 61446
1351 3938 1479 3998 aliorum
1497 3935 1587 3997 similis

879 4035 1048 4111 argumenti
1061 4043 1153 4111 atque
1165 4032 1447 4108 institutiscriptis.
1462 4030 1585 4091 Pocmoto

877 4126 1583 4207 4164464666466666664646666466664666666

878 4312 948 4361 troc.
966 4312 1017 4362 rur.
1034 4328 1059 4376 p.
1076 4312 1134 4362 466.
1250 4284 1254 4288 ’

920 4388 941 4450 t)
958 4390 1037 4437 rinc
1055 4387 1125 4438 666.
1137 4392 1162 4437 n
1179 4389 1206 4436 n
1218 4389 1247 4435 r.
1264 4387 1292 4436 c.
1309 4384 1382 4438 rua
1395 4388 1451 4434 ne.
1470 4376 1582 4444 66666

147 4454 174 4514 h)
191 4452 313 4504 tibrada
330 4454 411 4504 tribus
424 4453 526 4504 rhomts
538 4491 546 4515 ‚
558 4458 639 4505 446661
653 4455 722 4506 issa.
739 4456 828 4506 coion.
873 4465 910 4527 gn
927 4462 1022 4524 sylloge
1040 4461 1224 4525 opusculorum
1240 4472 1298 4524 pag.
1317 4458 1440 4510 ets-stt.

105 4530 176 4581 1499.
189 4529 259 4579 rura.
270 4529 293 4577 8.
303 4537 329 4579 et
341 4532 406 4579 inter
418 4529 558 4591 smptetoni
572 4542 650 4592 opera
659 4535 739 4582 Porta
755 4531 827 4581 1640.

100 4606 143 4658 161.
160 4614 185 4656 et
204 4610 263 4654 6646
279 4614 357 4666 opera
372 4605 482 4654 thomae
501 4607 572 4656 ttort.

147 4681 175 4742 c)
192 4677 272 4729 4666.
291 4677 360 4728 tana.

147 4756 173 4816 6)
196 4761 257 4805 tcta
273 4755 352 4804 44466.
371 4751 442 4804 1718.
460 4752 590 4816 666175.
611 4754 674 4803 aaut.
694 4757 827 4807 raisonuee

99 4844 127 4882 r.
142 4833 183 4882 vt.
200 4844 258 4894 pag.
274 4830 334 4881 170.

147 4907 172 4967 6)
189 4911 251 4958 tcta
266 4909 345 4960 44666.
363 4905 433 4956 tran
451 4915 509 4969 pag.
528 4903 568 4957 st.
585 4904 690 4958 Journal
711 4904 755 4956 des
771 4908 828 4956 sav.

919 4536 945 4598 g)
963 4536 1027 4586 ibid.
1047 4548 1105 4599 pag.
1120 4534 1241 4586 ass-2⁴2.
1258 4547 1289 4585 ex
1304 4535 1368 4585 6614.
1384 4532 1438 4582 Bal.
1457 4527 1522 4580 11471.
1535 4525 1553 4572 t.

920 4613 948 4673 h)
964 4614 1131 4673 4641664464.
1148 4613 1228 4661 oron.
1245 4614 1318 4658 tom.
1331 4609 1357 4658 4.
1376 4619 1435 4671 μαι.
1451 4605 1502 4656 dlii.
1527 4610 1566 4657 ttt·

918 4690 925 4737 t
942 4686 951 4745 )
970 4691 1032 4736 tom
1047 4687 1073 4733 t.
1090 4688 1168 4748 imag.
1185 4684 1227 4734 48.
1243 4695 1300 4748 pag.
1319 4682 1374 4732 mo.

922 4761 952 4820 4)
968 4766 1042 4810 torn.
1062 4760 1250 4811 4466666166
1267 4761 1398 4811 scientiar.
1416 4769 1441 4820 p.
1456 4753 1492 4804 15.

920 4833 950 4898 4)
967 4840 998 4887 t.
1012 4835 1036 4885 6.
1054 4838 1166 4886 vitarum
1184 4848 1210 4897 p.
1226 4834 1266 4884 64.
