3368 5362
143 171 201 232 338
292 176 296 186 ’

183 276 407 338 RADULVEUS
420 242 584 334 monachus
595 273 623 333 S.
638 274 771 352 Sepulcri
785 276 865 353 apud

147 371 379 432 Cameracenses
400 371 476 427 circa
506 384 522 426 0
565 367 652 426 1200.
675 369 795 445 scripsit
817 369 865 453 vei

145 467 337 544 interpolavit
371 465 464 522 Vitam
494 460 527 518 B.
561 457 703 520 lietberti
726 463 875 540 Episcopi

145 557 374 621 Cameracensis
395 563 426 614 et
447 553 662 615 atrebatensis.
680 554 781 614 Edidit
799 572 864 614 eam

144 662 175 715 et
192 650 433 714 annotationibus
444 645 609 709 ¹illustravit
623 648 696 708 God.
713 647 867 708 Hensobe-

71 766 76 776 ¹
144 750 213 807 nius
231 747 258 804 in
274 745 358 805 Actis
375 745 553 813 Sanctorum
569 749 591 801 t.
606 742 643 801 tv
658 742 737 800 lunii
757 759 784 818 p.
798 742 864 801 585.

183 837 406 898 RADULPHUS
429 835 660 907 camerimnus,
682 835 864 907 Germanus,

143 931 319 1000 Carmelus,
342 932 417 988 vixit
438 948 462 988 0,
489 930 577 989 1318.
601 928 722 1005 scripsit
742 924 868 1003 001100-

144 1041 221 1104 scop.
254 1020 504 1101 Salnburpensern
538 1019 721 1099 incivitate
744 1019 868 1078 Erisan-

143 1117 227 1177 000εὲ
245 1122 253 1192 1
265 1120 308 1176 sic
329 1125 393 1176 erat
423 1119 625 1194 impressum,
648 1114 723 1172 torte
752 1112 869 1172 Frisiu-

141 1210 245 1289 pensi)
266 1208 436 1289 defuturis
457 1205 629 1281 eventibus,
650 1212 680 1264 et
697 1207 763 1266 alia.
791 1208 868 1265 ilaec

146 1307 310 1364 Gesnerus.
334 1303 419 1364 Adde
441 1303 563 1363 Baleum
596 1303 683 1361 Ceut.
706 1302 739 1359 V.
762 1301 809 1360 12.
839 1301 867 1359 10

151 1396 289 1476 Append.
744 1402 748 1408 ’

188 1487 411 1550 annutritus
422 1487 528 1551 Caroli
544 1487 601 1549 loci
614 1487 788 1560 monachus,
799 1484 870 1545 Ord.

147 1583 375 1656 Cisterciensis,
397 1583 547 1643 Guiliolmi
580 1582 801 1660 Archiepiscopi
823 1581 870 1639 Bi-

142 1678 322 1750 turicensis,
345 1676 481 1752 ejusdem
506 1676 678 1736 monasterii
714 1672 866 1752 quondam

144 1768 288 1842 abbatis,
307 1771 422 1844 scriba,
440 1772 518 1830 circa
536 1771 664 1831 01210.
687 1769 813 1846 Scripsit
834 1767 870 1826 de

141 1862 234 1941 pestis
252 1861 389 1942 praesnti
406 1861 577 1937 Guilielrni,
607 1862 687 1941 quod
717 1865 745 1921 io
774 1877 869 1920 mem-

143 1956 245 2016 branis
257 1955 324 2033 ejus
338 1957 510 2015 monasterii
523 1961 617 2015 extat.
631 1957 697 2017 Car.
716 1955 752 2014 de
768 1953 867 2012 Viscb.

149 2050 223 2111 Bibl.
248 2050 434 2128 Scriptorum
463 2048 536 2129 Ord,
563 2048 773 2108 cisterciensis
804 2063 868 2124 pag.

143 2144 211 2204 282.
234 2143 274 2204 At
299 2160 370 2203 vero
398 2158 506 2200 nomen
537 2142 677 2219 Episcopi
705 2147 778 2199 tunc
805 2144 870 2197 erat

145 2220 297 2295 Girarrlus
327 2235 374 2294 vei
410 2233 586 2304 Giraurlus,
618 2233 744 2292 docente
772 2230 866 2291 Gallia

67 2370 71 2376 ·
147 2330 316 2390 Christiana
339 2337 360 2386 t.
382 2329 406 2388 11
430 2346 457 2406 p.
481 2329 529 2388 83.
550 2329 644 2406 igitur
665 2332 718 2386 aut
739 2340 867 2396 nomon,

143 2430 196 2481 aut
218 2439 286 2482 aera
309 2421 357 2480 bic
379 2427 427 2481 est
450 2421 605 2481 mutanda.

186 2515 410 2576 RADULPHUS
427 2514 614 2588 Cicestrius,
632 2533 668 2574 ex
688 2514 870 2590 Sudosaxiae

145 2610 290 2669 comitatu
312 2615 418 2679 uatus,
442 2608 607 2668 monachus
635 2610 869 2683 Dominicauus,

147 2703 223 2760 vixit
244 2718 269 2759 a.
293 2701 379 2760 1270.
402 2707 433 2759 01
454 2701 614 2778 descripsit
649 2700 742 2761 Vitam
768 2703 797 2761 S.
821 2699 870 2758 ni·

149 2790 238 2849 cardi
256 2791 399 2870 Episcopi
432 2792 653 2866 cicestriensis,
675 2793 763 2869 cujus
794 2794 871 2854 Con-

145 2884 240 2942 iessor
272 2885 377 2943 iuerat.
411 2885 471 2943 Nic.
499 2887 640 2945 Trivetus
666 2883 703 2944 ad
725 2902 751 2944 a.
782 2885 870 2945 1252.

146 2976 300 3037 Gesusrus
321 2983 352 3035 et
373 2977 522 3037 L'clandus
540 2994 566 3037 0.
588 2979 656 3037 260.
792 3020 795 3024 .

183 3069 406 3130 RADULPHUS
424 3069 613 3148 Coppesitale.
626 3070 697 3130 Vide
712 3064 804 3150 supra
821 3073 869 3132 lib.

146 3164 196 3222 itt.
219 3181 246 3240 p.
282 3163 350 3223 308.
377 3168 413 3220 'et
433 3171 500 3240 post
516 3164 650 3223 caveum
670 3182 698 3242 p.
716 3165 787 3225 027.
812 3164 872 3225 110-

143 3255 182 3316 00
193 3257 371 3334 sequentia:
389 3256 468 3315 Ante
479 3256 656 3334 dignitatem
671 3259 795 3319 abbatis
808 3277 870 3319 mo-

144 3353 268 3413 nasterii
283 3350 532 3429 Coggcsbaicnsis
545 3351 715 3412 Canonious
726 3360 790 3413 erat
802 3355 871 3412 Bar-

144 3446 336 3520 nevarensis,
353 3451 385 3504 et
410 3445 439 3501 in
459 3446 580 3505 Terram
608 3446 748 3505 Sanctam
776 3447 872 3524 proie-

146 3547 215 3599 ctus
237 3539 357 3616 scripsit
384 3554 461 3614 quae
492 3537 567 3596 vidit
591 3546 622 3597 et
648 3538 774 3603 audivit.
794 3537 868 3615 Ejus

149 3632 316 3694 Ciroriicon
341 3632 451 3691 Terrae
475 3633 602 3690 Sanctae
631 3632 650 3691 i.
678 3629 806 3692 Libellus
831 3630 867 3692 de

147 3724 367 3803 ecpupuatione
387 3725 496 3784 Territa
513 3725 642 3784 Sanctae
663 3723 762 3784 editus
783 3732 831 3784 est
852 3742 868 3783 a

145 3820 279 3877 Martene
294 3826 325 3877 ct
342 3817 463 3878 Duraud
491 3819 613 3878 Collect.
630 3818 764 3895 ampliss.
790 3825 811 3877 t.
836 3820 869 3877 V.

146 3926 175 3984 p.
192 3910 260 3969 503.
280 3910 447 3970 Chronicon
461 3909 658 3989 Anpiicanune
683 3913 720 3972 ab
737 3929 765 3971 a.
783 3913 869 3972 1066.

152 4001 239 4058 1200.
257 4003 293 4060 ab
312 4003 416 4061 iisdem
440 4021 467 4080 p.
493 4006 559 4066 801.
578 4009 625 4066 001
649 4024 715 4083 pag.
734 4003 801 4066 87l.
820 4022 870 4065 su-

151 4091 305 4170 bjungitur
326 4092 455 4153 Libellus
481 4095 516 4154 de
544 4096 672 4158 motibus
699 4095 871 4175 Anplr'canis

54 4208 57 4212 ·
149 4182 205 4245 sub
219 4183 351 4242 iohanne
366 4189 449 4262 Repe.

189 4277 414 4337 annutritus
435 4278 639 4360 Coleburpus‚
657 4245 872 4363 0103100001-

150 4390 233 4432 mum
255 4368 382 4446 (laonii,
404 4376 472 4446 post
503 4366 622 4434 Parisiis
648 4379 767 4450 iloruit,
794 4380 873 4435 inter

61 4501 63 4505 ·
150 4465 363 4525 Franciscanos
388 4463 546 4523 Sacrorum
576 4466 727 4529 literarum
758 4471 873 4529 Praele-

151 4566 216 4619 0100
233 4566 263 4616 01
281 4557 432 4616 Professor
449 4556 515 4615 init.
532 4556 573 4616 De
589 4562 709 4636 scriptis
729 4561 796 4640 ejus
821 4561 869 4621 ad-

153 4651 212 4711 buc
232 4667 289 4709 nou
307 4656 435 4709 constat.
462 4647 535 4709 Vide
565 4651 727 4713 Lelaodum
753 4671 779 4713 0.
805 4653 872 4714 250.

196 4850 221 4898 0)
238 4848 328 4896 Cantor
344 4848 385 4897 tric
401 4848 495 4910 ughelli
515 4850 612 4899 italiam
634 4862 731 4898 sacram
759 4855 874 4926 1001111

714 152 1065 229 ’0100000100

919 276 1051 335 Pitscum
1071 274 1098 332 iu
1117 272 1252 353 Append.
1269 291 1295 335 0.
1315 272 1363 335 70.
1381 275 1506 336 11010000
1522 277 1630 338 dentur.

959 461 1181 522 RADULPHUS
1198 460 1233 522 de
1251 460 1422 539 Columna,
1449 482 1558 526 nomen
1571 483 1587 527 a
1600 468 1634 525 vi-

919 571 954 614 οο
974 552 1150 616 Coioumelle
1168 558 1298 635 regionis
1310 558 1515 618 carnotensis
1530 559 1636 634 habeus,

919 648 1089 709 Canonicus
1107 650 1320 723 carnotensis,
1343 651 1424 709 vixit
1452 668 1480 710 0.
1507 653 1590 715 1200.
1610 660 1635 712 01

921 744 1041 818 scripsit
1056 741 1093 801 ad
1112 743 1304 803 Lambertum
1318 741 1358 802 de
1379 745 1517 805 Castalio
1536 745 1638 806 Tracta

922 839 984 894 tum
1006 833 1041 894 de
1059 834 1253 895 translatione
1280 835 1413 916 Imperii
1425 854 1447 895 a
1465 837 1589 899 Graecia
1608 839 1640 898 00

922 926 1062 998 Latinos,
1077 929 1128 1006 qui
1147 926 1246 989 exstat
1264 929 1292 988 in
1312 929 1502 990 collectione
1519 931 1638 992 Schardii

923 1022 961 1082 00
999 1021 1210 1082 iurisdictione
1241 1024 1361 1100 imperii
1406 1025 1495 1083 Rom.
1526 1030 1557 1082 et
1578 1025 1639 1103 apud

923 1114 1100 1174 Goidastum
1116 1114 1153 1174 de
1169 1115 1339 1176 Monarchia
1356 1117 1389 1177 S.
1408 1117 1639 1194 imperitanti

924 1225 950 1284 p.
969 1209 1016 1266 88.
1035 1209 1067 1267 10
1096 1209 1146 1268 1110
1173 1209 1343 1269 chronicon
1362 1212 1487 1270 Martini
1507 1211 1640 1270 Potonici·

924 1308 1024 1374 tatur,
1043 1319 1134 1378 quem
1154 1301 1271 1362 Auctor
1287 1300 1481 1381 Episcopum
1511 1303 1639 1364 comenti-

923 1410 997 1453 num
1015 1397 1041 1461 01
1064 1401 1171 1468 vocat,
1188 1389 1267 1472 quo'd
1286 1402 1360 1455 aute
1376 1412 1395 1455 a
1415 1399 1541 1456 nemine
1558 1398 1638 1456 obser-

924 1494 1033 1547 vatum
1048 1486 1139 1546 docet
1155 1487 1200 1546 lo.
1220 1489 1307 1546 Liron
1325 1490 1353 1547 in
1375 1489 1453 1549 Bibl.
1484 1488 1638 1549 Carnotrnsi

924 1599 951 1659 p.
971 1581 1037 1640 120.
1068 1580 1153 1639 Adde
1183 1582 1342 1656 Caecum,
1361 1584 1552 1661 Dupinium,
1568 1581 1639 1642 0001-

928 1691 1009 1733 num.
1028 1673 1085 1733 Atti
1104 1675 1279 1734 Tractatum
1301 1675 1456 1737 landulfo
1479 1677 1579 1753 Sagaci
1600 1675 1637 1733 tri·

923 1768 1032 1842 bunut,
1044 1767 1081 1827 de
1098 1784 1158 1845 quo
1175 1770 1283 1829 Noster
1300 1784 1398 1846 supra
1417 1776 1441 1828 tr
1457 1770 1509 1830 111.
1526 1787 1553 1849 p.
1564 1768 1605 1829 51.

964 1864 1032 1936 (283
1047 1863 1142 1921 Prima
1161 1861 1250 1921 editio
1275 1863 1306 1920 in
1333 1862 1397 1921 vol.
1419 1862 1529 1923 Aleiati
1546 1863 1580 1923 de
1593 1863 1637 1922 ior·

925 1956 1014 2022 mulis
1034 1958 1156 2016 1100001
1175 1956 1305 2034 imperii,
1319 1955 1635 2018 Dantisdetiouarchia

923 2055 980 2108 etc.
1005 2050 1142 2110 Basileac
1162 2049 1250 2110 1550.
1266 2048 1306 2125 8.)

968 2141 1167 2204 RADVLPUS
1199 2141 1234 2203 00
1265 2142 1392 2218 Diceto,
1421 2144 1560 2223 Augus,
1584 2147 1636 2221 post

923 2243 1094 2313 peragratas
1115 2236 1217 2313 plures
1234 2237 1376 2314 Europae
1396 2237 1573 2298 Academias
1590 2235 1632 2295 10-

922 2328 1117 2389 cbidiacoous
1135 2329 1360 2403 blandinensis,
1379 2338 1413 2390 et
1435 2347 1463 2391 a.
1489 2330 1570 2391 1280
1588 2330 1631 2388 ue

921 2439 1017 2481 canus
1038 2422 1208 2496 Paultinus,
1224 2422 1353 2500 Scripsit
1373 2426 1537 2501 sequentis
1550 2466 1556 2497 ,
1571 2437 1632 2500 quae

924 2513 1003 2574 edita
1025 2522 1118 2576 suut:
1188 2546 1192 2553 ·

965 2609 992 2668 1.
1007 2607 1143 2668 Historia
1160 2607 1374 2686 compendiosa
1390 2609 1428 2670 dc
1447 2607 1572 2689 [tepidus
1585 2607 1637 2667 nri

924 2705 1044 2774 tonum,
1067 2702 1220 2780 usquead
1243 2718 1303 2761 sec.
1327 2701 1395 2763 1111.
1419 2704 1531 2764 Exstat
1548 2702 1632 2764 1000-

925 2792 961 2851 101
984 2795 1077 2871 Scrip.
1097 2812 1197 2855 rerum
1215 2797 1287 2854 Brit.
1307 2797 1424 2857 tout-1.
1442 2815 1472 2874 p.
1489 2800 1554 2859 553.

905 2954 908 2961 ,
967 2887 995 2946 2.
1025 2884 1269 2947 abbreviationis
1296 2887 1637 2962 carnotenensis.

926 2979 995 3039 589.
1029 2979 1066 3040 00
1097 2981 1184 3041 titt.
1210 2981 1290 3060 apud
1320 2983 1542 3060 Twysdruum
1571 2980 1637 3044 Sl·

925 3072 1012 3150 Angl.
1038 3092 1066 3150 p.
1083 3074 1149 3133 120.

966 3169 993 3226 3.
1012 3166 1161 3244 Irnapines
1179 3167 1415 3242 Historiarum,
1432 3177 1485 3231 est
1502 3172 1636 3230 continua·

928 3260 970 3317 tio
1000 3264 1164 3337 superioris
1195 3261 1302 3338 Operis
1335 3262 1376 3321 ab
1407 3279 1436 3325 0.
1476 3262 1636 3326 itta-tlte.

929 3352 1006 3430 apud
1028 3353 1159 3413 eundem
1184 3374 1211 3432 p,
1233 3355 1302 3414 525.

968 3446 994 3504 1.
1012 3445 1112 3505 Series
1129 3464 1257 3506 cartesae
1272 3447 1352 3507 inter
1369 3451 1543 3517 Henricurn
1556 3453 1640 3526 110000

928 3543 958 3597 01
973 3536 1110 3598 10000000
1120 3538 1389 3622 archiepiscopum
1404 3544 1637 3606 annuncianes

928 3632 970 3692 ab
987 3649 1012 3691 a.
1036 3633 1218 3695 1162-1172.
1242 3634 1312 3694 ibid.
1332 3654 1359 3713 p.
1384 3637 1460 3699 711.

966 3727 993 3784 5.
1016 3723 1169 3787 1000100100
1183 3726 1218 3787 00
1235 3729 1431 3801 successione
1449 3729 1636 3809 arenauno-

925 3834 1034 3898 porum
1054 3816 1339 3895 Cantuariensinm‚
1358 3829 1391 3882 et
1410 3842 1431 3883 a
1455 3822 1566 3905 quibus
1581 3821 1640 3901 ap

928 3908 1039 3969 stolicis
1055 3910 1153 3989 pallia
1171 3922 1379 3992 susceperunt.
1404 3919 1455 3978 Ex
1476 3915 1637 3979 membranis

926 4003 1139 4064 Lambethanis
1160 4005 1254 4064 edidit
1276 4009 1366 4067 11000.
1386 4009 1577 4071 Whartonus
1591 4006 1637 4068 An·

926 4096 1002 4175 giiae
1034 4114 1137 4158 sacrae
1160 4107 1230 4158 tom.
1255 4103 1281 4161 1.
1305 4119 1333 4178 p.
1357 4103 1408 4163 87.
1432 4103 1515 4164 Sunt
1540 4108 1636 4164 tantum

926 4188 1080 4270 Eccerpta
1097 4208 1139 4251 eac
1160 4193 1298 4253 Historia
1319 4194 1356 4255 dc
1379 4191 1638 4259 Praesnlibnsdt·

924 4279 1004 4360 pliue
1019 4327 1026 4356 ‚
1044 4301 1134 4360 quam
1152 4303 1169 4345 a
1187 4287 1217 4346 S.
1235 4288 1402 4368 Augustini
1415 4291 1555 4351 adventu
1570 4300 1636 4347 erar

927 4390 999 4448 sus,
1032 4377 1069 4436 00
1112 4381 1237 4439 1000010
1273 4383 1363 4460 Regis
1399 4386 1637 4443 coronationem.

927 4469 995 4544 (cui
1019 4471 1081 4547 ipse
1102 4490 1128 4532 0.
1149 4475 1236 4534 1100.
1257 4475 1424 4551 interluit)
1445 4468 1636 4537 deduxistis

925 4570 1024 4622 exstat
1046 4567 1075 4623 in
1093 4566 1166 4625 bibi.
1180 4566 1392 4629 Noriotkianae
1410 4570 1521 4631 Codice
1536 4563 1634 4630 CCXX·

928 4655 1008 4734 Opus
1036 4661 1153 4733 100000,
1185 4663 1227 4721 011
1250 4661 1444 4725 111ὴο010000
1474 4660 1634 4742 praefatione

924 4866 982 4916 pag,
999 4855 1055 4904 818.
