3368 5362
158 201 216 261 312
781 193 1028 257 PONTIUS

152 306 283 368 senhvrn
301 351 308 381 ,
329 302 540 380 lleidelbergae
562 301 641 379 apud
665 303 741 362 44444.
764 304 872 364 Come·
927 303 1005 363 rium
1041 301 1074 362 4.
1095 301 1142 363 44.
1173 302 1256 381 Sept.
1277 309 1309 363 et
1339 304 1485 382 operibus
1519 308 1650 384 Cypriani

152 402 246 461 linum
283 397 373 459 4387.
406 397 455 455 444.
491 394 616 455 Londini
650 397 739 456 4583.
771 397 798 455 8.
833 414 868 456 ex
926 395 1046 475 adjungi
1062 396 1148 456 solet.
1171 395 1283 457 Confer
1297 397 1376 458 Acta
1398 399 1457 460 SS.
1475 398 1574 460 blartii
1590 407 1651 461 tom.

152 496 328 571 recensipne
351 493 422 550 Dav.
445 488 569 549 Porelii..
928 488 951 548 l.
973 509 1003 568 p.
1024 489 1094 550 730.
1115 490 1251 551 0444444
1269 497 1301 551 44
1322 491 1408 552 41444.

192 587 220 647 0.
241 586 375 646 Prosaica
393 582 435 641 De
452 579 642 641 admirandis
662 582 785 642 secretis
801 580 866 644 Cal·
968 582 1134 645 PONTIUS
1148 580 1183 642 de
1195 581 1351 644 baladuno
1363 587 1491 664 scripsit
1507 585 1654 649 4444444444

150 679 287 758 lopismi:
309 678 348 736 Dc
368 671 536 734 nominibus
557 673 728 753 corruptis:
753 675 871 734 Oratio-
927 677 1135 750 Francorum,
1157 676 1212 755 qui
1231 682 1379 756 ceperunt
1393 679 1582 740 Jerusalem.
1602 683 1653 742 us

149 789 201 840 nes
234 766 379 850 funebres
400 779 428 829 et
451 765 620 846 nuptiales:
645 768 808 829 Commeat.
841 767 872 828 iu
928 771 958 828 in
980 768 1057 829 Eibi.
1077 770 1168 848 Regia
1191 771 1337 831 Parisios.
1354 774 1451 832 Bern.
1468 773 1508 833 44
1522 776 1654 835 bientiae

149 863 317 944 sphaeram
338 863 383 920 44.
405 860 440 920 de
456 858 659 922 Sucrobosco:
679 862 720 920 De
738 865 805 920 arte
827 859 872 919 di·
933 879 988 923 con
1011 863 1086 922 bibl.
1107 861 1364 926 bibliothecarum
1387 867 1466 926 NSt.
1489 884 1558 946 pag.
1580 868 1653 928 4043.

147 955 294 1018 4444444444
311 955 505 1033 avitiquoram
529 951 603 1013 libri
619 954 692 1015 XVI.
715 955 755 1014 De
777 955 885 1027 Fato:¹
968 955 1133 1017 PONTIUS
1148 954 1185 1014 de
1198 953 1352 1033 dalmata,
1371 959 1532 1019 Ecclesiae
1551 959 1654 1038 Lugdu

149 1049 336 1110 invectivae:
356 1046 724 1126 Dialopasodllobertum
746 1046 872 1108 Malate—
929 1051 1034 1109 nensis
1055 1050 1215 1126 Magister,
1239 1050 1501 1114 Poeniteutiarius
1522 1054 1655 1114 440444

145 1149 244 1205 stanu
275 1143 322 1203 hic
352 1144 520 1220 impressus
543 1143 572 1200 in
598 1142 657 1202 444
680 1142 754 1201 haec
777 1141 870 1202 verba
927 1145 1033 1218 44444,
1051 1153 1078 1202 4.
1099 1141 1187 1202 4446.
1208 1140 1383 1204 Cartusiam
1404 1147 1653 1222 Majoreviiuuda

58 1288 62 1293 .
145 1237 298 1298 ostendit:
331 1234 386 1295 Ena
418 1232 527 1314 libeqio
551 1234 698 1314 Liquetico
732 1233 871 1295 Ponticus
927 1237 995 1309 vit,
1017 1242 1088 1314 post
1110 1251 1136 1295 a.
1160 1234 1248 1295 4440.
1271 1235 1449 1316 Episcopus
1473 1240 1653 1312 bellicensis,

147 1329 291 1390 Veranius
322 1328 459 1408 impensa
494 1335 522 1390 et
555 1327 774 1389 torcularibus.
795 1328 869 1389 suis.
926 1336 997 1389 ante
1032 1345 1107 1388 vero
1129 1334 1160 1387 et
1181 1334 1249 1405 post
1271 1329 1405 1390 insulam
1430 1331 1545 1393 ibidem
1566 1350 1652 1393 mona·

148 1424 236 1486 4308.
258 1425 285 1483 4.
306 1422 472 1501 Respondit
493 1439 613 1501 quoque
635 1420 794 1482 Plinianae
822 1420 871 1481 de·
926 1425 1018 1484 chus:
1042 1422 1168 1500 scripsit
1189 1418 1225 1479 44
1251 1422 1457 1500 aeternitate,
1479 1424 1516 1486 de
1536 1425 1651 1487 44444444

141 1519 269 1600 [ansioni
299 1519 466 1596 Pandulpbi
492 1517 671 1593 Collenutii,
691 1525 798 1577 contra
823 1518 871 1578 Ni·
925 1514 1199 1587 schismaticis,dc
1213 1531 1291 1593 poce
1317 1513 1529 1595 concilianda,
1546 1519 1580 1579 de
1598 1536 1653 1578 con·

143 1613 217 1675 44444
236 1615 393 1675 Leoniceni
422 1619 453 1671 et
473 1613 601 1673 aliorum
621 1611 803 1673 Medicorum
824 1628 872 1671 er·
927 1614 1018 1669 temtu
1050 1607 1194 1668 4444444444
1228 1605 1331 1669 seculi.
1365 1611 1437 1671 Car.
1462 1611 1525 1672 los.
1553 1613 1649 1673 44444444

145 1724 231 1768 rores
262 1725 290 1768 a.
317 1708 417 1783 4494,
439 1705 519 1784 quod
551 1713 684 1767 testatur
716 1705 871 1766 Fabricius
927 1703 1093 1764 Theatrum
1108 1701 1247 1762 Chronol.
1266 1701 1384 1764 ord-inis
1401 1705 1577 1767 cartusiam
1596 1722 1648 1784 pag.

144 1807 248 1860 noster
279 1807 350 1859 tom.
384 1801 406 1860 4.
441 1817 507 1879 pag.
540 1799 610 1859 309.
642 1800 693 1876 qui
726 1813 871 1877 expresse
926 1796 1070 1857 70230.

145 1892 361 1953 Bellunensem
383 1899 483 1952 44444.
968 1891 1129 1952 PONTIUS
1138 1888 1358 1968 carbonellus,
1378 1893 1453 1953 vide
1464 1910 1557 1973 supra
1569 1895 1647 1954 tomi

187 1985 215 2044 7.
240 1985 369 2044 Poetica.
389 1983 434 2044 lle
454 1983 580 2042 miseria
592 1981 751 2043 literarum
768 1979 817 2041 lib.
831 1982 871 2040 ll.
927 2000 956 2062 p.
978 1984 1045 2043 308.
1064 1990 1095 2044 44
1111 1982 1210 2060 4444,
1231 2002 1309 2061 quae
1327 1983 1367 2045 de
1386 1988 1455 2065 ipso
1474 1986 1585 2048 babent
1598 1989 1646 2049 iiic.

149 2077 323 2156 Elcpiarum
345 2082 373 2135 et
388 2077 649 2154 Epiprarnmatum
660 2093 709 2154 pr.
731 2075 782 2136 lai.
801 2073 873 2138 libri
926 2076 1090 2138 Antonium
1105 2077 1180 2137 Bibl.
1196 2078 1277 2155 Hisp.
1294 2079 1647 2145 Vet.v111.n.2tt.wu-

147 2169 358 2250 lV.Epistoloe
373 2167 871 2245 44444444444444444444444444.
928 2169 970 2229 444
991 2170 1020 2229 44
1043 2168 1171 2230 Athenis
1193 2170 1322 2232 sodalitii
1341 2175 1539 2235 Franciscaoi
1555 2173 1646 2254 4344.

185 2265 339 2323 Debentur
362 2263 435 2322 haec
456 2265 556 2322 omnia
576 2263 675 2323 biario
693 2262 794 2322 italico
815 2263 873 2321 444-
968 2263 1149 2337 PONTIUS,
1165 2281 1203 2323 ex
1220 2263 1369 2326 monacho
1387 2263 1583 2328 cisterciensi
1601 2266 1645 2327 Ab

146 2362 217 2416 ueto
234 2362 315 2416 tomo
332 2357 441 2416 xxiv.
460 2372 525 2434 pag.
544 2357 612 2417 335.
631 2373 717 2435 seqq.
728 2357 775 2417 oui
794 2353 871 2416 4444
928 2357 981 2417 bas
1003 2359 1135 2434 primum
1156 2354 1408 2432 Grandissilvue‚
1432 2367 1542 2437 postea
1561 2358 1645 2420 Clarae

145 2449 309 2510 Simlerum
344 2455 376 2508 et
407 2446 565 2508 Wbartoni
597 2449 804 2528 Appendicem
833 2446 871 2507 ad
929 2447 1176 2524 valiis,tandem
1193 2449 1366 2528 Episcopus
1387 2449 1643 2523 claromontanus,

145 2542 291 2603 Caveum.
323 2542 502 2603 Niceronum
526 2550 607 2603 tomo
629 2543 705 2604 VIII.
728 2561 794 2623 pag.
823 2541 873 2601 23.
929 2544 1008 2603 44444
1041 2561 1067 2603 4.
1091 2541 1180 2603 4472.
1201 2543 1273 2602 obiit
1296 2550 1365 2621 post
1389 2561 1420 2604 a.
1443 2546 1535 2608 4497.
1556 2548 1642 2608 Exstat

141 2635 349 2716 Appendicem
374 2636 556 2713 Trithemii,
578 2655 603 2697 o.
627 2641 673 2699 44.
929 2633 996 2712 ejus
1016 2633 1151 2715 Epistola
1172 2635 1312 2695 notabilis
1325 2634 1373 2696 ad
1394 2639 1572 2702 4444444444]
1590 2640 1642 2717 Epi·

180 2730 196 2766 ·
217 2731 263 2790 Ex
285 2729 369 2788 libris
392 2731 448 2787 viri
466 2728 557 2790 huius
577 2729 655 2790 docti
672 2731 767 2791 habeo
785 2729 864 2808 apud
922 2743 1048 2806 scopum
1071 2729 1295 2802 Parisiensem,
1317 2729 1400 2789 inter
1423 2731 1577 2810 Epistolas
1592 2736 1640 2793 Ste

141 2841 191 2884 me
222 2825 377 2883 omissum¹
400 2821 448 2882 bic
480 2839 497 2881 4
529 2823 755 2884 bibliothecario
778 2821 867 2883 liba·
920 2818 1011 2897 phaoi
1027 2821 1227 2880 Tornacensis
1242 2822 1491 2885 numerabitur
1506 2824 1544 2887 de
1561 2824 1640 2888 Visch.

139 2916 222 2976 nium
254 2915 290 2976 de
316 2914 401 2975 morlo
424 2913 624 2993 epistolanili‚
643 2934 681 2976 ex
704 2917 819 2977 Graeco
841 2936 870 2978 in
920 2912 995 2973 bibl.
1018 2913 1089 2975 044.
1114 2915 1332 2976 cisterciensis
1354 2932 1403 2994 po.
1427 2915 1500 2979 284.

141 3011 269 3072 latinum
288 3027 342 3089 per
359 3009 648 3070 excellentissimum
665 3012 764 3071 virum
782 3012 865 3071 Dom.
960 3005 1144 3081 PONTIUS,
1181 3007 1285 3067 Abbas
1316 3006 1355 3068 de
1386 3010 1548 3089 blelgueil,
1577 3011 1638 3072 filius

140 3106 296 3165 Ponticum
329 3104 509 3171 Virunium,
543 3105 727 3181 impressum
756 3106 865 3182 Papiae
919 3099 999 3158 Petri
1016 3101 1225 3179 berguliensis
1238 3102 1364 3163 Comitis
1377 3102 1638 3181 ctanncemtsnb

139 3214 192 3274 per
212 3196 302 3256 laceb
319 3195 357 3256 de
372 3200 476 3275 paucis
491 3195 592 3274 drapis
607 3196 645 3256 44
664 3200 761 3275 Burgo
774 3199 865 3258 Fran·
918 3207 998 3250 auno
1032 3194 1220 3254 4409-4423.
1244 3196 1328 3256 Duae
1361 3196 1433 3275 ejus
1455 3201 1637 3280 Epistolaeet

138 3306 174 3350 oo
194 3306 242 3349 an.
266 3291 341 3350 4504
364 3286 413 3350 444
448 3292 494 3350 ts.
517 3291 613 3351 4444444
637 3291 665 3347 44
689 3289 719 3349 lo.
747 3291 865 3352 versio
918 3286 1039 3346 scania
1059 3287 1154 3348 edidit
1176 3290 1319 3351 baluzius
1338 3293 1467 3355 bliscell.
1491 3296 1542 3357 lib.
1560 3298 1601 3358 ill.
1616 3312 1636 3372 p·

137 3383 185 3442 nis
205 3382 296 3444 buius
318 3385 456 3443 meminit
477 3384 673 3456 Niceronius,
692 3381 745 3441 sed
769 3383 865 3443 44444-
920 3379 987 3438 497.
1010 3381 1084 3440 Vide
1108 3380 1146 3441 de
1169 3384 1233 3461 ipso
1255 3383 1383 3445 Galliam
1408 3386 1636 3451 Christianamt

139 3482 186 3536 444
207 3476 347 3535 editionis
368 3476 402 3535 A.
429 3476 516 3536 4623.
539 3491 631 3553 quam
654 3492 728 3534 vero
747 3475 795 3536 hic
809 3494 864 3553 ego
920 3474 970 3535 IV.
992 3493 1020 3552 p.
1040 3475 1130 3535 4434.

27 3594 32 3603 ·
138 3552 267 3628 indicavi
291 3569 419 3647 priorem
447 3585 515 3628 esse
548 3573 669 3628 constat
690 3567 778 3628 4444)
799 3570 863 3647 ipso
958 3568 1634 3650 PONNUS,Abbass.uufiinGa11to,ore

136 3670 258 3722 auctore
280 3662 470 3724 curatam*
918 3677 945 3720 a.
980 3660 1070 3723 4424.
1101 3665 1224 3742 scripsit
1255 3663 1426 3742 Epistulam
1448 3669 1488 3729 ad
1510 3670 1633 3732 Abbateu

177 3754 492 3817 PONTlNlACENSlS
510 3755 685 3815 monasterii
699 3798 705 3827 ‚
717 3753 864 3815 dioecesis
918 3759 949 3812 et
965 3760 1155 3815 conventum
1175 3757 1479 3837 Balmosiacensem,
1498 3764 1529 3824 in
1542 3778 1595 3840 qua
1607 3756 1632 3820 44

136 3846 407 3908 Autissiodorensis
420 3894 426 3921 ,
441 3850 568 3909 Historia
579 3847 660 3908 edita
675 3855 723 3908 est
740 3850 770 3907 in
787 3848 863 3908 The·
917 3848 1112 3922 quaestiones
1139 3848 1177 3908 ab
1199 3851 1274 3927 ipsis
1296 3855 1470 3929 propositas
1494 3851 1632 3934 respondet

135 3957 222 3999 sauro
241 3958 317 4000 novo
334 3940 557 4003 Anecdotorum
574 3942 662 4002 Edm.
682 3944 816 4002 Martene
830 3948 862 4000 et
922 3938 959 3998 de
971 3940 1146 4016 quotidiano
1162 3941 1277 4018 jeiunio
1290 3987 1297 4016 ,
1308 3942 1347 4003 de
1362 3945 1486 4007 silentio
1503 3951 1631 4015 contiuuo,

135 4032 235 4092 Ursini
256 4033 376 4092 Durand
400 4041 481 4094 tomo
503 4034 554 4095 444.
578 4054 607 4113 p.
631 4036 720 4096 4224.
918 4030 955 4092 44
978 4034 1038 4092 4444
1056 4033 1257 4108 abstinentia,
1279 4034 1378 4113 deque
1396 4037 1498 4100 laneis
1516 4037 1630 4101 vestibus

176 4127 214 4185 44.
227 4125 389 4186 PONTIUS
402 4126 440 4185 44
455 4130 486 4188 8.
505 4128 623 4207 rupiaco
637 4174 643 4202 ,
656 4130 756 4189 nescio
774 4130 862 4206 quis,
917 4122 1151 4199 Canonicorum,
1164 4128 1298 4211 coerrobii
1310 4128 1577 4194 dalmasiacensis·
1588 4132 1631 4192 Ex·

135 4218 188 4281 sed
223 4219 407 4296 professione
440 4220 587 4294 Medicus,
620 4224 708 4283 cuius
741 4221 862 4281 libellus
917 4224 978 4278 stat
999 4217 1078 4296 apud
1099 4221 1233 4281 44444444
1255 4227 1287 4280 44
1308 4221 1446 4284 4444444.
1467 4226 1629 4288 Thesnou

135 4312 171 4372 de
185 4309 269 4372 curis
286 4308 415 4368 ominium
430 4312 653 4391 acpritadruum
669 4316 784 4393 Lipsiae
801 4315 859 4375 MS.
917 4310 1141 4372 Ancodotorum
1166 4320 1237 4373 tom.
1261 4315 1282 4374 l.
1306 4333 1335 4393 p.
1354 4318 1428 4377 359.

134 4409 164 4466 in
186 4405 259 4467 Bibi,
283 4404 423 4465 Paullina.
448 4405 520 4464 Vide
541 4406 718 4486 Catalogum
752 4407 860 4468 Fellari
956 4405 1244 4480 portussuavis
1260 4406 1503 4484 savinianensis,
1520 4413 1628 4474 abanno

135 4517 201 4580 pag.
223 4500 292 4561 273.
918 4498 1100 4559 list-tiss.
1118 4500 1165 4559 cui
1184 4500 1374 4562 blabillonius
1392 4510 1469 4565 tom.
1490 4507 1529 4567 44.
1541 4500 1626 4566 Auual.

172 4594 350 4667 PONTIUS,
373 4593 443 4653 hier
461 4591 564 4670 procul
582 4591 691 4667 dubio,
710 4594 860 4654 Diaconus
916 4589 1025 4651 Bened.
1059 4610 1087 4670 p.
1120 4592 1191 4653 385.
1211 4595 1316 4655 tribuit
1348 4595 1524 4661 chronicon
1556 4599 1626 4657 buu

134 4688 408 4765 Carthaginiensis,
424 4685 566 4764 Cypriani
582 4701 684 4744 comes
695 4685 858 4758 assiduus,
915 4682 1059 4745 Abbatiue
1092 4687 1321 4748 saviniacensis
1342 4690 1381 4749 ab
1402 4707 1485 4752 auno
1507 4685 1627 4752 809324.

135 4781 164 4837 in
187 4781 250 4854 ipso
265 4797 385 4857 quoque
407 4780 496 4840 444444
512 4784 543 4837 44
560 4780 712 4853 martyrio.
731 4780 855 4855 Scripsit
912 4778 991 4854 quod
1007 4783 1203 4839 conservavit
1220 4780 1368 4842 Claudius
1380 4781 1592 4862 stephanotius
1605 4783 1625 4836 in

139 4869 232 4929 444444
265 4872 425 4948 Cypriani,
448 4889 524 4949 qirar
549 4870 674 4930 habetur
695 4871 772 4948 apud
796 4872 852 4931 Su·
910 4871 1146 4950 Antiquitatibus
1168 4873 1238 4934 044.
1261 4872 1289 4932 S.
1313 4875 1471 4938 Benedicti
1494 4875 1621 4938 dioecesis
