3568 5414
234 203 293 268 462
947 195 1055 266 000
1134 257 1139 274 .

232 316 340 375 Petrus
351 311 526 371 Bleesensis
540 310 634 388 Epist.
651 309 721 371 426.
739 316 770 369 44
785 319 889 373 444444
906 329 958 374 44-
1014 315 1041 374 4.
1064 330 1129 393 pag.
1147 311 1215 375 235.
1233 329 1294 393 seq.
1313 315 1362 393 qui
1377 332 1440 396 pag.
1459 316 1522 378 497.
1539 319 1604 378 44444
1621 321 1691 380 4444·

232 415 331 468 tarum
343 405 379 465 ad
392 403 457 465 illes
467 403 617 481 Epistulas
630 405 659 462 in
675 411 749 468 tom.
766 407 873 468 XXIV.
885 407 959 469 Eibl.
1015 407 1316 486 aestinosEpiscopoa
1331 425 1483 488 perperam
1497 399 1694 474 0444444444

231 503 353 561 Petrum
368 496 461 576 Lugd.
471 513 536 575 pag.
551 497 638 558 l35l.
658 516 724 578 seq.
735 501 958 562 Sammarthani
1016 501 1176 580 appellari,
1204 517 1256 580 pro
1285 501 1362 564 Cone
1387 504 1451 565 sive
1479 505 1592 568 Conone.
1617 505 1693 582 Hujus

231 603 302 654 tom.
326 596 351 654 4.
374 592 485 652 Galliae
503 591 694 653 Christianae
713 611 781 673 pag.
805 593 874 656 tsr.
896 613 959 675 seq.
1017 593 1306 656 Odonis‘Tusculani
1320 640 1327 674 ,
1341 613 1429 674 quem
1443 601 1549 660 rectius
1563 598 1613 660 suh
1626 601 1697 660 lnoo·

230 689 326 765 liujus
357 685 470 747 Odonis
498 685 741 747 constitutiones
773 687 961 767 synodicae,
1018 690 1116 749 centio
1138 688 1185 750 lV.
1205 705 1295 766 quam
1316 690 1373 750 sub
1394 685 1523 770 Eugenio
1543 691 1697 766 illuxisse

231 783 288 842 suh
305 781 400 840 titulis
417 781 469 840 lX.
489 778 626 857 digestae
648 780 795 859 leguntur
817 785 845 842 in
870 786 960 869 tomis
1018 779 1165 855 dixisset,
1188 779 1438 842 commentarium
1464 799 1551 865 super
1567 784 1700 844 Ieremiou

230 875 428 940 Consiliorum
456 874 533 933 Binii
565 880 635 932 torn.
660 873 724 934 Vll.
747 878 812 935 sive
834 883 905 937 tom.
930 879 958 940 3.
1019 881 1163 936 memorat
1185 875 1319 938 labbeus
1339 876 1411 936 Bibl.
1433 893 1507 938 nova
1537 879 1700 956 Manusorip.

228 977 312 1049 parte
324 969 351 1031 2.
369 970 458 1046 liegia
473 974 545 1026 torn.
560 968 609 1028 28.
627 968 734 1028 Lahhei
746 977 819 1030 tom.
832 973 872 1032 X.
885 973 960 1033 llar-
1016 986 1082 1049 pag.
1093 969 1161 1031 369.
1172 976 1202 1029 44
1209 968 1403 1046 Quaestiones
1415 987 1470 1049 pag
1494 971 1539 1030 25.
1547 973 1701 1032 Passerinus

230 1064 314 1125 duini
330 1071 351 1122 4.
370 1063 399 1122 6.
417 1070 501 1141 parte
513 1060 543 1120 2.
561 1070 591 1121 44
609 1064 639 1120 44
658 1065 822 1125 novissima
839 1065 955 1128 Veneta
1015 1062 1074 1125 duo
1100 1062 1224 1140 grandia
1249 1062 1405 1124 Volumina
1431 1065 1598 1142 Sermonum
1621 1065 1702 1125 Manu·

228 1159 323 1219 Goleti
346 1163 418 1216 tom.
442 1153 522 1216 Xlll.
1016 1157 1126 1235 scripta
1148 1157 1177 1214 in
1199 1157 1272 1216 Bihl.
1295 1157 1446 1217 Vaticana.

269 1249 409 1312 ODONIS
429 1249 627 1326 Ramesepuni
648 1250 781 1310 libellum
800 1249 838 1311 de
859 1254 960 1331 poeni·
1053 1249 1130 1310 000
1144 1247 1371 1311 Tusculanensis
1382 1251 1704 1330 Episcopus,cujusEpi·

232 1343 337 1405 tudine
355 1349 500 1404 memoret
517 1342 667 1403 Lelendus
685 1362 750 1422 eap.
769 1346 837 1406 469.
1011 1344 1089 1428 44444
1111 1343 1148 1404 ad
1166 1342 1374 1403 Innocentium
1393 1345 1439 1406 lv.
1458 1348 1564 1424 Papam
1582 1346 1706 1424 degestio
1758 1343 1774 1394 '.

264 1437 350 1499 000
363 1437 428 1495 sive
444 1435 529 1498 Oddo
544 1435 644 1496 Ahhas
656 1437 686 1498 S.
697 1437 824 1517 Remigii
836 1439 959 1500 liemcu-
1014 1437 1049 1497 A.
1067 1437 1158 1499 4249.
1174 1436 1273 1496 insula
1292 1437 1391 1514 Cypro
1408 1445 1510 1497 contra
1532 1437 1658 1498 lnlideles
1675 1435 1705 1518 ah

233 1531 295 1606 sis,
316 1531 406 1611 cujus
426 1531 560 1610 Epistola
583 1530 619 1591 ad
642 1530 786 1593 Thomam
810 1533 957 1594 Comitem
1013 1530 1149 1600 exercitu
1172 1528 1363 1603 Christiano,
1385 1535 1484 1590 444444
1506 1538 1526 1589 4.
1548 1527 1607 1591 Vll.
1622 1527 1642 1607 4]
1658 1530 1707 1606 spi·

233 1629 343 1705 scripta
360 1626 438 1686 eirca
453 1625 489 1686 A.
508 1625 596 1686 4435.
612 1623 650 1684 de
668 1624 796 1704 quodam
814 1627 959 1688 miraculo
1013 1622 1109 1700 oilogii
1137 1622 1311 1682 0444444444
1346 1637 1411 1700 pag.
1431 1622 1499 1683 243.
1522 1623 1609 1700 (edit.
1631 1637 1705 1681 norae

233 1719 364 1780 Thomas
382 1719 514 1797 Apostoli
533 1717 612 1796 apud
636 1717 746 1791 ludos,
768 1719 848 1780 edita
866 1721 884 1780 4
900 1723 959 1781 Ma·
1014 1703 1086 1776 tom.
1103 1717 1130 1775 3.
1149 1733 1213 1794 pag.
1229 1715 1287 1775 624
1297 1717 1311 1793 l
1330 1715 1412 1776 ldenr
1432 1715 1479 1776 hie
1491 1733 1560 1778 cum
1572 1717 1709 1794 superiore.

209 1813 211 1818 '
233 1813 352 1875 billonio
370 1820 441 1872 tom.
461 1814 488 1874 4.
512 1811 647 1873 Analect.
664 1829 693 1889 p.
710 1811 780 1873 334.
799 1803 889 1888 (edit.
908 1831 960 1892 no-
1045 1807 1129 1884 000
1143 1807 1179 1869 de
1193 1808 1371 1870 Vaueemuui
1382 1857 1391 1888 ‚
1402 1826 1491 1890 supra
1504 1813 1533 1869 in
1549 1813 1579 1872 S.
1593 1804 1712 1869 0444444

233 1924 290 1969 vae
311 1923 378 1985 pag.
402 1907 479 1979 464)
1014 1903 1087 1963 433.
1099 1921 1173 1981 pag.
1198 1902 1247 1963 47.
1416 1979 1421 1986 .
1701 1983 1704 1990 Ι

272 2001 350 2063 000
370 2002 521 2072 Seuerus,
543 2016 634 2076 snpra
660 2001 689 2058 in
713 1997 810 2059 odone
828 1999 960 2061 carrina
1048 1993 1238 2057 ODOuldbas
1252 1997 1432 2079 Ursicumpi,
1446 2013 1551 2076 supra,
1570 1995 1627 2058 oco
1642 1997 1715 2056 Suer-

231 2093 328 2154 riensi
346 2091 611 2170 Archi-Episcopo.
1014 2090 1171 2151 sionensis.
1615 2169 1617 2177 J

272 2188 349 2250 000
370 2184 509 2248 Schirton
520 2183 590 2244 ¹sive
602 2183 637 2244 de
654 2182 831 2246 Scheritono
842 2184 958 2263 Anglus
1032 2173 1257 2245 ‘ultusultus
1272 2186 1336 2243 sive
1352 2185 1432 2246 000
1447 2185 1601 2262 Medicus,
1617 2185 1640 2252 si
1652 2182 1720 2242 Gau·

233 2279 308 2342 Ord.
327 2281 451 2342 Cisterc.
477 2278 606 2339 lelando
627 2297 654 2357 p.
675 2280 708 2340 24
722 2281 749 2340 3.
772 2297 798 2339 o.
811 2282 822 2340 4
830 2279 959 2341 80844-
1012 2276 1113 2336 dentio
1135 2277 1262 2340 Merulae
1283 2276 1454 2353 credimus,
1476 2283 1581 2338 auctor
1614 2291 1721 2356 poema·

233 2371 427 2437 rodunenais,
448 2372 497 2432 uhi
520 2371 682 2432 multarum
703 2372 885 2435 concionum
898 2391 955 2433 non
1012 2373 1051 2430 tis
1073 2359 1239 2430 hexametri
1261 2369 1298 2430 de
1318 2371 1481 2431 virtutibus
1503 2369 1669 2444 herbarum,
1688 2365 1720 2426 de

232 2467 574 2542 intelicemscriptorem
608 2465 756 2543 Appellat:
783 2466 872 2526 Baleo
905 2465 956 2527 lll.
1012 2479 1071 2541 quo
1093 2479 1202 2541 supra,
1225 2466 1253 2523 in
1277 2462 1412 2525 MAGllO.
1431 2464 1503 2525 Vide
1526 2473 1546 2524 t.
1569 2461 1721 2526 Xlllliihl.

237 2560 285 2620 l8.
304 2557 341 2619 de
363 2557 501 2620 Ceritona
523 2565 554 2618 44
575 2559 674 2619 l’itseo
696 2575 764 2637 pag.
780 2559 850 2620 246.
869 2558 955 2621 Ceri·
1011 2556 1143 2616 Graecae
1163 2572 1231 2635 pag.
1254 2557 1300 2616 39.
1322 2554 1436 2618 Omitto
1458 2556 1589 2620 ODDUM
1610 2556 1645 2617 de
1672 2551 1724 2641 Od-

236 2651 383 2726 tonensr's,
404 2653 504 2714 clarus
524 2655 602 2713 cirea
624 2650 680 2712 An.
705 2653 794 2713 4480.
814 2669 905 2729 quem
924 2655 953 2713 iu
1009 2648 1056 2710 dis
1069 2647 1219 2710 Medicum
1235 2651 1412 2713 Patauinum
1425 2654 1476 2732 qui
1493 2649 1527 2713 A.
1543 2651 1633 2714 44458.
1651 2649 1724 2711 diem

120 2797 125 2810 .
234 2746 392 2826 Theologia
412 2748 585 2826 Magistrum
597 2763 687 2808 snum
706 2745 808 2807 laudat
824 2745 957 2808 ioannes
1011 2742 1102 2816 obiit,
1127 2741 1235 2803 Galerii
1252 2742 1355 2804 anima
1371 2745 1531 2824 praedicari
1550 2746 1659 2806 solitus
1671 2786 1678 2816 ,
1692 2741 1726 2801 de

233 2839 463 2900 sarisberiensis
484 2841 579 2919 Epist.
602 2841 672 2900 268.
894 2835 896 2840 ’
1011 2835 1099 2916 cujus
1131 2838 1253 2916 seriptis
1284 2839 1423 2900 Nicolaus
1444 2836 1618 2900 Comnenus
1641 2840 1669 2896 in
1690 2835 1729 2895 hi-

273 2932 348 3009 Ejus
370 2929 443 2994 libri
458 2929 516 2993 duo
537 2934 593 2993 Lll.
618 2931 958 2996 Parabolaruminlao-
1014 2932 1108 2990 storia
1130 2929 1485 3008 Gymnasiil’atavini't.
1507 2935 1518 2993 l
1545 2950 1573 3011 p.
1597 2933 1666 2993 3l3·

235 3023 304 3084 dem
326 3028 391 3102 ejus
412 3027 463 3103 qui
486 3034 533 3085 est
554 3027 650 3106 Alphe
672 3035 704 3087 et
720 3028 853 3106 omega,
875 3045 959 3106 prae·
1051 3023 1229 3086 ODOCEUS
1249 3025 1432 3101 Monachus,
1453 3026 1607 3086 doctrinae
1624 3030 1657 3085 et
1673 3021 1730 3100 pie·

236 3125 284 3176 444
300 3134 364 3178 rem
386 3118 495 3180 tributa
518 3121 555 3180 ah
576 3121 642 3181 aliis
664 3119 814 3202 Gaufrido
836 3120 961 3184 Clarae·
1015 3121 1085 3180 tatis
1107 3119 1204 3180 nobile
1225 3120 1311 3200 plane
1328 3121 1499 3199 exemplar,
1520 3119 1664 3180 laudatus
1683 3117 1731 3176 Le·

236 3208 306 3270 4444.
325 3212 372 3272 vel
391 3210 486 3273 Odoni
499 3212 643 3275 Cantuur.
661 3217 855 3294 Manusoripti
871 3218 962 3277 4404-
1016 3205 1103 3273 lando
1117 3229 1180 3293 cap.
1192 3213 1242 3273 30,
1253 3210 1417 3293 Episcopus
1429 3220 1495 3292 post
1507 3213 1649 3273 Telinnm
1662 3211 1732 3271 lao-

238 3303 393 3366 bliotlrecis
414 3305 545 3386 Angliae.
569 3307 642 3368 Vide
663 3308 817 3370 Ondinum
840 3309 915 3370 tom'.
931 3309 961 3369 2.
1017 3305 1178 3381 dovensis,
1200 3309 1356 3367 Francisco
1386 3305 1531 3367 Godwino
1550 3304 1589 3367 de
1612 3317 1732 3384 praesu-

235 3415 299 3477 pag.
322 3399 410 3460 4498.
432 3407 463 3460 44
491 3401 579 3464 4543.
601 3409 632 3462 44
655 3403 742 3464 4623.
763 3420 827 3481 seq.
850 3403 898 3465 uhi
929 3409 961 3464 44
1017 3395 1277 3482 libusAngliaep.
1297 3396 1736 3475 al9.0uaooear.oascnpus

235 3491 273 3552 de
289 3491 356 3570 ejus
373 3495 498 3554 Summa
515 3494 551 3557 de
564 3496 744 3577 poenitentia
760 3543 767 3573 ‚
785 3503 816 3555 et
834 3493 965 3557 homiliis
1018 3491 1083 3572 ejus
1101 3493 1173 3554 nihil
1193 3495 1335 3572 comperi.

235 3585 271 3646 de
292 3592 421 3666 ternpore
439 3591 529 3649 editis
548 3591 638 3652 Paris.
662 3591 749 3653 4529.
768 3587 802 3648 44
816 3593 962 3656 sermoni·
1056 3587 1279 3664 ODOFREDUS
1299 3588 1362 3646 sive
1386 3582 1555 3665 Oltosredus
1576 3581 1739 3643 Beneven-

236 3679 292 3740 bus
312 3679 348 3740 de
378 3681 508 3743 Sanctis.
530 3683 638 3743 Maleus
661 3681 863 3760 nescioquod
887 3671 991 3742 Par?
1018 3686 1127 3757 tanus,
1150 3682 1340 3761 Bergomenai
1360 3679 1411 3741 ad
1434 3680 1476 3764 A.
1509 3677 1599 3738 4499.
1623 3683 1657 3737 44
1678 3673 1740 3733 Tri-

237 3771 394 3851 tiumopus
408 3781 625 3834 commemorat
637 3820 644 3849 ,
656 3782 687 3834 et
699 3773 881 3834 Bestiarium
895 3777 964 3838 sive
1018 3774 1129 3834 thernio
1150 3791 1215 3853 cap.
1234 3774 1300 3834 425.
1316 3771 1464 3855 linfredus
1484 3767 1740 3841 iurisconsultus,

188 3926 194 3935 ,
237 3863 415 3924 Meritorium
431 3867 459 3925 in
475 3883 534 3943 quo
549 3867 650 3946 AEsopi
667 3868 782 3929 lahulas
797 3865 835 3927 ex
850 3869 963 3930 Graeco
1016 3871 1067 3947 qni
1078 3869 1197 3946 scripsit
1210 3861 1492 3944 Quaestionesiurir
1503 3861 1618 3926 0444444.
1638 3863 1738 3938 Quae·

239 3957 342 4016 Latine
356 3975 518 4037 expressas
539 3963 698 4040 exposuit:
716 3969 781 4021 tum
799 3959 964 4022 Narratio·
1016 3953 1124 4022 stiones
1140 3960 1225 4021 luris
1243 3960 1387 4024 canonici
1396 4006 1403 4035 ,
1421 3966 1450 4021 ei
1465 3961 1621 4021 Summum
1640 3952 1743 4015 luris.

239 4063 301 4108 nes.
316 4048 430 4110 Eadem
449 4070 485 4112 ex
500 4057 589 4115 Baleo
607 4057 745 4132 puseus,
763 4063 794 4117 et
811 4073 878 4134 pag.
893 4057 962 4120 252.
1057 4056 1285 4132 oportunus
1304 4057 1550 4126 Beneventanus,
1564 4051 1687 4128 junior,
1702 4050 1746 4106 in·

238 4141 377 4203 vischius
398 4145 472 4204 Bibl.
495 4145 625 4207 0444444.
713 4159 716 4166 ’
1019 4143 1071 4212 444
1085 4149 1197 4212 Azouis
1213 4149 1377 4228 discipulos
1394 4145 1679 4218 celebratissimus,
1695 4142 1748 4201 do-

277 4235 354 4297 000
371 4237 609 4315 Suessionensis,
624 4257 662 4302 err
682 4244 866 4306 cancellario
885 4246 963 4305 Pari·
1019 4247 1081 4307 4444
1092 4243 1148 4306 lus
1160 4245 1255 4308 Civile
1265 4243 1434 4320 Bononiae,
1450 4240 1578 4316 obiitque
1589 4237 1630 4298 A.
1653 4239 1666 4298 4
1673 4235 1747 4296 265.

240 4330 334 4390 siensi
356 4329 520 4392 Monachus
541 4333 570 4391 in
592 4333 793 4414 Grandisylva
815 4337 885 4398 Ord.
913 4341 962 4402 Ci—
1019 4341 1061 4400 De
1082 4339 1138 4399 hoc
1160 4338 1340 4398 Trithemins
1355 4353 1420 4416 cap.
1438 4336 1504 4396 444.
1521 4331 1748 4410 Bergomensis

242 4423 962 4509 sterciens.etexAbbateUrsioampiindioecesi
1018 4432 1057 4496 ad
1077 4432 1111 4493 A.
1135 4431 1223 4494 4240.
1243 4438 1273 4494 44
1293 4430 1389 4490 Gnido
1422 4425 1603 4490 Pancirollus
1630 4424 1671 4484 ll.
1696 4422 1750 4482 34.

240 4517 432 4577 Noviomensi
460 4517 628 4595 Episcopus
649 4521 817 4584 Cardinalis
847 4527 966 4588 'ruscu-
1019 4526 1057 4587 de
1077 4527 1166 4588 elaris
1187 4527 1298 4604 Legum
1320 4521 1541 4602 interpretibus.
1563 4515 1649 4593 Ejus
1673 4518 1753 4576 4444-

241 4609 330 4671 lanus
350 4609 389 4670 ab
409 4610 496 4669 Anno
515 4607 602 4673 4244.
624 4613 696 4675 Vide
716 4617 872 4694 Ughellum
891 4624 964 4683 tom.
1020 4627 1081 4700 pta.
1098 4621 1139 4683 De
1156 4625 1223 4681 orte
1238 4618 1415 4679 notariatus.
1432 4617 1472 4676 04
1489 4609 1665 4675 libellorum
1682 4608 1751 4691 (or-

282 4899 308 4960 4)
325 4905 376 4952 Mon
394 4911 462 4955 tomo
482 4909 525 4956 441.
542 4913 568 4969 ur
593 4919 713 4960 excusum
740 4910 767 4959 lu
797 4909 874 4972 longi
902 4911 969 4967 lllhl.
1019 4914 1082 4962 illst.
1099 4911 1162 4962 0444.
1179 4923 1202 4960 u
1222 4909 1294 4960 7442.
