3568 5414
550 268 555 282 .
654 227 939 291 Nicotaus
1480 233 1539 296 143

116 340 230 404 41441111.
252 341 321 400 Post
340 345 424 416 gesta
447 340 592 416 inpurum
626 340 765 416 sequitur
818 319 990 396 racinen'air
1014 333 1068 413 Ep.
1083 339 1140 396 etc.
1152 332 1256 414 Nuper
1271 336 1350 396 ass.
1362 342 1390 396 et
1399 339 1543 400 11444444·

87 434 241 511 Priuilegium
258 433 398 494 iriderici
420 434 456 494 ll.
473 448 533 510 quo
549 433 662 492 intuitu
679 434 767 492 lona·
820 427 959 490 ducato.
973 427 1083 488 Actum
1101 428 1129 487 in
1148 427 1235 488 domo
1251 429 1364 490 Toudin
1382 430 1543 492 derrasse

87 529 153 588 centii
180 524 225 587 lll.
247 526 345 586 abolet
375 542 467 588 usum
501 523 718 586 intromittendi
736 540 768 584 se
821 519 1393 584 4442371441.10.1)44411.(4144444444
1414 526 1441 584 2.
1458 525 1541 586 Febr.

86 616 289 680 in'electionibns
306 617 517 678 maeatarum
534 615 767 696 etpossessioni·
821 614 869 676 die
890 615 924 676 V.
1388 687 1390 692 ,

88 705 477 783 montemmaranum
493 706 714 790 spiritualibus.
731 710 768 770 ln
862 708 965 768 XLlll.
988 707 1095 768 citatio
1115 707 1249 768 eiusdem
1272 708 1412 770 Friderici
1438 727 1538 776 coram

85 805 173 864 4444
189 811 242 866 etc.
275 807 408 884 Repetam
440 809 577 864 4444444
607 809 677 864 tuno
709 811 769 866 etc.
823 804 899 880 Pape
920 801 1077 862 Clemente
1103 799 1153 860 14.
1180 799 1439 864 damnietatis
1455 805 1541 877 uultu

86 900 168 959 llatnm
181 897 255 977 apud
270 899 380 976 Egram
401 913 483 958 anuo
502 899 588 960 1243.
611 897 718 958 indict.
739 899 767 956 4.
820 893 1542 974 914444444414444444441441204144443
1662 923 1664 937 ·

83 992 284 1071 4444444441
300 995 327 1053 1.
340 991 456 1053 Siciliae
467 991 544 1052 4441.
556 991 606 1052 die
617 992 644 1051 t.
659 989 697 1050 id.
708 989 768 1050 tul.
864 989 967 1050 41144.
987 990 1103 1052 Literae
1120 989 1216 1050 Caroli
1232 990 1253 1050 1.
1268 990 1383 1052 Siciliae
1400 993 1488 1071 lingis
1504 993 1541 1056 ad

111 1085 226 1146 41414114.
247 1083 338 1146 Aliud
364 1084 500 1146 eiusdem
518 1083 657 1144 Friderici
679 1099 770 1162 spon-
824 1083 944 1144 Petrum
966 1082 1131 1161 aragoniae
1148 1089 1206 1144 etc.
1224 1085 1275 1162 qui
1295 1093 1419 1148 venerat
1443 1089 1473 1146 in
1495 1089 1543 1148 ln·

82 1178 157 1239 dantia
183 1178 327 1240 auxilium
359 1193 412 1258 pro
444 1176 657 1256 recuperandis
677 1179 769 1236 terris
823 1174 921 1236 salam
948 1176 1066 1237 Siciliae
1096 1191 1167 1238 cum
1194 1176 1312 1251 classe,
1338 1180 1542 1258 applicuitque

83 1272 202 1333 Ecclesiae
222 1274 351 1333 llunorio
371 1273 421 1332 111.
443 1271 476 1331 14
494 1269 610 1332 nomim
626 1277 684 1331 etc
704 1270 768 1348 Epo
823 1269 990 1347 'lrapanem
1010 1268 1059 1334 die
1074 1269 1123 1330 29.
1141 1269 1270 1348 Augusti
1286 1270 1344 1332 An.
1358 1265 1445 1334 ’1282
1463 1274 1542 1352 quod

82 1363 224 1425 tridericus
258 1365 298 1424 11.
328 1366 438 1426 Datum
470 1365 648 1443 llagenovae
681 1362 768 1426 4449.
825 1361 904 1423 illam
926 1361 1020 1424 vellet
1047 1362 1104 1424 sibi
1125 1365 1262 1440 aquirere
1284 1365 1371 1425 titulo
1398 1363 1544 1428 Constan-

81 1473 159 1518 uense
177 1464 252 1537 sept.
277 1455 381 1518 indict.
403 1459 432 1518 8.
824 1456 883 1516 tiae
900 1457 1004 1518 uxoris
1021 1469 1113 1530 suae,
1131 1455 1208 1518 tiliae
1225 1459 1367 1521 llanlredi
1378 1461 1468 1538 Regis
1485 1460 1543 1523 Ca-

106 1549 213 1613 xxxv.
242 1551 388 1614 Euisdem
417 1535 553 1612 'mantio
589 1555 769 1612 4444444444
825 1546 911 1609 rolua
930 1565 974 1614 rc.
991 1547 1072 1610 tide
1087 1565 1182 1611 sanae
1198 1549 1303 1612 mentia
1316 1568 1359 1612 eo.
1371 1553 1481 1614 Datum
1498 1571 1542 1616 ec.

79 1643 407 1706 mbanolesrartioam
423 1642 588 1704 libertatem
601 1641 769 1712 Fridericus
864 1643 951 1703 XLV.
974 1643 1090 1702 Literae
1112 1643 1189 1702 Petri
1208 1643 1245 1702 ad
1263 1645 1412 1707 eundem:
1434 1647 1543 1708 Petrus

77 1745 119 1797 44.
133 1739 198 1801 Cum
213 1737 307 1800 diuae
320 1737 481 1800 memoriae
494 1745 553 1798 etc.
563 1739 673 1798 Datum
685 1735 765 1814 apud
824 1741 884 1796 etc.
901 1734 948 1796 De
962 1740 1015 1796 tua
1034 1751 1145 1812 mupna
1160 1735 1338 1814 arrogantia
1354 1744 1412 1798 eto.
1430 1740 1539 1800 Datum

77 1831 99 1890 3.
115 1833 227 1893 monem
249 1835 281 1892 in
302 1834 411 1894 castris
435 1832 526 1912 12244.
538 1829 639 1890 indict.
655 1829 682 1888 9.
702 1828 767 1888 4111
822 1834 881 1889 etc.
901 1827 1109 1907 Gurolasjam
1126 1825 1191 1907 sere
1209 1832 1269 1888 tota
1287 1827 1387 1890 444414
1407 1829 1542 1910 carpotic-

76 1923 121 1984 ul.
136 1925 235 1998 Octab.
278 1937 282 1944 ’
450 1921 452 1925 ’
824 1926 872 1983 tna
900 1919 1005 1983 literae
1029 1926 1186 2000 sequentes
1206 1919 1288 1982 dedit
1313 1922 1355 1982 ad
1378 1923 1539 1984 victorem:

102 2019 221 2080 xxxvl.
243 2019 391 2082 Eiusdem
412 2019 444 2079 in
466 2018 592 2078 solemni
613 2017 695 2078 caria
712 2015 769 2076 Ca·
823 2013 953 2080 Carolus
970 2017 1205 2076 metanoeae.
1224 2017 1268 2076 De
1290 2013 1431 2096 spelunca
1446 2031 1539 2096 quam
1628 2082 1629 2090 χ

76 2125 150 2186 mona
174 2127 225 2191 pro
256 2113 446 2191 resignandie
475 2113 507 2172 in
536 2127 632 2176 manu
650 2109 767 2170 11444441
823 2106 973 2172 innabitat
989 2116 1047 2170 etc.

76 2202 146 2282 lupae
163 2208 330 2286 vailegiis
352 2203 536 2267 Pmedibcto
548 2211 606 2265 etc.
626 2199 769 2263 Peruenit
861 2201 1097 2266 4444414444
1116 2203 1193 2264 Petri
1215 2202 1253 2264 ad
1270 2203 1410 2266 eundem.
1427 2201 1540 2268 Petrus

76 2293 155 2358 daos
166 2307 222 2361 eto.
240 2301 354 2362 Datum
372 2299 451 2378 apud
470 2300 602 2360 Tranum
621 2297 650 2356 3.
671 2295 766 2358 liertii
821 2293 944 2358 etc.1)e
960 2293 1299 2375 speluncaquamdiois
1316 2301 1374 2358 etc.

77 2385 154 2450 luliot.
173 2393 224 2454 144.
862 2391 978 2450 literae
999 2389 1096 2450 Caroli
1117 2390 1306 2468 primogeniti
1320 2389 1457 2452 eiusdem
1482 2391 1540 2453 Ca-

26 2501 27 2506 *
99 2483 232 2547 4441411.
255 2484 407 2548 Eiusdem
433 2483 581 2546 concessio
605 2481 688 2565 facta
717 2480 766 2538 ln·
821 2481 874 2542 rali
895 2482 1007 2560 ‘captivi
1024 2483 1113 2559 Regis
1126 2480 1311 2570 aragoniae,
1332 2499 1423 2561 quam
1445 2485 1539 2562 capti-

73 2580 174 2638 44444
190 2581 240 2640 111
252 2580 292 2641 de
306 2579 456 2640 Comitatu
468 2575 611 2638 Fundano
626 2584 684 2638 etc.
699 2576 766 2656 past
821 2576 944 2634 vitatem
967 2573 1081 2658 subivit
1108 2576 1135 2634 in
1164 2591 1262 2652 pugna
1290 2583 1360 2636 ante
1383 2577 1537 2638 civitatem

71 2663 154 2733 44444
165 2676 195 2735 14.
209 2671 336 2736 Comitis
347 2670 494 2732 Fundam.
506 2669 767 2734 Sancturimoetc.
821 2667 1043 2747 Neapolitanam
1055 2669 1216 2728 commissa
1229 2667 1267 2728 ad
1282 2670 1403 2732 Petrum
1415 2671 1536 2748 Regem.

71 2759 205 2841 4444444
229 2771 338 2828 oestro
353 2773 410 2827 etc.
433 2767 541 2827 Datum
559 2767 649 2826 Roma
675 2762 763 2824 tals.
817 2760 1013 2824 8444414444
1032 2759 1396 2840 Pnincipretcdnopinati
1409 2769 1532 2826 euentus

70 2853 255 2933 lpn'limense
274 2860 378 2922 indict.
398 2863 448 2923 13.
816 2870 907 2918 cotue
921 2852 1049 2936 fortuiti
1066 2861 1124 2916 eto.

95 2951 245 3016 44144111.
281 2953 424 3016 Eiusdem
458 2951 651 3032 spondentis.
667 2952 761 3027 Papae
856 2949 973 3010 X-Lvll.
994 2951 1108 3010 Litcrac
1135 2947 1267 3012 Eduardi
1291 2951 1380 3029 Regis
1411 2950 1535 3030 Angliac

70 3042 294 3109 remansurum
317 3047 428 3108 milites
449 3049 478 3105 in
500 3043 668 3106 subsidium
690 3045 761 3104 'ler-
815 3041 1059 3103 adclamantem
1078 3044 1126 3103 41.
1151 3050 1185 3106 ut
1206 3043 1379 3106 moderetur
1402 3044 1537 3106 4444444-

71 3135 105 3180 iit
120 3137 256 3188 motae:
279 3125 455 3188 Frt'dtrt'ffli
475 3133 532 3186 ele·
543 3141 602 3204 Per
615 3139 759 3203 4444444414
815 3152 869 3197 444
878 3135 1078 3216 pecuniarum
1092 3154 1149 3218 pro
1164 3135 1320 3216 beneficiis,
1336 3141 1365 3198 et
1373 3138 1536 3218 jaspatro-

69 3215 194 3293 menn
211 3221 325 3282 Baium
344 3219 423 3299 ⁸9⁰⁶
446 3221 477 3282 S·
496 3219 679 3284 (34444444ΰὶ
701 3217 757 3278 An·
812 3228 1173 3292 natinrettituantureuit
1184 3231 1325 3294 Dominis.
1338 3234 1446 3294 Datum
1457 3233 1536 3311 apud

71 3305 135 3370 ¹²25·
155 3330 259 3374 14θῦ86
280 3314 343 3374 lul·
362 3312 562 3374 1441ῑῦ441114·
596 3367 598 3372 ,
812 3322 906 3384 Vasco
924 3324 1092 3402 Septembri
1116 3341 1219 3386 mense
1240 3341 1320 3386 anno
1338 3325 1425 3388 1343.
1441 3328 1536 3404 Regni

95 3403 223 3468 mlx·
245 3406 413 3468 iunocentii
431 3401 760 3487 superaccrescere
813 3417 954 3478 amnone
975 3418 1002 3477 t.
1018 3416 1535 3500 ungriamamnemamnem.)

71 3489 277 3562 4144444
307 3501 391 3582 rapo
412 3499 556 3578 444444
581 3495 764 3576 ambient
855 3510 985 3570 navtur.
1004 3511 1250 3572 surancctestae
1269 3512 1353 3571 nom.
1375 3513 1404 3570 4
1433 3513 1535 3590 aeguo
1666 3583 1670 3592 Δ

71 3583 243 3654 taminia
272 3591 408 3672 Melponi
430 3593 494 3654 siae
519 3591 635 3660 Montis
651 3589 762 3673 ferrati
817 3603 951 3664 Poloniae
969 3621 1021 3682 pro
1038 3603 1159 3664 denario
1175 3604 1205 3664 S.
1224 3605 1301 3664 Petri
1316 3609 1347 3664 et
1367 3604 1433 3664 aliis
1456 3602 1535 3664 Son-

72 3679 110 3742 444
132 3692 207 3746 terto
238 3703 345 3749 tem-
372 3689 481 3749 Dolum
514 3687 650 3750 [attelani
672 3687 699 3746 ⁴·
722 3685 765 3745 id·
817 3697 951 3758 ctissime
970 3697 1004 3758 in
1038 3695 1160 3760 Cirirto
1185 3704 1242 3758 etc
1264 3695 1379 3758 loanni
1408 3696 1533 3757 Summo

30 3827 31 3838 1
72 3773 139 3852 ¹lll'L
156 3781 355 3850 Pontiflealtls
372 3781 429 3842 An·
446 3783 493 3842 ⁴8·
727 3837 731 3844 .
816 3790 957 3870 Pontifici
989 3789 1142 3853 Hearicut
1181 3790 1248 3854 nea
1277 3788 1395 3850 Etesiae
1432 3789 1535 3852 baares

30 3875 31 3928 ἶ
97 3871 146 3934 XL
164 3877 254 3938 Poeta
276 3875 461 3937 Concordiae
479 3877 557 3934 inter
573 3874 760 3935 Clementem
816 3879 1141 3962 RepniPoloniaeetc.
1158 3883 1198 3944 ad
1214 3883 1344 3962 4444444
1359 3885 1534 3961 pratiaram

72 3957 105 4022 lll.
120 3975 147 4026 et
164 3976 325 4030 senatores
358 3969 563 4048 Populumque
595 3969 760 4028 Romanum
815 3973 929 4036 4144144
949 3980 1080 4037 aetiam
1101 3983 1159 4038 etc.
1189 3977 1298 4038 Datum
1330 3976 1482 4054 Golgoriae
1504 3979 1533 4038 in

72 4051 239 4124 tummim
262 4069 321 4124 etc.
340 4061 475 4140 Dipaitar
495 4063 623 4124 Senatus
645 4057 761 4140 Populi·
814 4069 915 4148 vigilia
936 4068 965 4132 S.
988 4069 1112 4130 loannis
1132 4071 1283 4148 Baptistae
1304 4069 1362 4130 lla.
1384 4071 1472 4132 4323.

72 4161 111 4223 l*
126 4163 178 4216 tlt·
191 4167 299 4220 actum
315 4155 665 4236 quanmgasimoquano
681 4169 759 4216 tuno
851 4164 946 4224 xulx
968 4162 1050 4224 Aliae
1072 4162 1174 4223 literae
1195 4164 1283 4242 Regis
1305 4163 1441 4224 Polouiae
1461 4181 1531 4225 cum

72 4237 174 4310 Stratus
195 4250 294 4312 indict
314 4251 342 4310 6.
364 4249 413 4312 die
429 4250 484 4310 ult.
504 4251 580 4328 llaji.
813 4255 1011 4334 transumptis
1040 4253 1229 4316 diversorum
1260 4256 1531 4319 instrumentorum

98 4337 163 4403 414.
181 4343 353 4407 Canoerdia
370 4345 496 4424 Eugenii
513 4344 553 4406 111
570 4360 639 4404 cum
660 4343 760 4404 441414-
815 4357 846 4410 44
866 4345 1015 4410 Summae
1047 4344 1192 4428 Pontiiea
1225 4348 1282 4410 ribi
1308 4349 1463 4428 mandent
1498 4349 1534 4411 de

73 4427 115 4488 titt
130 4434 150 4495 1.
166 4438 370 4518 imperatore:
391 4433 559 4500 Venerabili
577 4437 608 4496 in
629 4436 758 4500 Christo.
813 4441 954 4506 subsidiis
965 4449 1074 4502 contro
1089 4441 1254 4504 Tartaron:
1267 4441 1532 4504 Sanctissimoetc.

74 4518 153 4599 4444
165 4530 331 4594 maetam
342 4529 471 4610 44441444
486 4537 543 4592 etc.
563 4531 765 4592 144444044-
815 4535 932 4600 ioanni
948 4541 1006 4598 etc.
1026 4533 1198 4598 1414444444
1216 4532 1533 4598 1444444444-

75 4617 275 4688 1144444452.
293 4625 342 4688 die
358 4627 395 4688 X.
413 4625 476 4688 cal.
491 4625 583 4704 April.
597 4625 697 4688 indict
712 4629 759 4689 15.
812 4641 880 4694 stet.
902 4632 1011 4692 Datum
1033 4631 1194 4692 Craooviae
1216 4631 1244 4688 in
1267 4629 1367 4707 vigilia
1393 4628 1444 4688 SS.
1468 4629 1532 4691 Tri·

33 4757 35 4800 .
101 4711 339 4782 4414414444
360 4720 408 4782 14.
430 4719 563 4782 admittit
580 4721 609 4780 in
631 4723 760 4810 gratiam
815 4727 917 4788 nitatis
938 4720 1529 4801 42.11444444.(1434144444144.)

76 4796 213 4874 (34144444
234 4821 270 4876 44
300 4813 481 4876 4414444444
511 4816 616 4876 Lance.
652 4816 689 4876 ln
711 4833 761 4876 no·
855 4821 886 4882 L.
908 4819 1149 4878 lustramentum
1173 4811 1324 4892 publicum
1346 4814 1532 4890 protestatio-

77 4896 362 4970 flueetctlnioerais
377 4908 762 4972 sacramentonum·
819 4915 886 4989 nis,
906 4908 1040 4972 uidelicet
1061 4927 1098 4970 ne
1118 4925 1172 4990 per
1193 4904 1420 4985 acquisitionem
1443 4903 1532 4970 Wra-
