<?xml version="1.0" encoding="UTF-8"?>
<!DOCTYPE html PUBLIC "-//W3C//DTD XHTML 1.0 Transitional//EN"
    "http://www.w3.org/TR/xhtml1/DTD/xhtml1-transitional.dtd">
<html xmlns="http://www.w3.org/1999/xhtml" xml:lang="en" lang="en">
 <head>
  <title>
</title>
<meta http-equiv="Content-Type" content="text/html;charset=utf-8" />
  <meta name='ocr-system' content='tesseract 3.04.00' />
  <meta name='ocr-capabilities' content='ocr_page ocr_carea ocr_par ocr_line ocrx_word'/>
</head>
<body>
  <div class='ocr_page' id='page_1' title='image "./bibliothecalati01gallgoog_0600.png"; bbox 0 0 3368 5362; ppageno 0'>
   <div class='ocr_carea' id='block_1_1' title="bbox 141 188 1627 271">
    <p class='ocr_par' dir='ltr' id='par_1_1' title="bbox 141 188 1627 271">
     <span class='ocr_line' id='line_1_1' title="bbox 141 188 1627 271; baseline 0.01 -15"><span class='ocrx_word' id='word_1_1' title='bbox 141 192 333 258; x_wconf 72' lang='lat' dir='ltr'><em>ABBENBA</em></span> <span class='ocrx_word' id='word_1_2' title='bbox 349 195 401 259; x_wconf 80' lang='lat' dir='ltr'><em>AB</em></span> <span class='ocrx_word' id='word_1_3' title='bbox 417 195 708 263; x_wconf 76' lang='lat' dir='ltr'><em>FABBBlClANhM</em></span> <span class='ocrx_word' id='word_1_4' title='bbox 725 198 1019 268; x_wconf 81' lang='lat' dir='ltr'><em>BlBLlOTHECAbl</em></span> <span class='ocrx_word' id='word_1_5' title='bbox 1036 202 1189 267; x_wconf 69' lang='lat' dir='ltr'><em>Menses</em></span> <span class='ocrx_word' id='word_1_6' title='bbox 1207 203 1260 267; x_wconf 85' lang='lat' dir='ltr'><em>ET</em></span> <span class='ocrx_word' id='word_1_7' title='bbox 1276 203 1438 268; x_wconf 79' lang='lat' dir='ltr'><em>lNFlMAE</em></span> <span class='ocrx_word' id='word_1_8' title='bbox 1456 188 1627 271; x_wconf 76' lang='lat' dir='ltr'><em>AETA&#39;llS</em></span> 
     </span>
    </p>
   </div>
   <div class='ocr_carea' id='block_1_2' title="bbox 303 332 1477 443">
    <p class='ocr_par' dir='ltr' id='par_1_2' title="bbox 303 332 1477 443">
     <span class='ocr_line' id='line_1_2' title="bbox 303 332 1477 443; baseline 0.005 -8"><span class='ocrx_word' id='word_1_9' title='bbox 303 334 393 437; x_wconf 91' lang='lat' dir='ltr'><em>JO.</em></span> <span class='ocrx_word' id='word_1_10' title='bbox 435 334 834 443; x_wconf 90' lang='lat' dir='ltr'>DOMINICUS</span> <span class='ocrx_word' id='word_1_11' title='bbox 872 338 1100 441; x_wconf 90' lang='lat' dir='ltr'>MANSI</span> <span class='ocrx_word' id='word_1_12' title='bbox 1138 332 1477 441; x_wconf 84' lang='lat' dir='ltr'>LUGENSIS</span> 
     </span>
    </p>
   </div>
   <div class='ocr_carea' id='block_1_3' title="bbox 543 491 1211 676">
    <p class='ocr_par' dir='ltr' id='par_1_3' title="bbox 543 491 1211 676">
     <span class='ocr_line' id='line_1_3' title="bbox 543 491 1211 547; baseline 0.004 -7"><span class='ocrx_word' id='word_1_13' title='bbox 543 491 578 541; x_wconf 75' lang='lat' dir='ltr'><em>ns</em></span> <span class='ocrx_word' id='word_1_14' title='bbox 595 492 679 542; x_wconf 76' lang='lat' dir='ltr'><em>rnen</em></span> <span class='ocrx_word' id='word_1_15' title='bbox 697 493 869 544; x_wconf 76' lang='lat' dir='ltr'><em>oenscnen</em></span> <span class='ocrx_word' id='word_1_16' title='bbox 887 493 962 544; x_wconf 81' lang='lat' dir='ltr'><em>nox</em></span> <span class='ocrx_word' id='word_1_17' title='bbox 980 493 1211 547; x_wconf 80' lang='lat' dir='ltr'><em>sunncmnnn.</em></span> 
     </span>
     <span class='ocr_line' id='line_1_4' title="bbox 715 609 1059 676; baseline 0.009 -5"><span class='ocrx_word' id='word_1_18' title='bbox 715 609 742 671; x_wconf 82' lang='lat' dir='ltr'><em>P</em></span> <span class='ocrx_word' id='word_1_19' title='bbox 756 612 781 673; x_wconf 87' lang='lat' dir='ltr'><em>tt</em></span> <span class='ocrx_word' id='word_1_20' title='bbox 795 610 818 673; x_wconf 84' lang='grc' dir='ltr'><strong><em>Α</em></strong></span> <span class='ocrx_word' id='word_1_21' title='bbox 836 611 863 671; x_wconf 83' lang='grc' dir='ltr'><em>ιι</em></span> <span class='ocrx_word' id='word_1_22' title='bbox 877 614 903 673; x_wconf 85' lang='lat' dir='ltr'><em>F</em></span> <span class='ocrx_word' id='word_1_23' title='bbox 916 612 940 673; x_wconf 85' lang='lat' dir='ltr'><strong><em>A</em></strong></span> <span class='ocrx_word' id='word_1_24' title='bbox 960 614 1013 674; x_wconf 79' lang='lat' dir='ltr'><em>rt</em></span> <span class='ocrx_word' id='word_1_25' title='bbox 1026 615 1059 676; x_wconf 91' lang='lat'><em>0.</em></span> 
     </span>
    </p>
   </div>
   <div class='ocr_carea' id='block_1_4' title="bbox 147 650 1638 859">
    <p class='ocr_par' dir='ltr' id='par_1_4' title="bbox 147 650 1638 859">
     <span class='ocr_line' id='line_1_5' title="bbox 147 650 1638 859; baseline 0.004 -24"><span class='ocrx_word' id='word_1_26' title='bbox 147 650 360 856; x_wconf 82' lang='lat' dir='ltr'><em>Postquam</em></span> <span class='ocrx_word' id='word_1_27' title='bbox 382 775 411 835; x_wconf 87' lang='lat' dir='ltr'><em>V.</em></span> <span class='ocrx_word' id='word_1_28' title='bbox 430 771 477 836; x_wconf 87' lang='lat' dir='ltr'><em>Cl.</em></span> <span class='ocrx_word' id='word_1_29' title='bbox 499 775 589 835; x_wconf 86' lang='lat' dir='ltr'><em>Petro</em></span> <span class='ocrx_word' id='word_1_30' title='bbox 609 769 763 834; x_wconf 87' lang='lat' dir='ltr'><em>lambecio</em></span> <span class='ocrx_word' id='word_1_31' title='bbox 778 770 928 834; x_wconf 87' lang='lat' dir='ltr'><em>laudabile</em></span> <span class='ocrx_word' id='word_1_32' title='bbox 948 772 1024 835; x_wconf 86' lang='lat' dir='ltr'><em>illud</em></span> <span class='ocrx_word' id='word_1_33' title='bbox 1040 774 1197 838; x_wconf 86' lang='lat' dir='ltr'><em>consilium</em></span> <span class='ocrx_word' id='word_1_34' title='bbox 1214 773 1376 852; x_wconf 71' lang='lat' dir='ltr'><strong><em>succurrit,</em></strong></span> <span class='ocrx_word' id='word_1_35' title='bbox 1387 779 1421 834; x_wconf 89' lang='lat' dir='ltr'><em>ut</em></span> <span class='ocrx_word' id='word_1_36' title='bbox 1439 775 1470 836; x_wconf 90' lang='lat' dir='ltr'><em>in</em></span> <span class='ocrx_word' id='word_1_37' title='bbox 1488 792 1546 850; x_wconf 85' lang='lat' dir='ltr'><em>eos,</em></span> <span class='ocrx_word' id='word_1_38' title='bbox 1564 794 1638 859; x_wconf 79' lang='lat' dir='ltr'><em>quos</em></span> 
     </span>
    </p>
   </div>
   <div class='ocr_carea' id='block_1_5' title="bbox 145 863 1638 5001">
    <p class='ocr_par' dir='ltr' id='par_1_5' title="bbox 145 863 1638 2075">
     <span class='ocr_line' id='line_1_6' title="bbox 155 863 1629 952; baseline 0.004 -24"><span class='ocrx_word' id='word_1_39' title='bbox 155 867 285 950; x_wconf 75' lang='lat' dir='ltr'><em>confecit</em></span> <span class='ocrx_word' id='word_1_40' title='bbox 311 867 345 929; x_wconf 87' lang='lat' dir='ltr'><em>de</em></span> <span class='ocrx_word' id='word_1_41' title='bbox 367 864 547 927; x_wconf 74' lang='lat' dir='ltr'><em>Bibliotheca</em></span> <span class='ocrx_word' id='word_1_42' title='bbox 572 863 789 928; x_wconf 82' lang='lat' dir='ltr'><em>Vindobonensi</em></span> <span class='ocrx_word' id='word_1_43' title='bbox 807 867 1043 931; x_wconf 79' lang='lat' dir='ltr'><em>Commentarios</em></span> <span class='ocrx_word' id='word_1_44' title='bbox 1071 888 1149 930; x_wconf 88' lang='lat' dir='ltr'><em>rara</em></span> <span class='ocrx_word' id='word_1_45' title='bbox 1177 868 1324 952; x_wconf 76' lang='lat' dir='ltr'><em>quaedam</em></span> <span class='ocrx_word' id='word_1_46' title='bbox 1349 874 1377 929; x_wconf 89' lang='lat' dir='ltr'><em>et</em></span> <span class='ocrx_word' id='word_1_47' title='bbox 1390 886 1513 949; x_wconf 89' lang='lat' dir='ltr'><em>parua,</em></span> <span class='ocrx_word' id='word_1_48' title='bbox 1527 872 1629 952; x_wconf 90' lang='lat' dir='ltr'><em>pretio</em></span> 
     </span>
     <span class='ocr_line' id='line_1_7' title="bbox 152 958 1633 1044; baseline 0.002 -19"><span class='ocrx_word' id='word_1_49' title='bbox 152 979 266 1044; x_wconf 78' lang='lat' dir='ltr'><em>niaque</em></span> <span class='ocrx_word' id='word_1_50' title='bbox 285 959 430 1042; x_wconf 89' lang='lat' dir='ltr'><em>opuscula</em></span> <span class='ocrx_word' id='word_1_51' title='bbox 450 959 616 1035; x_wconf 73' lang='lat' dir='ltr'><em>inveheret,</em></span> <span class='ocrx_word' id='word_1_52' title='bbox 638 958 767 1021; x_wconf 88' lang='lat' dir='ltr'><em>caeteris</em></span> <span class='ocrx_word' id='word_1_53' title='bbox 797 959 921 1036; x_wconf 86' lang='lat' dir='ltr'><em>deinde,</em></span> <span class='ocrx_word' id='word_1_54' title='bbox 941 963 996 1042; x_wconf 84' lang='lat' dir='ltr'><em>qui</em></span> <span class='ocrx_word' id='word_1_55' title='bbox 1014 962 1172 1043; x_wconf 84' lang='lat' dir='ltr'><em>Catalapos</em></span> <span class='ocrx_word' id='word_1_56' title='bbox 1189 963 1353 1042; x_wconf 81' lang='lat' dir='ltr'><em>insipuium</em></span> <span class='ocrx_word' id='word_1_57' title='bbox 1382 960 1633 1028; x_wconf 86' lang='lat' dir='ltr'><em>Bibliothecarum</em></span> 
     </span>
     <span class='ocr_line' id='line_1_8' title="bbox 145 1052 1632 1140; baseline 0.003 -23"><span class='ocrx_word' id='word_1_58' title='bbox 145 1055 244 1138; x_wconf 71' lang='lat' dir='ltr'><em>paulo</em></span> <span class='ocrx_word' id='word_1_59' title='bbox 262 1056 439 1117; x_wconf 76' lang='lat' dir='ltr'><em>accuratius</em></span> <span class='ocrx_word' id='word_1_60' title='bbox 467 1054 673 1135; x_wconf 72' lang='lat' dir='ltr'><em>conficiendos,</em></span> <span class='ocrx_word' id='word_1_61' title='bbox 693 1052 934 1136; x_wconf 82' lang='lat' dir='ltr'><em>evulpandosque</em></span> <span class='ocrx_word' id='word_1_62' title='bbox 953 1064 1170 1137; x_wconf 81' lang='lat' dir='ltr'><em>succeperunt,</em></span> <span class='ocrx_word' id='word_1_63' title='bbox 1189 1056 1262 1118; x_wconf 89' lang='lat' dir='ltr'><em>utile</em></span> <span class='ocrx_word' id='word_1_64' title='bbox 1280 1055 1358 1117; x_wconf 90' lang='lat' dir='ltr'><em>illud</em></span> <span class='ocrx_word' id='word_1_65' title='bbox 1376 1057 1547 1140; x_wconf 80' lang='lat' dir='ltr'><em>eccemplum</em></span> <span class='ocrx_word' id='word_1_66' title='bbox 1567 1059 1632 1120; x_wconf 92' lang='lat' dir='ltr'><em>imi·</em></span> 
     </span>
     <span class='ocr_line' id='line_1_9' title="bbox 153 1145 1633 1233; baseline 0.001 -21"><span class='ocrx_word' id='word_1_67' title='bbox 153 1150 222 1213; x_wconf 90' lang='lat' dir='ltr'><em>tari</em></span> <span class='ocrx_word' id='word_1_68' title='bbox 235 1149 360 1230; x_wconf 82' lang='lat' dir='ltr'><em>placuit.</em></span> <span class='ocrx_word' id='word_1_69' title='bbox 386 1151 432 1208; x_wconf 91' lang='lat' dir='ltr'><em>lta</em></span> <span class='ocrx_word' id='word_1_70' title='bbox 451 1147 584 1209; x_wconf 86' lang='lat' dir='ltr'><em>conditae</em></span> <span class='ocrx_word' id='word_1_71' title='bbox 603 1147 692 1228; x_wconf 85' lang='lat' dir='ltr'><em>dapes</em></span> <span class='ocrx_word' id='word_1_72' title='bbox 723 1145 814 1207; x_wconf 89' lang='lat' dir='ltr'><em>multo</em></span> <span class='ocrx_word' id='word_1_73' title='bbox 842 1149 1013 1229; x_wconf 85' lang='lat' dir='ltr'><em>sapidiores</em></span> <span class='ocrx_word' id='word_1_74' title='bbox 1032 1151 1075 1212; x_wconf 90' lang='lat' dir='ltr'><em>ad</em></span> <span class='ocrx_word' id='word_1_75' title='bbox 1087 1150 1225 1233; x_wconf 86' lang='lat' dir='ltr'><em>palatum</em></span> <span class='ocrx_word' id='word_1_76' title='bbox 1244 1147 1471 1231; x_wconf 74' lang='lat' dir='ltr'><em>fastidiosorum</em></span> <span class='ocrx_word' id='word_1_77' title='bbox 1489 1168 1633 1232; x_wconf 78' lang='lat' dir='ltr'><em>primum·</em></span> 
     </span>
     <span class='ocr_line' id='line_1_10' title="bbox 151 1237 1633 1327; baseline 0 -21"><span class='ocrx_word' id='word_1_78' title='bbox 151 1243 224 1306; x_wconf 84' lang='lat' dir='ltr'><em>dom</em></span> <span class='ocrx_word' id='word_1_79' title='bbox 246 1242 389 1305; x_wconf 90' lang='lat' dir='ltr'><em>lectorum</em></span> <span class='ocrx_word' id='word_1_80' title='bbox 417 1242 608 1326; x_wconf 78' lang='lat' dir='ltr'><em>efficiuntur,</em></span> <span class='ocrx_word' id='word_1_81' title='bbox 628 1237 739 1319; x_wconf 84' lang='lat' dir='ltr'><em>quibus</em></span> <span class='ocrx_word' id='word_1_82' title='bbox 768 1240 859 1302; x_wconf 89' lang='lat' dir='ltr'><em>crido</em></span> <span class='ocrx_word' id='word_1_83' title='bbox 887 1245 1068 1327; x_wconf 75' lang='lat' dir='ltr'><em>scriptorum</em></span> <span class='ocrx_word' id='word_1_84' title='bbox 1097 1245 1238 1315; x_wconf 86' lang='lat' dir='ltr'><em>nomina,</em></span> <span class='ocrx_word' id='word_1_85' title='bbox 1261 1248 1288 1303; x_wconf 90' lang='lat' dir='ltr'><em>et</em></span> <span class='ocrx_word' id='word_1_86' title='bbox 1306 1241 1455 1324; x_wconf 84' lang='lat' dir='ltr'><em>simplices</em></span> <span class='ocrx_word' id='word_1_87' title='bbox 1485 1243 1633 1310; x_wconf 89' lang='lat' dir='ltr'><em>librorum</em></span> 
     </span>
     <span class='ocr_line' id='line_1_11' title="bbox 151 1333 1633 1420; baseline 0.002 -20"><span class='ocrx_word' id='word_1_88' title='bbox 151 1335 233 1400; x_wconf 87' lang='lat' dir='ltr'><em>tituli</em></span> <span class='ocrx_word' id='word_1_89' title='bbox 252 1337 351 1398; x_wconf 78' lang='lat' dir='ltr'><em>mineus</em></span> <span class='ocrx_word' id='word_1_90' title='bbox 370 1336 498 1417; x_wconf 85' lang='lat' dir='ltr'><em>sepiunt.</em></span> <span class='ocrx_word' id='word_1_91' title='bbox 519 1333 567 1396; x_wconf 84' lang='lat' dir='ltr'><em>Ad</em></span> <span class='ocrx_word' id='word_1_92' title='bbox 583 1334 661 1395; x_wconf 89' lang='lat' dir='ltr'><em>hunc</em></span> <span class='ocrx_word' id='word_1_93' title='bbox 679 1352 792 1396; x_wconf 88' lang='lat' dir='ltr'><em>morem</em></span> <span class='ocrx_word' id='word_1_94' title='bbox 818 1351 881 1397; x_wconf 87' lang='lat' dir='ltr'><em>sese</em></span> <span class='ocrx_word' id='word_1_95' title='bbox 903 1341 1066 1420; x_wconf 84' lang='lat' dir='ltr'><em>composuit</em></span> <span class='ocrx_word' id='word_1_96' title='bbox 1082 1342 1126 1401; x_wconf 84' lang='lat' dir='ltr'><em>lo.</em></span> <span class='ocrx_word' id='word_1_97' title='bbox 1147 1338 1287 1400; x_wconf 76' lang='lat' dir='ltr'><em>eilbertus</em></span> <span class='ocrx_word' id='word_1_98' title='bbox 1309 1337 1493 1416; x_wconf 82' lang='lat' dir='ltr'><em>Fabricius,</em></span> <span class='ocrx_word' id='word_1_99' title='bbox 1514 1345 1576 1401; x_wconf 87' lang='lat' dir='ltr'><em>tum</em></span> <span class='ocrx_word' id='word_1_100' title='bbox 1601 1340 1633 1404; x_wconf 89' lang='lat' dir='ltr'><em>in</em></span> 
     </span>
     <span class='ocr_line' id='line_1_12' title="bbox 155 1428 1628 1514; baseline 0.003 -21"><span class='ocrx_word' id='word_1_101' title='bbox 155 1428 341 1493; x_wconf 79' lang='lat' dir='ltr'><em>Bibliotheca</em></span> <span class='ocrx_word' id='word_1_102' title='bbox 362 1430 497 1508; x_wconf 87' lang='lat' dir='ltr'><em>Graeco,</em></span> <span class='ocrx_word' id='word_1_103' title='bbox 518 1436 580 1490; x_wconf 90' lang='lat' dir='ltr'><em>tum</em></span> <span class='ocrx_word' id='word_1_104' title='bbox 602 1429 632 1489; x_wconf 91' lang='lat' dir='ltr'><em>in</em></span> <span class='ocrx_word' id='word_1_105' title='bbox 651 1431 779 1506; x_wconf 76' lang='lat' dir='ltr'><em>latitia,</em></span> <span class='ocrx_word' id='word_1_106' title='bbox 799 1436 829 1492; x_wconf 91' lang='lat' dir='ltr'><em>et</em></span> <span class='ocrx_word' id='word_1_107' title='bbox 844 1432 874 1490; x_wconf 89' lang='lat' dir='ltr'><em>in</em></span> <span class='ocrx_word' id='word_1_108' title='bbox 892 1434 1046 1512; x_wconf 84' lang='lat' dir='ltr'><em>praesenti</em></span> <span class='ocrx_word' id='word_1_109' title='bbox 1073 1433 1128 1494; x_wconf 89' lang='lat' dir='ltr'><em>hac</em></span> <span class='ocrx_word' id='word_1_110' title='bbox 1155 1449 1247 1514; x_wconf 73' lang='lat' dir='ltr'><em>qinom</em></span> <span class='ocrx_word' id='word_1_111' title='bbox 1265 1433 1297 1491; x_wconf 91' lang='lat' dir='ltr'><em>in</em></span> <span class='ocrx_word' id='word_1_112' title='bbox 1316 1429 1436 1492; x_wconf 88' lang='lat' dir='ltr'><em>ltaliam</em></span> <span class='ocrx_word' id='word_1_113' title='bbox 1455 1432 1628 1513; x_wconf 69' lang='lat' dir='ltr'><em>reproduct’e</em></span> 
     </span>
     <span class='ocr_line' id='line_1_13' title="bbox 153 1522 1635 1609; baseline 0.001 -22"><span class='ocrx_word' id='word_1_114' title='bbox 153 1541 236 1587; x_wconf 84' lang='lat' dir='ltr'><em>mus.</em></span> <span class='ocrx_word' id='word_1_115' title='bbox 256 1525 332 1588; x_wconf 88' lang='lat' dir='ltr'><em>Cum</em></span> <span class='ocrx_word' id='word_1_116' title='bbox 351 1543 421 1587; x_wconf 85' lang='lat' dir='ltr'><em>uero</em></span> <span class='ocrx_word' id='word_1_117' title='bbox 441 1523 644 1585; x_wconf 75' lang='lat' dir='ltr'><em>additamenta</em></span> <span class='ocrx_word' id='word_1_118' title='bbox 660 1522 754 1604; x_wconf 90' lang='lat' dir='ltr'><em>plura</em></span> <span class='ocrx_word' id='word_1_119' title='bbox 774 1542 851 1585; x_wconf 79' lang='lat' dir='ltr'><em>riona</em></span> <span class='ocrx_word' id='word_1_120' title='bbox 870 1523 943 1586; x_wconf 84' lang='lat' dir='ltr'><em>hoec</em></span> <span class='ocrx_word' id='word_1_121' title='bbox 961 1525 1048 1587; x_wconf 86' lang='lat' dir='ltr'><em>editio</em></span> <span class='ocrx_word' id='word_1_122' title='bbox 1065 1526 1245 1609; x_wconf 74' lang='lat' dir='ltr'><em>praeferat,</em></span> <span class='ocrx_word' id='word_1_123' title='bbox 1264 1542 1358 1606; x_wconf 82' lang='lat' dir='ltr'><em>eoque</em></span> <span class='ocrx_word' id='word_1_124' title='bbox 1378 1543 1421 1585; x_wconf 89' lang='lat' dir='ltr'><em>me</em></span> <span class='ocrx_word' id='word_1_125' title='bbox 1440 1525 1565 1588; x_wconf 77' lang='lat' dir='ltr'><em>erithone</em></span> <span class='ocrx_word' id='word_1_126' title='bbox 1583 1544 1635 1589; x_wconf 90' lang='lat' dir='ltr'><em>ac-</em></span> 
     </span>
     <span class='ocr_line' id='line_1_14' title="bbox 153 1615 1631 1701; baseline 0.002 -22"><span class='ocrx_word' id='word_1_127' title='bbox 153 1622 326 1694; x_wconf 72' lang='lat' dir='ltr'><em>cesserint,</em></span> <span class='ocrx_word' id='word_1_128' title='bbox 344 1622 542 1698; x_wconf 88' lang='lat' dir='ltr'><em>opportunum</em></span> <span class='ocrx_word' id='word_1_129' title='bbox 563 1615 636 1677; x_wconf 81' lang='lat' dir='ltr'><em>milii</em></span> <span class='ocrx_word' id='word_1_130' title='bbox 652 1617 772 1698; x_wconf 89' lang='lat' dir='ltr'><em>pariter</em></span> <span class='ocrx_word' id='word_1_131' title='bbox 791 1618 889 1679; x_wconf 88' lang='lat' dir='ltr'><em>uisum</em></span> <span class='ocrx_word' id='word_1_132' title='bbox 921 1628 983 1692; x_wconf 91' lang='lat' dir='ltr'><em>est,</em></span> <span class='ocrx_word' id='word_1_133' title='bbox 1002 1619 1152 1701; x_wconf 87' lang='lat' dir='ltr'><em>opusculis</em></span> <span class='ocrx_word' id='word_1_134' title='bbox 1173 1623 1262 1681; x_wconf 86' lang='lat' dir='ltr'><em>etiam</em></span> <span class='ocrx_word' id='word_1_135' title='bbox 1282 1619 1366 1680; x_wconf 88' lang='lat' dir='ltr'><em>nocis</em></span> <span class='ocrx_word' id='word_1_136' title='bbox 1382 1619 1513 1700; x_wconf 89' lang='lat' dir='ltr'><em>pretium</em></span> <span class='ocrx_word' id='word_1_137' title='bbox 1532 1619 1631 1700; x_wconf 85' lang='lat' dir='ltr'><em>operis</em></span> 
     </span>
     <span class='ocr_line' id='line_1_15' title="bbox 154 1710 1634 1792; baseline -0.001 -17"><span class='ocrx_word' id='word_1_138' title='bbox 154 1728 284 1791; x_wconf 77' lang='lat' dir='ltr'><em>cupere,</em></span> <span class='ocrx_word' id='word_1_139' title='bbox 299 1713 505 1791; x_wconf 73' lang='lat' dir='ltr'><em>lectoresque,</em></span> <span class='ocrx_word' id='word_1_140' title='bbox 521 1712 620 1772; x_wconf 87' lang='lat' dir='ltr'><em>minus</em></span> <span class='ocrx_word' id='word_1_141' title='bbox 637 1710 715 1792; x_wconf 76' lang='lat' dir='ltr'><em>[orte</em></span> <span class='ocrx_word' id='word_1_142' title='bbox 735 1711 777 1771; x_wconf 87' lang='lat' dir='ltr'><em>ad</em></span> <span class='ocrx_word' id='word_1_143' title='bbox 791 1711 961 1791; x_wconf 88' lang='lat' dir='ltr'><em>proletaria</em></span> <span class='ocrx_word' id='word_1_144' title='bbox 980 1731 1046 1774; x_wconf 89' lang='lat' dir='ltr'><em>mea</em></span> <span class='ocrx_word' id='word_1_145' title='bbox 1067 1714 1201 1792; x_wconf 73' lang='lat' dir='ltr'><em>affectos,</em></span> <span class='ocrx_word' id='word_1_146' title='bbox 1221 1712 1350 1773; x_wconf 88' lang='lat' dir='ltr'><em>raritate</em></span> <span class='ocrx_word' id='word_1_147' title='bbox 1370 1716 1398 1772; x_wconf 92' lang='lat' dir='ltr'><em>et</em></span> <span class='ocrx_word' id='word_1_148' title='bbox 1415 1713 1544 1772; x_wconf 78' lang='lat' dir='ltr'><em>tenuitate</em></span> <span class='ocrx_word' id='word_1_149' title='bbox 1560 1710 1634 1775; x_wconf 85' lang='lat' dir='ltr'><em>olie-</em></span> 
     </span>
     <span class='ocr_line' id='line_1_16' title="bbox 153 1803 1638 1887; baseline 0.001 -20"><span class='ocrx_word' id='word_1_150' title='bbox 153 1823 214 1867; x_wconf 87' lang='lat' dir='ltr'><em>nae</em></span> <span class='ocrx_word' id='word_1_151' title='bbox 237 1803 329 1885; x_wconf 82' lang='lat' dir='ltr'><em>hujus</em></span> <span class='ocrx_word' id='word_1_152' title='bbox 348 1804 455 1866; x_wconf 85' lang='lat' dir='ltr'><em>mercis</em></span> <span class='ocrx_word' id='word_1_153' title='bbox 474 1804 595 1867; x_wconf 86' lang='lat' dir='ltr'><em>avidius</em></span> <span class='ocrx_word' id='word_1_154' title='bbox 617 1803 745 1865; x_wconf 81' lang='lat' dir='ltr'><em>trahere.</em></span> <span class='ocrx_word' id='word_1_155' title='bbox 762 1804 867 1866; x_wconf 88' lang='lat' dir='ltr'><em>Pauca</em></span> <span class='ocrx_word' id='word_1_156' title='bbox 886 1811 957 1866; x_wconf 83' lang='lat' dir='ltr'><em>sunt</em></span> <span class='ocrx_word' id='word_1_157' title='bbox 976 1806 1048 1867; x_wconf 81' lang='lat' dir='ltr'><em>haec</em></span> <span class='ocrx_word' id='word_1_158' title='bbox 1066 1806 1102 1868; x_wconf 89' lang='lat' dir='ltr'><em>de</em></span> <span class='ocrx_word' id='word_1_159' title='bbox 1120 1805 1222 1867; x_wconf 88' lang='lat' dir='ltr'><em>mullis</em></span> <span class='ocrx_word' id='word_1_160' title='bbox 1241 1823 1318 1887; x_wconf 84' lang='lat' dir='ltr'><em>quoe</em></span> <span class='ocrx_word' id='word_1_161' title='bbox 1337 1803 1433 1865; x_wconf 86' lang='lat' dir='ltr'><em>Felini</em></span> <span class='ocrx_word' id='word_1_162' title='bbox 1450 1803 1563 1866; x_wconf 84' lang='lat' dir='ltr'><em>Scndei</em></span> <span class='ocrx_word' id='word_1_163' title='bbox 1577 1807 1638 1869; x_wconf 82' lang='lat' dir='ltr'><em>Lu·</em></span> 
     </span>
     <span class='ocr_line' id='line_1_17' title="bbox 155 1896 1632 1980; baseline -0.001 -19"><span class='ocrx_word' id='word_1_164' title='bbox 155 1901 257 1961; x_wconf 84' lang='lat' dir='ltr'><em>censis</em></span> <span class='ocrx_word' id='word_1_165' title='bbox 275 1897 344 1958; x_wconf 90' lang='lat' dir='ltr'><em>olim</em></span> <span class='ocrx_word' id='word_1_166' title='bbox 359 1898 504 1980; x_wconf 81' lang='lat' dir='ltr'><em>Episcopi,</em></span> <span class='ocrx_word' id='word_1_167' title='bbox 516 1898 620 1979; x_wconf 86' lang='lat' dir='ltr'><em>dequo</em></span> <span class='ocrx_word' id='word_1_168' title='bbox 634 1897 726 1980; x_wconf 89' lang='lat' dir='ltr'><em>plura</em></span> <span class='ocrx_word' id='word_1_169' title='bbox 738 1896 784 1959; x_wconf 88' lang='lat' dir='ltr'><em>hic</em></span> <span class='ocrx_word' id='word_1_170' title='bbox 794 1916 849 1959; x_wconf 88' lang='lat' dir='ltr'><em>suo</em></span> <span class='ocrx_word' id='word_1_171' title='bbox 861 1897 921 1958; x_wconf 93' lang='lat' dir='ltr'><em>loco</em></span> <span class='ocrx_word' id='word_1_172' title='bbox 933 1899 988 1979; x_wconf 82' lang='lat' dir='ltr'><em>epi,</em></span> <span class='ocrx_word' id='word_1_173' title='bbox 1000 1897 1179 1961; x_wconf 85' lang='lat' dir='ltr'><em>Bibliotheca</em></span> <span class='ocrx_word' id='word_1_174' title='bbox 1191 1897 1265 1960; x_wconf 90' lang='lat' dir='ltr'><em>mihi</em></span> <span class='ocrx_word' id='word_1_175' title='bbox 1274 1896 1483 1978; x_wconf 85' lang='lat' dir='ltr'><em>suppeditavit,</em></span> <span class='ocrx_word' id='word_1_176' title='bbox 1497 1897 1632 1980; x_wconf 81' lang='lat' dir='ltr'><em>reliqm&#39;s,</em></span> 
     </span>
     <span class='ocr_line' id='line_1_18' title="bbox 154 1990 1633 2075; baseline -0.003 -19"><span class='ocrx_word' id='word_1_177' title='bbox 154 1994 189 2057; x_wconf 91' lang='lat' dir='ltr'><em>in</em></span> <span class='ocrx_word' id='word_1_178' title='bbox 211 1999 327 2075; x_wconf 88' lang='lat' dir='ltr'><em>tempus</em></span> <span class='ocrx_word' id='word_1_179' title='bbox 346 1995 404 2053; x_wconf 86' lang='lat' dir='ltr'><em>Deo</em></span> <span class='ocrx_word' id='word_1_180' title='bbox 423 1994 510 2054; x_wconf 87' lang='lat' dir='ltr'><em>dante</em></span> <span class='ocrx_word' id='word_1_181' title='bbox 528 1993 558 2055; x_wconf 89' lang='lat' dir='ltr'><em>si</em></span> <span class='ocrx_word' id='word_1_182' title='bbox 573 1993 637 2054; x_wconf 88' lang='lat' dir='ltr'><em>vita</em></span> <span class='ocrx_word' id='word_1_183' title='bbox 650 1991 800 2072; x_wconf 88' lang='lat' dir='ltr'><em>supererit</em></span> <span class='ocrx_word' id='word_1_184' title='bbox 814 1990 998 2071; x_wconf 61' lang='lat' dir='ltr'><em>evulgandis.</em></span> <span class='ocrx_word' id='word_1_185' title='bbox 1012 1995 1053 2053; x_wconf 87' lang='lat' dir='ltr'><em>De</em></span> <span class='ocrx_word' id='word_1_186' title='bbox 1068 1992 1194 2068; x_wconf 83' lang='lat' dir='ltr'><em>sinpulis</em></span> <span class='ocrx_word' id='word_1_187' title='bbox 1215 2008 1292 2054; x_wconf 77' lang='lat' dir='ltr'><em>eretria</em></span> <span class='ocrx_word' id='word_1_188' title='bbox 1311 1991 1390 2052; x_wconf 90' lang='lat' dir='ltr'><em>ratio</em></span> <span class='ocrx_word' id='word_1_189' title='bbox 1409 1990 1560 2052; x_wconf 89' lang='lat' dir='ltr'><em>reddendo</em></span> <span class='ocrx_word' id='word_1_190' title='bbox 1581 1998 1633 2056; x_wconf 86' lang='lat' dir='ltr'><em>est.</em></span> 
     </span>
    </p>

    <p class='ocr_par' dir='ltr' id='par_1_6' title="bbox 149 2084 1634 3676">
     <span class='ocr_line' id='line_1_19' title="bbox 217 2084 1634 2168; baseline 0.001 -20"><span class='ocrx_word' id='word_1_191' title='bbox 217 2088 241 2148; x_wconf 89' lang='lat'><em>1.</em></span> <span class='ocrx_word' id='word_1_192' title='bbox 261 2087 304 2147; x_wconf 88' lang='lat' dir='ltr'><em>oe</em></span> <span class='ocrx_word' id='word_1_193' title='bbox 321 2085 402 2146; x_wconf 85' lang='lat' dir='ltr'><em>lulio</em></span> <span class='ocrx_word' id='word_1_194' title='bbox 420 2085 580 2168; x_wconf 88' lang='lat' dir='ltr'><em>Pomponio</em></span> <span class='ocrx_word' id='word_1_195' title='bbox 601 2089 686 2147; x_wconf 85' lang='lat' dir='ltr'><em>Laeto</em></span> <span class='ocrx_word' id='word_1_196' title='bbox 712 2086 848 2166; x_wconf 84' lang='lat' dir='ltr'><em>quamuis</em></span> <span class='ocrx_word' id='word_1_197' title='bbox 873 2084 961 2147; x_wconf 87' lang='lat' dir='ltr'><em>multi</em></span> <span class='ocrx_word' id='word_1_198' title='bbox 988 2087 1081 2146; x_wconf 91' lang='lat' dir='ltr'><em>multo</em></span> <span class='ocrx_word' id='word_1_199' title='bbox 1098 2085 1318 2168; x_wconf 83' lang='lat' dir='ltr'><em>prodiderunt,·</em></span> <span class='ocrx_word' id='word_1_200' title='bbox 1333 2085 1425 2165; x_wconf 90' lang='lat' dir='ltr'><em>plura</em></span> <span class='ocrx_word' id='word_1_201' title='bbox 1445 2095 1517 2147; x_wconf 89' lang='lat' dir='ltr'><em>sunt</em></span> <span class='ocrx_word' id='word_1_202' title='bbox 1536 2092 1634 2149; x_wconf 85' lang='lat' dir='ltr'><em>tamen</em></span> 
     </span>
     <span class='ocr_line' id='line_1_20' title="bbox 152 2177 1629 2263; baseline 0.001 -20"><span class='ocrx_word' id='word_1_203' title='bbox 152 2181 273 2243; x_wconf 89' lang='lat' dir='ltr'><em>incerta</em></span> <span class='ocrx_word' id='word_1_204' title='bbox 306 2179 391 2263; x_wconf 76' lang='lat' dir='ltr'><em>soma</em></span> <span class='ocrx_word' id='word_1_205' title='bbox 419 2179 492 2241; x_wconf 87' lang='lat' dir='ltr'><em>adeo</em></span> <span class='ocrx_word' id='word_1_206' title='bbox 514 2179 669 2256; x_wconf 83' lang='lat' dir='ltr'><em>obuoluta,</em></span> <span class='ocrx_word' id='word_1_207' title='bbox 689 2179 772 2241; x_wconf 90' lang='lat' dir='ltr'><em>utin</em></span> <span class='ocrx_word' id='word_1_208' title='bbox 792 2177 918 2241; x_wconf 87' lang='lat' dir='ltr'><em>obscuro</em></span> <span class='ocrx_word' id='word_1_209' title='bbox 946 2186 1108 2252; x_wconf 88' lang='lat' dir='ltr'><em>maneant,·</em></span> <span class='ocrx_word' id='word_1_210' title='bbox 1127 2179 1207 2242; x_wconf 86' lang='lat' dir='ltr'><em>velut</em></span> <span class='ocrx_word' id='word_1_211' title='bbox 1226 2180 1261 2241; x_wconf 89' lang='lat' dir='ltr'><em>de</em></span> <span class='ocrx_word' id='word_1_212' title='bbox 1279 2179 1424 2241; x_wconf 85' lang='lat' dir='ltr'><em>natalium</em></span> <span class='ocrx_word' id='word_1_213' title='bbox 1443 2198 1573 2260; x_wconf 84' lang='lat' dir='ltr'><em>penore,</em></span> <span class='ocrx_word' id='word_1_214' title='bbox 1592 2180 1629 2244; x_wconf 81' lang='lat' dir='ltr'><em>do</em></span> 
     </span>
     <span class='ocr_line' id='line_1_21' title="bbox 155 2273 1628 2356; baseline -0.003 -16"><span class='ocrx_word' id='word_1_215' title='bbox 155 2274 315 2352; x_wconf 86' lang='lat' dir='ltr'><em>moribus,</em></span> <span class='ocrx_word' id='word_1_216' title='bbox 335 2275 460 2349; x_wconf 89' lang='lat' dir='ltr'><em>studiis,</em></span> <span class='ocrx_word' id='word_1_217' title='bbox 484 2274 597 2349; x_wconf 89' lang='lat' dir='ltr'><em>indole,</em></span> <span class='ocrx_word' id='word_1_218' title='bbox 611 2275 745 2350; x_wconf 87' lang='lat' dir='ltr'><em>nomine,</em></span> <span class='ocrx_word' id='word_1_219' title='bbox 765 2274 832 2349; x_wconf 82' lang='lat' dir='ltr'><em>die,</em></span> <span class='ocrx_word' id='word_1_220' title='bbox 852 2280 882 2335; x_wconf 90' lang='lat' dir='ltr'><em>et</em></span> <span class='ocrx_word' id='word_1_221' title='bbox 897 2292 975 2335; x_wconf 76' lang='lat' dir='ltr'><em>anteo</em></span> <span class='ocrx_word' id='word_1_222' title='bbox 993 2277 1058 2356; x_wconf 74' lang='lat' dir='ltr'><em>ejus</em></span> <span class='ocrx_word' id='word_1_223' title='bbox 1077 2273 1246 2336; x_wconf 85' lang='lat' dir='ltr'><em>emortuali.</em></span> <span class='ocrx_word' id='word_1_224' title='bbox 1266 2274 1392 2355; x_wconf 84' lang='lat' dir='ltr'><em>Siupula</em></span> <span class='ocrx_word' id='word_1_225' title='bbox 1410 2274 1482 2336; x_wconf 88' lang='lat' dir='ltr'><em>haec</em></span> <span class='ocrx_word' id='word_1_226' title='bbox 1501 2288 1544 2337; x_wconf 79' lang='lat' dir='ltr'><em>em</em></span> <span class='ocrx_word' id='word_1_227' title='bbox 1562 2275 1628 2353; x_wconf 91' lang='lat' dir='ltr'><em>isto,</em></span> 
     </span>
     <span class='ocr_line' id='line_1_22' title="bbox 154 2366 1631 2455; baseline -0.002 -22"><span class='ocrx_word' id='word_1_228' title='bbox 154 2370 242 2455; x_wconf 81' lang='lat' dir='ltr'><em>quod</em></span> <span class='ocrx_word' id='word_1_229' title='bbox 258 2387 336 2430; x_wconf 91' lang='lat' dir='ltr'><em>nunc</em></span> <span class='ocrx_word' id='word_1_230' title='bbox 357 2387 409 2449; x_wconf 89' lang='lat' dir='ltr'><em>epo</em></span> <span class='ocrx_word' id='word_1_231' title='bbox 423 2388 543 2451; x_wconf 77' lang='lat' dir='ltr'><em>prennm</em></span> <span class='ocrx_word' id='word_1_232' title='bbox 562 2368 633 2441; x_wconf 89' lang='lat' dir='ltr'><em>edo,</em></span> <span class='ocrx_word' id='word_1_233' title='bbox 651 2366 775 2450; x_wconf 76' lang='lat' dir='ltr'><em>funebri</em></span> <span class='ocrx_word' id='word_1_234' title='bbox 796 2366 874 2427; x_wconf 84' lang='lat' dir='ltr'><em>lulli</em></span> <span class='ocrx_word' id='word_1_235' title='bbox 889 2366 1047 2450; x_wconf 87' lang='lat' dir='ltr'><em>Pomponii</em></span> <span class='ocrx_word' id='word_1_236' title='bbox 1071 2371 1155 2432; x_wconf 84' lang='lat' dir='ltr'><em>Laeti</em></span> <span class='ocrx_word' id='word_1_237' title='bbox 1181 2368 1273 2448; x_wconf 84' lang='lat' dir='ltr'><em>elopia</em></span> <span class='ocrx_word' id='word_1_238' title='bbox 1299 2389 1319 2428; x_wconf 89' lang='lat' dir='ltr'><em>a</em></span> <span class='ocrx_word' id='word_1_239' title='bbox 1350 2368 1497 2430; x_wconf 85' lang='lat' dir='ltr'><em>tlichaele</em></span> <span class='ocrx_word' id='word_1_240' title='bbox 1534 2371 1631 2430; x_wconf 85' lang='lat' dir='ltr'><em>Ferno</em></span> 
     </span>
     <span class='ocr_line' id='line_1_23' title="bbox 154 2457 1633 2546; baseline -0.001 -22"><span class='ocrx_word' id='word_1_241' title='bbox 154 2465 269 2546; x_wconf 78' lang='lat' dir='ltr'><em>scripto</em></span> <span class='ocrx_word' id='word_1_242' title='bbox 291 2463 323 2523; x_wconf 93' lang='lat' dir='ltr'><em>in</em></span> <span class='ocrx_word' id='word_1_243' title='bbox 341 2465 483 2546; x_wconf 85' lang='lat' dir='ltr'><em>majorem</em></span> <span class='ocrx_word' id='word_1_244' title='bbox 503 2462 598 2525; x_wconf 85' lang='lat' dir='ltr'><em>lucem</em></span> <span class='ocrx_word' id='word_1_245' title='bbox 617 2460 832 2524; x_wconf 72' lang='lat' dir='ltr'><em>extrahuntur.</em></span> <span class='ocrx_word' id='word_1_246' title='bbox 856 2457 906 2522; x_wconf 85' lang='lat' dir='ltr'><em>llle</em></span> <span class='ocrx_word' id='word_1_247' title='bbox 926 2463 1001 2524; x_wconf 85' lang='lat' dir='ltr'><em>euim</em></span> <span class='ocrx_word' id='word_1_248' title='bbox 1023 2462 1100 2524; x_wconf 89' lang='lat' dir='ltr'><em>diem</em></span> <span class='ocrx_word' id='word_1_249' title='bbox 1118 2462 1242 2544; x_wconf 75' lang='lat' dir='ltr'><em>fatalem</em></span> <span class='ocrx_word' id='word_1_250' title='bbox 1262 2463 1384 2542; x_wconf 79' lang='lat' dir='ltr'><em>insipm‘s</em></span> <span class='ocrx_word' id='word_1_251' title='bbox 1404 2462 1470 2524; x_wconf 86' lang='lat' dir='ltr'><em>viri</em></span> <span class='ocrx_word' id='word_1_252' title='bbox 1487 2462 1633 2542; x_wconf 76' lang='lat' dir='ltr'><em>emprimil</em></span> 
     </span>
     <span class='ocr_line' id='line_1_24' title="bbox 160 2551 1628 2640; baseline -0.004 -17"><span class='ocrx_word' id='word_1_253' title='bbox 160 2562 194 2623; x_wconf 90' lang='lat' dir='ltr'><em>V.</em></span> <span class='ocrx_word' id='word_1_254' title='bbox 208 2560 282 2622; x_wconf 91' lang='lat' dir='ltr'><em>Idus</em></span> <span class='ocrx_word' id='word_1_255' title='bbox 296 2579 305 2634; x_wconf 93' lang='lat'><em>,·</em></span> <span class='ocrx_word' id='word_1_256' title='bbox 320 2558 404 2619; x_wconf 81' lang='lat' dir='ltr'><em>luriii</em></span> <span class='ocrx_word' id='word_1_257' title='bbox 417 2557 567 2640; x_wconf 74' lang='lat' dir='ltr'><em>profecto,</em></span> <span class='ocrx_word' id='word_1_258' title='bbox 581 2574 651 2616; x_wconf 87' lang='lat' dir='ltr'><em>uam</em></span> <span class='ocrx_word' id='word_1_259' title='bbox 669 2557 770 2618; x_wconf 87' lang='lat' dir='ltr'><em>statim</em></span> <span class='ocrx_word' id='word_1_260' title='bbox 789 2551 828 2615; x_wconf 88' lang='lat' dir='ltr'><em>ab</em></span> <span class='ocrx_word' id='word_1_261' title='bbox 848 2573 880 2616; x_wconf 90' lang='lat' dir='ltr'><em>eo</em></span> <span class='ocrx_word' id='word_1_262' title='bbox 900 2556 980 2617; x_wconf 89' lang='lat' dir='ltr'><em>obitu</em></span> <span class='ocrx_word' id='word_1_263' title='bbox 999 2559 1103 2618; x_wconf 84' lang='lat' dir='ltr'><em>dotum</em></span> <span class='ocrx_word' id='word_1_264' title='bbox 1122 2557 1175 2619; x_wconf 89' lang='lat' dir='ltr'><em>hae</em></span> <span class='ocrx_word' id='word_1_265' title='bbox 1193 2556 1319 2637; x_wconf 81' lang='lat' dir='ltr'><em>elopinm</em></span> <span class='ocrx_word' id='word_1_266' title='bbox 1349 2555 1542 2635; x_wconf 81' lang='lat' dir='ltr'><em>eonsipnatur</em></span> <span class='ocrx_word' id='word_1_267' title='bbox 1571 2556 1628 2617; x_wconf 92' lang='lat' dir='ltr'><em>lll.</em></span> 
     </span>
     <span class='ocr_line' id='line_1_25' title="bbox 159 2648 1627 2731; baseline -0.003 -14"><span class='ocrx_word' id='word_1_268' title='bbox 159 2654 205 2717; x_wconf 85' lang='lat' dir='ltr'><em>ld.</em></span> <span class='ocrx_word' id='word_1_269' title='bbox 234 2654 321 2715; x_wconf 83' lang='lat' dir='ltr'><em>lunii</em></span> <span class='ocrx_word' id='word_1_270' title='bbox 337 2656 411 2713; x_wconf 75' lang='lat' dir='ltr'><em>aterni</em></span> <span class='ocrx_word' id='word_1_271' title='bbox 431 2653 531 2727; x_wconf 84' lang='grc'><strong><em>4498,</em></strong></span> <span class='ocrx_word' id='word_1_272' title='bbox 552 2669 595 2712; x_wconf 78' lang='lat' dir='ltr'><em>ecc</em></span> <span class='ocrx_word' id='word_1_273' title='bbox 613 2669 672 2731; x_wconf 83' lang='lat' dir='ltr'><em>qna</em></span> <span class='ocrx_word' id='word_1_274' title='bbox 691 2649 779 2711; x_wconf 88' lang='lat' dir='ltr'><em>etiam</em></span> <span class='ocrx_word' id='word_1_275' title='bbox 799 2648 834 2710; x_wconf 79' lang='lat' dir='ltr'><em>cle</em></span> <span class='ocrx_word' id='word_1_276' title='bbox 863 2668 941 2710; x_wconf 80' lang='lat' dir='ltr'><em>antio</em></span> <span class='ocrx_word' id='word_1_277' title='bbox 963 2650 1060 2713; x_wconf 88' lang='lat' dir='ltr'><em>obitus</em></span> <span class='ocrx_word' id='word_1_278' title='bbox 1080 2652 1244 2713; x_wconf 84' lang='lat' dir='ltr'><em>edocemur.</em></span> <span class='ocrx_word' id='word_1_279' title='bbox 1265 2653 1342 2713; x_wconf 88' lang='lat' dir='ltr'><em>Hinc</em></span> <span class='ocrx_word' id='word_1_280' title='bbox 1360 2649 1493 2731; x_wconf 89' lang='lat' dir='ltr'><em>deceptos</em></span> <span class='ocrx_word' id='word_1_281' title='bbox 1511 2666 1627 2728; x_wconf 82' lang='lat' dir='ltr'><em>arpuos</em></span> 
     </span>
     <span class='ocr_line' id='line_1_26' title="bbox 159 2743 1626 2830; baseline -0.003 -18"><span class='ocrx_word' id='word_1_282' title='bbox 159 2750 333 2830; x_wconf 75' lang='lat' dir='ltr'><em>Scriptores</em></span> <span class='ocrx_word' id='word_1_283' title='bbox 350 2746 456 2828; x_wconf 91' lang='lat' dir='ltr'><em>plures</em></span> <span class='ocrx_word' id='word_1_284' title='bbox 474 2744 556 2826; x_wconf 85' lang='lat' dir='ltr'><em>opud</em></span> <span class='ocrx_word' id='word_1_285' title='bbox 573 2748 686 2806; x_wconf 89' lang='lat' dir='ltr'><em>Zenum</em></span> <span class='ocrx_word' id='word_1_286' title='bbox 706 2743 823 2805; x_wconf 87' lang='lat' dir='ltr'><em>dissert.</em></span> <span class='ocrx_word' id='word_1_287' title='bbox 843 2743 974 2805; x_wconf 87' lang='lat' dir='ltr'><em>Vossion.</em></span> <span class='ocrx_word' id='word_1_288' title='bbox 994 2751 1059 2804; x_wconf 90' lang='lat' dir='ltr'><em>tom.</em></span> <span class='ocrx_word' id='word_1_289' title='bbox 1081 2746 1120 2807; x_wconf 88' lang='lat' dir='ltr'><em>ll.</em></span> <span class='ocrx_word' id='word_1_290' title='bbox 1140 2745 1258 2808; x_wconf 83' lang='lat' dir='ltr'><em>dissert.</em></span> <span class='ocrx_word' id='word_1_291' title='bbox 1274 2747 1315 2806; x_wconf 77' lang='lat' dir='ltr'><em>tt</em></span> <span class='ocrx_word' id='word_1_292' title='bbox 1321 2745 1350 2805; x_wconf 87' lang='lat' dir='ltr'><em>V.</em></span> <span class='ocrx_word' id='word_1_293' title='bbox 1369 2745 1421 2824; x_wconf 86' lang='lat' dir='ltr'><em>qui</em></span> <span class='ocrx_word' id='word_1_294' title='bbox 1437 2760 1515 2804; x_wconf 88' lang='lat' dir='ltr'><em>anno</em></span> <span class='ocrx_word' id='word_1_295' title='bbox 1535 2745 1626 2818; x_wconf 77' lang='lat' dir='ltr'><em>etet,</em></span> 
     </span>
     <span class='ocr_line' id='line_1_27' title="bbox 158 2836 1630 2922; baseline -0.006 -12"><span class='ocrx_word' id='word_1_296' title='bbox 158 2853 189 2910; x_wconf 87' lang='lat' dir='ltr'><em>et</em></span> <span class='ocrx_word' id='word_1_297' title='bbox 207 2847 323 2907; x_wconf 86' lang='lat' dir='ltr'><em>Zenum</em></span> <span class='ocrx_word' id='word_1_298' title='bbox 346 2842 455 2922; x_wconf 89' lang='lat' dir='ltr'><em>ipsam,</em></span> <span class='ocrx_word' id='word_1_299' title='bbox 475 2839 529 2921; x_wconf 85' lang='lat' dir='ltr'><em>qui</em></span> <span class='ocrx_word' id='word_1_300' title='bbox 544 2857 592 2899; x_wconf 83' lang='lat' dir='ltr'><em>an.</em></span> <span class='ocrx_word' id='word_1_301' title='bbox 611 2838 693 2901; x_wconf 85' lang='grc'><strong><em>4497</em></strong></span> <span class='ocrx_word' id='word_1_302' title='bbox 705 2838 751 2898; x_wconf 86' lang='lat' dir='ltr'><em>die</em></span> <span class='ocrx_word' id='word_1_303' title='bbox 764 2837 799 2899; x_wconf 90' lang='grc'><em>44</em></span> <span class='ocrx_word' id='word_1_304' title='bbox 815 2836 891 2899; x_wconf 88' lang='lat' dir='ltr'><em>ltlnii</em></span> <span class='ocrx_word' id='word_1_305' title='bbox 905 2837 968 2898; x_wconf 83' lang='lat' dir='ltr'><em>vita</em></span> <span class='ocrx_word' id='word_1_306' title='bbox 984 2837 1121 2919; x_wconf 77' lang='lat' dir='ltr'><em>sunctum</em></span> <span class='ocrx_word' id='word_1_307' title='bbox 1142 2840 1256 2900; x_wconf 85' lang='lat' dir='ltr'><em>statuit.</em></span> <span class='ocrx_word' id='word_1_308' title='bbox 1278 2840 1311 2899; x_wconf 90' lang='lat' dir='ltr'><em>ln</em></span> <span class='ocrx_word' id='word_1_309' title='bbox 1328 2837 1450 2919; x_wconf 86' lang='lat' dir='ltr'><em>publica</em></span> <span class='ocrx_word' id='word_1_310' title='bbox 1468 2856 1630 2918; x_wconf 85' lang='lat' dir='ltr'><em>epenorum</em></span> 
     </span>
     <span class='ocr_line' id='line_1_28' title="bbox 159 2928 1627 3020; baseline -0.004 -18"><span class='ocrx_word' id='word_1_311' title='bbox 159 2938 381 3020; x_wconf 80' lang='lat' dir='ltr'><em>aeprotantinm</em></span> <span class='ocrx_word' id='word_1_312' title='bbox 401 2935 473 2996; x_wconf 89' lang='lat' dir='ltr'><em>aede</em></span> <span class='ocrx_word' id='word_1_313' title='bbox 488 2950 652 3014; x_wconf 88' lang='lat' dir='ltr'><em>pauperem</em></span> <span class='ocrx_word' id='word_1_314' title='bbox 682 2934 774 2994; x_wconf 87' lang='lat' dir='ltr'><em>vitum</em></span> <span class='ocrx_word' id='word_1_315' title='bbox 793 2928 954 2993; x_wconf 78' lang='lat' dir='ltr'><em>absolvisse</em></span> <span class='ocrx_word' id='word_1_316' title='bbox 974 2932 1096 3014; x_wconf 88' lang='lat' dir='ltr'><em>scripsit</em></span> <span class='ocrx_word' id='word_1_317' title='bbox 1115 2934 1233 2995; x_wconf 85' lang='lat' dir='ltr'><em>Pierius</em></span> <span class='ocrx_word' id='word_1_318' title='bbox 1256 2933 1431 2994; x_wconf 88' lang='lat' dir='ltr'><em>Valerianus</em></span> <span class='ocrx_word' id='word_1_319' title='bbox 1450 2932 1485 2994; x_wconf 86' lang='lat' dir='ltr'><em>de</em></span> <span class='ocrx_word' id='word_1_320' title='bbox 1505 2933 1627 2996; x_wconf 79' lang='lat' dir='ltr'><em>litorot.</em></span> 
     </span>
     <span class='ocr_line' id='line_1_29' title="bbox 159 3024 1630 3116; baseline -0.005 -22"><span class='ocrx_word' id='word_1_321' title='bbox 159 3030 301 3116; x_wconf 70' lang='lat' dir='ltr'><em>Infelicit.</em></span> <span class='ocrx_word' id='word_1_322' title='bbox 321 3028 369 3090; x_wconf 88' lang='lat' dir='ltr'><em>hb.</em></span> <span class='ocrx_word' id='word_1_323' title='bbox 392 3029 430 3088; x_wconf 95' lang='lat' dir='ltr'><em>ll.</em></span> <span class='ocrx_word' id='word_1_324' title='bbox 450 3029 529 3089; x_wconf 89' lang='lat' dir='ltr'><em>Num</em></span> <span class='ocrx_word' id='word_1_325' title='bbox 559 3044 634 3088; x_wconf 87' lang='lat' dir='ltr'><em>vera</em></span> <span class='ocrx_word' id='word_1_326' title='bbox 659 3024 846 3108; x_wconf 81' lang='lat' dir='ltr'><em>prodiderit,</em></span> <span class='ocrx_word' id='word_1_327' title='bbox 865 3042 944 3085; x_wconf 80' lang='lat' dir='ltr'><em>rinno</em></span> <span class='ocrx_word' id='word_1_328' title='bbox 966 3025 1082 3087; x_wconf 89' lang='lat' dir='ltr'><em>demum</em></span> <span class='ocrx_word' id='word_1_329' title='bbox 1100 3024 1252 3106; x_wconf 78' lang='lat' dir='ltr'><em>ombipere</em></span> <span class='ocrx_word' id='word_1_330' title='bbox 1272 3025 1358 3099; x_wconf 89' lang='lat' dir='ltr'><em>licet,</em></span> <span class='ocrx_word' id='word_1_331' title='bbox 1379 3043 1445 3087; x_wconf 92' lang='lat' dir='ltr'><em>cum</em></span> <span class='ocrx_word' id='word_1_332' title='bbox 1466 3044 1508 3087; x_wconf 76' lang='lat' dir='ltr'><em>en</em></span> <span class='ocrx_word' id='word_1_333' title='bbox 1530 3026 1630 3088; x_wconf 82' lang='lat' dir='ltr'><em>Berna</em></span> 
     </span>
     <span class='ocr_line' id='line_1_30' title="bbox 156 3119 1631 3201; baseline -0.005 -10"><span class='ocrx_word' id='word_1_334' title='bbox 156 3127 304 3191; x_wconf 82' lang='lat' dir='ltr'><em>de&#39;scimus</em></span> <span class='ocrx_word' id='word_1_335' title='bbox 326 3122 471 3184; x_wconf 88' lang='lat' dir='ltr'><em>modicum</em></span> <span class='ocrx_word' id='word_1_336' title='bbox 492 3119 580 3183; x_wconf 80' lang='lat' dir='ltr'><em>illud.</em></span> <span class='ocrx_word' id='word_1_337' title='bbox 601 3119 682 3201; x_wconf 84' lang='lat' dir='ltr'><em>quod</em></span> <span class='ocrx_word' id='word_1_338' title='bbox 700 3122 787 3181; x_wconf 85' lang='lat' dir='ltr'><em>laeto</em></span> <span class='ocrx_word' id='word_1_339' title='bbox 807 3125 1020 3201; x_wconf 80' lang='lat' dir='ltr'><em>superererat,</em></span> <span class='ocrx_word' id='word_1_340' title='bbox 1042 3119 1193 3198; x_wconf 83' lang='lat' dir='ltr'><em>arpentuli</em></span> <span class='ocrx_word' id='word_1_341' title='bbox 1211 3120 1283 3181; x_wconf 92' lang='lat' dir='ltr'><em>dum</em></span> <span class='ocrx_word' id='word_1_342' title='bbox 1309 3121 1437 3182; x_wconf 81' lang='lat' dir='ltr'><em>cubabat</em></span> <span class='ocrx_word' id='word_1_343' title='bbox 1465 3120 1631 3198; x_wconf 82' lang='lat' dir='ltr'><em>depensum</em></span> 
     </span>
     <span class='ocr_line' id='line_1_31' title="bbox 156 3211 1633 3306; baseline -0.003 -24"><span class='ocrx_word' id='word_1_344' title='bbox 156 3220 267 3306; x_wconf 77' lang='lat' dir='ltr'><em>[uisse.</em></span> <span class='ocrx_word' id='word_1_345' title='bbox 286 3215 369 3280; x_wconf 87' lang='lat' dir='ltr'><em>Nihil</em></span> <span class='ocrx_word' id='word_1_346' title='bbox 386 3216 462 3276; x_wconf 89' lang='lat' dir='ltr'><em>enim</em></span> <span class='ocrx_word' id='word_1_347' title='bbox 487 3213 607 3297; x_wconf 71' lang='lat' dir='ltr'><em>fecisset</em></span> <span class='ocrx_word' id='word_1_348' title='bbox 636 3219 770 3295; x_wconf 90' lang='lat' dir='ltr'><em>sumptus</em></span> <span class='ocrx_word' id='word_1_349' title='bbox 799 3213 829 3274; x_wconf 91' lang='lat' dir='ltr'><em>si</em></span> <span class='ocrx_word' id='word_1_350' title='bbox 856 3213 886 3273; x_wconf 89' lang='lat' dir='ltr'><em>iu</em></span> <span class='ocrx_word' id='word_1_351' title='bbox 910 3211 1032 3293; x_wconf 88' lang='lat' dir='ltr'><em>publica</em></span> <span class='ocrx_word' id='word_1_352' title='bbox 1061 3212 1114 3274; x_wconf 88' lang='lat' dir='ltr'><em>illa</em></span> <span class='ocrx_word' id='word_1_353' title='bbox 1132 3213 1204 3274; x_wconf 88' lang='lat' dir='ltr'><em>cede</em></span> <span class='ocrx_word' id='word_1_354' title='bbox 1222 3220 1301 3276; x_wconf 82' lang='lat' dir='ltr'><em>ottae</em></span> <span class='ocrx_word' id='word_1_355' title='bbox 1316 3219 1496 3295; x_wconf 88' lang='lat' dir='ltr'><em>postremam</em></span> <span class='ocrx_word' id='word_1_356' title='bbox 1512 3220 1633 3292; x_wconf 88' lang='lat' dir='ltr'><em>partem</em></span> 
     </span>
     <span class='ocr_line' id='line_1_32' title="bbox 158 3305 1633 3391; baseline -0.006 -12"><span class='ocrx_word' id='word_1_357' title='bbox 158 3313 323 3380; x_wconf 77' lang='lat' dir='ltr'><em>tramisset.</em></span> <span class='ocrx_word' id='word_1_358' title='bbox 342 3309 468 3391; x_wconf 82' lang='lat' dir='ltr'><em>Reliqua</em></span> <span class='ocrx_word' id='word_1_359' title='bbox 487 3327 529 3371; x_wconf 80' lang='lat' dir='ltr'><em>em</em></span> <span class='ocrx_word' id='word_1_360' title='bbox 548 3309 645 3369; x_wconf 86' lang='lat' dir='ltr'><em>eodem</em></span> <span class='ocrx_word' id='word_1_361' title='bbox 665 3311 762 3369; x_wconf 86' lang='lat' dir='ltr'><em>Ferno</em></span> <span class='ocrx_word' id='word_1_362' title='bbox 779 3313 907 3386; x_wconf 83' lang='lat' dir='ltr'><em>repetes.</em></span> <span class='ocrx_word' id='word_1_363' title='bbox 939 3306 1037 3367; x_wconf 82' lang='lat' dir='ltr'><em>l’orro</em></span> <span class='ocrx_word' id='word_1_364' title='bbox 1065 3305 1193 3367; x_wconf 85' lang='lat' dir='ltr'><em>Michael</em></span> <span class='ocrx_word' id='word_1_365' title='bbox 1210 3309 1328 3369; x_wconf 83' lang='lat' dir='ltr'><em>Fernus</em></span> <span class='ocrx_word' id='word_1_366' title='bbox 1346 3305 1572 3369; x_wconf 84' lang='lat' dir='ltr'><em>Mediolanensis</em></span> <span class='ocrx_word' id='word_1_367' title='bbox 1591 3324 1633 3370; x_wconf 77' lang='lat' dir='ltr'><em>ea</em></span> 
     </span>
     <span class='ocr_line' id='line_1_33' title="bbox 151 3398 1628 3484; baseline -0.007 -12"><span class='ocrx_word' id='word_1_368' title='bbox 151 3406 286 3474; x_wconf 84' lang='lat' dir='ltr'><em>editione</em></span> <span class='ocrx_word' id='word_1_369' title='bbox 307 3424 327 3465; x_wconf 92' lang='lat' dir='ltr'><em>a</em></span> <span class='ocrx_word' id='word_1_370' title='bbox 346 3421 378 3465; x_wconf 91' lang='lat' dir='ltr'><em>se</em></span> <span class='ocrx_word' id='word_1_371' title='bbox 393 3403 526 3484; x_wconf 86' lang='lat' dir='ltr'><em>primum</em></span> <span class='ocrx_word' id='word_1_372' title='bbox 547 3408 656 3462; x_wconf 89' lang='lat' dir='ltr'><em>curata</em></span> <span class='ocrx_word' id='word_1_373' title='bbox 675 3417 797 3482; x_wconf 89' lang='lat' dir='ltr'><em>operum</em></span> <span class='ocrx_word' id='word_1_374' title='bbox 814 3400 937 3461; x_wconf 87' lang='lat' dir='ltr'><em>loannis</em></span> <span class='ocrx_word' id='word_1_375' title='bbox 955 3399 1078 3462; x_wconf 78' lang='lat' dir='ltr'><em>Antonii</em></span> <span class='ocrx_word' id='word_1_376' title='bbox 1094 3400 1243 3480; x_wconf 89' lang='lat' dir='ltr'><em>Campani</em></span> <span class='ocrx_word' id='word_1_377' title='bbox 1259 3401 1372 3461; x_wconf 86' lang='lat' dir='ltr'><em>dudum</em></span> <span class='ocrx_word' id='word_1_378' title='bbox 1392 3398 1531 3462; x_wconf 82' lang='lat' dir='ltr'><em>Eruditis</em></span> <span class='ocrx_word' id='word_1_379' title='bbox 1546 3400 1628 3462; x_wconf 91' lang='lat' dir='ltr'><em>inno·</em></span> 
     </span>
     <span class='ocr_line' id='line_1_34' title="bbox 155 3491 1633 3578; baseline -0.006 -12"><span class='ocrx_word' id='word_1_380' title='bbox 155 3502 237 3576; x_wconf 89' lang='lat' dir='ltr'><em>tuit,·</em></span> <span class='ocrx_word' id='word_1_381' title='bbox 256 3517 307 3560; x_wconf 88' lang='lat' dir='ltr'><em>nee</em></span> <span class='ocrx_word' id='word_1_382' title='bbox 327 3496 433 3559; x_wconf 89' lang='lat' dir='ltr'><em>locohi</em></span> <span class='ocrx_word' id='word_1_383' title='bbox 448 3496 624 3578; x_wconf 82' lang='lat' dir='ltr'><em>Antiquurii</em></span> <span class='ocrx_word' id='word_1_384' title='bbox 640 3514 743 3557; x_wconf 87' lang='lat' dir='ltr'><em>nomen</em></span> <span class='ocrx_word' id='word_1_385' title='bbox 762 3496 794 3555; x_wconf 87' lang='lat' dir='ltr'><em>in</em></span> <span class='ocrx_word' id='word_1_386' title='bbox 814 3492 940 3556; x_wconf 82' lang='lat' dir='ltr'><em>obscuro</em></span> <span class='ocrx_word' id='word_1_387' title='bbox 961 3494 1050 3572; x_wconf 87' lang='lat' dir='ltr'><em>latet,</em></span> <span class='ocrx_word' id='word_1_388' title='bbox 1071 3512 1138 3555; x_wconf 92' lang='lat' dir='ltr'><em>cum</em></span> <span class='ocrx_word' id='word_1_389' title='bbox 1157 3494 1238 3557; x_wconf 88' lang='lat' dir='ltr'><em>etde</em></span> <span class='ocrx_word' id='word_1_390' title='bbox 1258 3493 1307 3556; x_wconf 89' lang='lat' dir='ltr'><em>illo</em></span> <span class='ocrx_word' id='word_1_391' title='bbox 1328 3500 1400 3575; x_wconf 84' lang='lat' dir='ltr'><em>apat</em></span> <span class='ocrx_word' id='word_1_392' title='bbox 1418 3491 1582 3559; x_wconf 80' lang='lat' dir='ltr'><em>Fabricius</em></span> <span class='ocrx_word' id='word_1_393' title='bbox 1600 3492 1633 3578; x_wconf 85' lang='lat' dir='ltr'><em>in</em></span> 
     </span>
     <span class='ocr_line' id='line_1_35' title="bbox 149 3590 945 3676; baseline -0.014 -16"><span class='ocrx_word' id='word_1_394' title='bbox 149 3597 206 3661; x_wconf 88' lang='lat' dir='ltr'><em>hoc</em></span> <span class='ocrx_word' id='word_1_395' title='bbox 224 3595 288 3676; x_wconf 87' lang='lat' dir='ltr'><em>ipso</em></span> <span class='ocrx_word' id='word_1_396' title='bbox 306 3611 393 3675; x_wconf 85' lang='lat' dir='ltr'><em>opere</em></span> <span class='ocrx_word' id='word_1_397' title='bbox 416 3593 446 3653; x_wconf 90' lang='lat' dir='ltr'><em>V.</em></span> <span class='ocrx_word' id='word_1_398' title='bbox 465 3592 593 3652; x_wconf 82' lang='lat' dir='ltr'><em>lacobus</em></span> <span class='ocrx_word' id='word_1_399' title='bbox 616 3592 693 3650; x_wconf 82' lang='lat' dir='ltr'><em>Tam.</em></span> <span class='ocrx_word' id='word_1_400' title='bbox 714 3591 728 3649; x_wconf 97' lang='lat' dir='ltr'><em>l</em></span> <span class='ocrx_word' id='word_1_401' title='bbox 734 3590 763 3651; x_wconf 78' lang='grc' dir='ltr'><em>ι’.</em></span> <span class='ocrx_word' id='word_1_402' title='bbox 780 3607 855 3672; x_wconf 86' lang='lat' dir='ltr'><em>pap.</em></span> <span class='ocrx_word' id='word_1_403' title='bbox 875 3590 945 3653; x_wconf 76' lang='lat'><em>295.</em></span> 
     </span>
    </p>

    <p class='ocr_par' dir='ltr' id='par_1_7' title="bbox 148 3682 1634 5001">
     <span class='ocr_line' id='line_1_36' title="bbox 218 3682 1632 3767; baseline -0.004 -14"><span class='ocrx_word' id='word_1_404' title='bbox 218 3693 256 3753; x_wconf 91' lang='lat' dir='ltr'><em>ll.</em></span> <span class='ocrx_word' id='word_1_405' title='bbox 275 3685 445 3752; x_wconf 88' lang='lat' dir='ltr'><em>Succedunt</em></span> <span class='ocrx_word' id='word_1_406' title='bbox 465 3684 590 3767; x_wconf 78' lang='lat' dir='ltr'><em>Cyriaci</em></span> <span class='ocrx_word' id='word_1_407' title='bbox 607 3682 787 3747; x_wconf 83' lang='lat' dir='ltr'><em>Anconitaui</em></span> <span class='ocrx_word' id='word_1_408' title='bbox 805 3682 992 3746; x_wconf 83' lang='lat' dir='ltr'><em>l’icenicollei</em></span> <span class='ocrx_word' id='word_1_409' title='bbox 1009 3688 1022 3762; x_wconf 77' lang='grc'><strong><em>4</em></strong></span> <span class='ocrx_word' id='word_1_410' title='bbox 1031 3683 1074 3745; x_wconf 87' lang='lat' dir='ltr'><em>ita</em></span> <span class='ocrx_word' id='word_1_411' title='bbox 1097 3685 1175 3747; x_wconf 90' lang='lat' dir='ltr'><em>enim</em></span> <span class='ocrx_word' id='word_1_412' title='bbox 1188 3700 1221 3747; x_wconf 83' lang='lat' dir='ltr'><em>se</em></span> <span class='ocrx_word' id='word_1_413' title='bbox 1234 3682 1383 3765; x_wconf 86' lang='lat' dir='ltr'><em>appellat)</em></span> <span class='ocrx_word' id='word_1_414' title='bbox 1403 3682 1554 3766; x_wconf 84' lang='lat' dir='ltr'><em>epistolae.</em></span> <span class='ocrx_word' id='word_1_415' title='bbox 1574 3685 1632 3767; x_wconf 79' lang='lat' dir='ltr'><em>Cy·</em></span> 
     </span>
     <span class='ocr_line' id='line_1_37' title="bbox 151 3776 1633 3860; baseline -0.007 -8"><span class='ocrx_word' id='word_1_416' title='bbox 151 3787 237 3853; x_wconf 76' lang='lat' dir='ltr'><em>enci</em></span> <span class='ocrx_word' id='word_1_417' title='bbox 257 3781 437 3847; x_wconf 78' lang='lat' dir='ltr'><em>Anconitoni</em></span> <span class='ocrx_word' id='word_1_418' title='bbox 453 3798 557 3842; x_wconf 88' lang='lat' dir='ltr'><em>nomen</em></span> <span class='ocrx_word' id='word_1_419' title='bbox 576 3778 713 3841; x_wconf 82' lang='lat' dir='ltr'><em>Eruditis</em></span> <span class='ocrx_word' id='word_1_420' title='bbox 731 3777 859 3840; x_wconf 86' lang='lat' dir='ltr'><em>auribus</em></span> <span class='ocrx_word' id='word_1_421' title='bbox 878 3777 990 3839; x_wconf 89' lang='lat' dir='ltr'><em>dudum</em></span> <span class='ocrx_word' id='word_1_422' title='bbox 1010 3778 1141 3839; x_wconf 87' lang='lat' dir='ltr'><em>insonuit</em></span> <span class='ocrx_word' id='word_1_423' title='bbox 1152 3799 1162 3854; x_wconf 95' lang='lat'><em>,·</em></span> <span class='ocrx_word' id='word_1_424' title='bbox 1181 3795 1233 3839; x_wconf 90' lang='lat' dir='ltr'><em>nec</em></span> <span class='ocrx_word' id='word_1_425' title='bbox 1252 3776 1444 3858; x_wconf 82' lang='lat' dir='ltr'><em>epistolarum</em></span> <span class='ocrx_word' id='word_1_426' title='bbox 1463 3778 1530 3860; x_wconf 79' lang='lat' dir='ltr'><em>ejus</em></span> <span class='ocrx_word' id='word_1_427' title='bbox 1546 3777 1633 3860; x_wconf 75' lang='lat' dir='ltr'><em>fama</em></span> 
     </span>
     <span class='ocr_line' id='line_1_38' title="bbox 151 3871 1634 3961; baseline -0.008 -14"><span class='ocrx_word' id='word_1_428' title='bbox 151 3901 201 3947; x_wconf 91' lang='lat' dir='ltr'><em>me</em></span> <span class='ocrx_word' id='word_1_429' title='bbox 222 3879 424 3961; x_wconf 86' lang='lat' dir='ltr'><em>evulpatorem</em></span> <span class='ocrx_word' id='word_1_430' title='bbox 443 3882 590 3955; x_wconf 78' lang='lat' dir='ltr'><em>eapectct.</em></span> <span class='ocrx_word' id='word_1_431' title='bbox 606 3875 725 3936; x_wconf 87' lang='lat' dir='ltr'><em>Norunt</em></span> <span class='ocrx_word' id='word_1_432' title='bbox 742 3874 818 3935; x_wconf 87' lang='lat' dir='ltr'><em>enim</em></span> <span class='ocrx_word' id='word_1_433' title='bbox 837 3873 901 3940; x_wconf 86' lang='lat' dir='ltr'><em>virt</em></span> <span class='ocrx_word' id='word_1_434' title='bbox 919 3871 998 3933; x_wconf 90' lang='lat' dir='ltr'><em>docti</em></span> <span class='ocrx_word' id='word_1_435' title='bbox 1010 3872 1211 3955; x_wconf 80' lang='lat' dir='ltr'><em>Epistolorum</em></span> <span class='ocrx_word' id='word_1_436' title='bbox 1227 3873 1352 3954; x_wconf 76' lang='lat' dir='ltr'><em>Cyriaci</em></span> <span class='ocrx_word' id='word_1_437' title='bbox 1368 3871 1494 3935; x_wconf 90' lang='lat' dir='ltr'><em>codicem</em></span> <span class='ocrx_word' id='word_1_438' title='bbox 1515 3872 1546 3934; x_wconf 90' lang='lat' dir='ltr'><em>iu</em></span> <span class='ocrx_word' id='word_1_439' title='bbox 1563 3872 1634 3935; x_wconf 84' lang='lat' dir='ltr'><em>hm·</em></span> 
     </span>
     <span class='ocr_line' id='line_1_39' title="bbox 153 3965 1632 4050; baseline -0.009 -8"><span class='ocrx_word' id='word_1_440' title='bbox 153 3977 302 4042; x_wconf 83' lang='lat' dir='ltr'><em>hrasiaua</em></span> <span class='ocrx_word' id='word_1_441' title='bbox 320 3970 503 4035; x_wconf 87' lang='lat' dir='ltr'><em>Bibliotheca</em></span> <span class='ocrx_word' id='word_1_442' title='bbox 522 3970 647 4032; x_wconf 88' lang='lat' dir='ltr'><em>servari</em></span> <span class='ocrx_word' id='word_1_443' title='bbox 656 4018 664 4045; x_wconf 96' lang='lat'><em>,</em></span> <span class='ocrx_word' id='word_1_444' title='bbox 683 3975 718 4030; x_wconf 88' lang='lat' dir='ltr'><em>ut</em></span> <span class='ocrx_word' id='word_1_445' title='bbox 737 3974 870 4030; x_wconf 87' lang='lat' dir='ltr'><em>notatum</em></span> <span class='ocrx_word' id='word_1_446' title='bbox 899 3965 1118 4049; x_wconf 74' lang='lat' dir='ltr'><em>llantfauconio</em></span> <span class='ocrx_word' id='word_1_447' title='bbox 1148 3965 1277 4028; x_wconf 90' lang='lat' dir='ltr'><em>Biblioth</em></span> <span class='ocrx_word' id='word_1_448' title='bbox 1305 3969 1388 4029; x_wconf 84' lang='lat' dir='ltr'><em>MSS.</em></span> <span class='ocrx_word' id='word_1_449' title='bbox 1415 3969 1498 4028; x_wconf 83' lang='lat' dir='ltr'><em>Tamo</em></span> <span class='ocrx_word' id='word_1_450' title='bbox 1522 3966 1546 4028; x_wconf 90' lang='lat' dir='ltr'><em>l.</em></span> <span class='ocrx_word' id='word_1_451' title='bbox 1562 3985 1632 4050; x_wconf 78' lang='lat' dir='ltr'><em>pap.</em></span> 
     </span>
     <span class='ocr_line' id='line_1_40' title="bbox 151 4059 1632 4147; baseline -0.005 -16"><span class='ocrx_word' id='word_1_452' title='bbox 151 4076 228 4141; x_wconf 75' lang='grc'><strong><em>642.</em></strong></span> <span class='ocrx_word' id='word_1_453' title='bbox 260 4073 360 4132; x_wconf 87' lang='lat' dir='ltr'><em>ltaros</em></span> <span class='ocrx_word' id='word_1_454' title='bbox 381 4073 477 4127; x_wconf 86' lang='lat' dir='ltr'><em>tamen</em></span> <span class='ocrx_word' id='word_1_455' title='bbox 498 4065 650 4147; x_wconf 82' lang='lat' dir='ltr'><em>hucusque</em></span> <span class='ocrx_word' id='word_1_456' title='bbox 667 4062 836 4143; x_wconf 81' lang='lat' dir='ltr'><em>prodiisse,</em></span> <span class='ocrx_word' id='word_1_457' title='bbox 855 4059 964 4137; x_wconf 89' lang='lat' dir='ltr'><em>credo,·</em></span> <span class='ocrx_word' id='word_1_458' title='bbox 986 4078 1095 4141; x_wconf 84' lang='lat' dir='ltr'><em>easque</em></span> <span class='ocrx_word' id='word_1_459' title='bbox 1116 4078 1215 4123; x_wconf 80' lang='lat' dir='ltr'><em>omines</em></span> <span class='ocrx_word' id='word_1_460' title='bbox 1234 4060 1367 4141; x_wconf 82' lang='lat' dir='ltr'><em>coltepit,</em></span> <span class='ocrx_word' id='word_1_461' title='bbox 1389 4066 1535 4141; x_wconf 85' lang='lat' dir='ltr'><em>quantum</em></span> <span class='ocrx_word' id='word_1_462' title='bbox 1552 4061 1632 4137; x_wconf 87' lang='lat' dir='ltr'><em>scia,</em></span> 
     </span>
     <span class='ocr_line' id='line_1_41' title="bbox 157 4154 1632 4238; baseline -0.007 -9"><span class='ocrx_word' id='word_1_463' title='bbox 157 4171 192 4233; x_wconf 83' lang='lat' dir='ltr'><em>V.</em></span> <span class='ocrx_word' id='word_1_464' title='bbox 213 4163 259 4230; x_wconf 89' lang='lat' dir='ltr'><em>Cl.</em></span> <span class='ocrx_word' id='word_1_465' title='bbox 279 4160 460 4225; x_wconf 83' lang='lat' dir='ltr'><em>laurentius</em></span> <span class='ocrx_word' id='word_1_466' title='bbox 478 4158 581 4221; x_wconf 86' lang='lat' dir='ltr'><em>blehus</em></span> <span class='ocrx_word' id='word_1_467' title='bbox 596 4203 602 4232; x_wconf 93' lang='lat'><em>,</em></span> <span class='ocrx_word' id='word_1_468' title='bbox 615 4158 739 4238; x_wconf 78' lang='lat' dir='ltr'><em>junctas</em></span> <span class='ocrx_word' id='word_1_469' title='bbox 759 4155 921 4217; x_wconf 89' lang='lat' dir='ltr'><em>ltinerario</em></span> <span class='ocrx_word' id='word_1_470' title='bbox 940 4154 1080 4237; x_wconf 77' lang='lat' dir='ltr'><em>Cyriaci,</em></span> <span class='ocrx_word' id='word_1_471' title='bbox 1094 4174 1113 4215; x_wconf 93' lang='lat' dir='ltr'><em>a</em></span> <span class='ocrx_word' id='word_1_472' title='bbox 1126 4173 1156 4217; x_wconf 91' lang='lat' dir='ltr'><em>se</em></span> <span class='ocrx_word' id='word_1_473' title='bbox 1176 4156 1251 4216; x_wconf 87' lang='lat' dir='ltr'><em>edita</em></span> <span class='ocrx_word' id='word_1_474' title='bbox 1271 4154 1439 4217; x_wconf 86' lang='lat' dir='ltr'><em>Florentiae</em></span> <span class='ocrx_word' id='word_1_475' title='bbox 1469 4173 1518 4216; x_wconf 87' lang='lat' dir='ltr'><em>an.</em></span> <span class='ocrx_word' id='word_1_476' title='bbox 1551 4155 1632 4222; x_wconf 76' lang='grc'><strong><em>4742</em></strong></span> 
     </span>
     <span class='ocr_line' id='line_1_42' title="bbox 153 4248 1631 4332; baseline -0.009 -6"><span class='ocrx_word' id='word_1_477' title='bbox 153 4264 187 4327; x_wconf 93' lang='lat' dir='ltr'><em>in</em></span> <span class='ocrx_word' id='word_1_478' title='bbox 209 4263 238 4325; x_wconf 85' lang='lat'><em>8.</em></span> <span class='ocrx_word' id='word_1_479' title='bbox 260 4258 345 4321; x_wconf 82' lang='lat' dir='ltr'><em>Alios</em></span> <span class='ocrx_word' id='word_1_480' title='bbox 364 4254 403 4317; x_wconf 90' lang='lat' dir='ltr'><em>ab</em></span> <span class='ocrx_word' id='word_1_481' title='bbox 424 4255 469 4316; x_wconf 86' lang='lat' dir='ltr'><em>his</em></span> <span class='ocrx_word' id='word_1_482' title='bbox 488 4253 624 4316; x_wconf 88' lang='lat' dir='ltr'><em>diuersas</em></span> <span class='ocrx_word' id='word_1_483' title='bbox 644 4249 747 4332; x_wconf 90' lang='lat' dir='ltr'><em>reperi</em></span> <span class='ocrx_word' id='word_1_484' title='bbox 760 4250 791 4310; x_wconf 90' lang='lat' dir='ltr'><em>in</em></span> <span class='ocrx_word' id='word_1_485' title='bbox 809 4249 871 4310; x_wconf 90' lang='lat' dir='ltr'><em>cod.</em></span> <span class='ocrx_word' id='word_1_486' title='bbox 892 4251 952 4312; x_wconf 81' lang='lat' dir='ltr'><em>MS.</em></span> <span class='ocrx_word' id='word_1_487' title='bbox 973 4248 1109 4310; x_wconf 88' lang='lat' dir='ltr'><em>Biblioth.</em></span> <span class='ocrx_word' id='word_1_488' title='bbox 1131 4248 1322 4319; x_wconf 78' lang='lat' dir='ltr'><em>Felinicrme,</em></span> <span class='ocrx_word' id='word_1_489' title='bbox 1341 4266 1418 4331; x_wconf 84' lang='lat' dir='ltr'><em>quas</em></span> <span class='ocrx_word' id='word_1_490' title='bbox 1437 4266 1504 4310; x_wconf 92' lang='lat' dir='ltr'><em>cum</em></span> <span class='ocrx_word' id='word_1_491' title='bbox 1524 4249 1631 4328; x_wconf 69' lang='lat' dir='ltr'><em>dipsas</em></span> 
     </span>
     <span class='ocr_line' id='line_1_43' title="bbox 152 4343 1630 4429; baseline -0.009 -10"><span class='ocrx_word' id='word_1_492' title='bbox 152 4374 209 4423; x_wconf 81' lang='lat' dir='ltr'><em>suo</em></span> <span class='ocrx_word' id='word_1_493' title='bbox 229 4353 375 4428; x_wconf 76' lang='lat' dir='ltr'><em>hethere,</em></span> <span class='ocrx_word' id='word_1_494' title='bbox 397 4354 426 4411; x_wconf 88' lang='lat' dir='ltr'><em>et</em></span> <span class='ocrx_word' id='word_1_495' title='bbox 441 4348 505 4411; x_wconf 89' lang='lat' dir='ltr'><em>luce</em></span> <span class='ocrx_word' id='word_1_496' title='bbox 529 4345 655 4429; x_wconf 90' lang='lat' dir='ltr'><em>publica</em></span> <span class='ocrx_word' id='word_1_497' title='bbox 685 4349 791 4406; x_wconf 81' lang='lat' dir='ltr'><em>mereto</em></span> <span class='ocrx_word' id='word_1_498' title='bbox 818 4360 873 4406; x_wconf 87' lang='lat' dir='ltr'><em>suo</em></span> <span class='ocrx_word' id='word_1_499' title='bbox 901 4343 1054 4407; x_wconf 85' lang='lat' dir='ltr'><em>donandus</em></span> <span class='ocrx_word' id='word_1_500' title='bbox 1081 4345 1263 4415; x_wconf 81' lang='lat' dir='ltr'><em>censuerim,</em></span> <span class='ocrx_word' id='word_1_501' title='bbox 1280 4350 1316 4406; x_wconf 90' lang='lat' dir='ltr'><em>ut</em></span> <span class='ocrx_word' id='word_1_502' title='bbox 1330 4344 1377 4405; x_wconf 89' lang='lat' dir='ltr'><em>hic</em></span> <span class='ocrx_word' id='word_1_503' title='bbox 1397 4343 1501 4405; x_wconf 87' lang='lat' dir='ltr'><em>darem</em></span> <span class='ocrx_word' id='word_1_504' title='bbox 1519 4360 1630 4424; x_wconf 88' lang='lat' dir='ltr'><em>operae</em></span> 
     </span>
     <span class='ocr_line' id='line_1_44' title="bbox 148 4429 1632 4537; baseline -0.009 -24"><span class='ocrx_word' id='word_1_505' title='bbox 148 4451 285 4537; x_wconf 82' lang='lat' dir='ltr'><em>pretium</em></span> <span class='ocrx_word' id='word_1_506' title='bbox 308 4463 354 4508; x_wconf 87' lang='lat' dir='ltr'><em>me</em></span> <span class='ocrx_word' id='word_1_507' title='bbox 384 4444 540 4528; x_wconf 77' lang='lat' dir='ltr'><em>sucturum</em></span> <span class='ocrx_word' id='word_1_508' title='bbox 559 4437 709 4522; x_wconf 80' lang='lat' dir='ltr'><em>judicavi.</em></span> <span class='ocrx_word' id='word_1_509' title='bbox 739 4429 889 4499; x_wconf 81' lang='lat' dir='ltr'><em>Adieci&#39;iu</em></span> <span class='ocrx_word' id='word_1_510' title='bbox 914 4439 1013 4500; x_wconf 87' lang='lat' dir='ltr'><em>eodem</em></span> <span class='ocrx_word' id='word_1_511' title='bbox 1037 4439 1135 4500; x_wconf 81' lang='lat' dir='ltr'><em>coelice</em></span> <span class='ocrx_word' id='word_1_512' title='bbox 1159 4439 1279 4520; x_wconf 87' lang='lat' dir='ltr'><em>pariter</em></span> <span class='ocrx_word' id='word_1_513' title='bbox 1297 4437 1484 4518; x_wconf 87' lang='lat' dir='ltr'><em>subjunctam</em></span> <span class='ocrx_word' id='word_1_514' title='bbox 1499 4436 1632 4518; x_wconf 86' lang='lat' dir='ltr'><em>ejusdem</em></span> 
     </span>
     <span class='ocr_line' id='line_1_45' title="bbox 159 4530 1630 4629; baseline -0.009 -24"><span class='ocrx_word' id='word_1_515' title='bbox 159 4544 285 4629; x_wconf 72' lang='lat' dir='ltr'><em>Cyriaci</em></span> <span class='ocrx_word' id='word_1_516' title='bbox 306 4537 527 4603; x_wconf 90' lang='lat' dir='ltr'><em>oratiunculam</em></span> <span class='ocrx_word' id='word_1_517' title='bbox 541 4534 695 4598; x_wconf 84' lang='lat' dir='ltr'><em>occasione</em></span> <span class='ocrx_word' id='word_1_518' title='bbox 713 4530 831 4594; x_wconf 83' lang='lat' dir='ltr'><em>Publici</em></span> <span class='ocrx_word' id='word_1_519' title='bbox 845 4533 987 4594; x_wconf 89' lang='lat' dir='ltr'><em>Foederis</em></span> <span class='ocrx_word' id='word_1_520' title='bbox 1004 4533 1202 4594; x_wconf 80' lang='lat' dir='ltr'><em>Anconitanas</em></span> <span class='ocrx_word' id='word_1_521' title='bbox 1219 4532 1295 4593; x_wconf 87' lang='lat' dir='ltr'><em>inter</em></span> <span class='ocrx_word' id='word_1_522' title='bbox 1313 4544 1340 4593; x_wconf 88' lang='lat' dir='ltr'><em>et</em></span> <span class='ocrx_word' id='word_1_523' title='bbox 1360 4532 1535 4610; x_wconf 81' lang='lat' dir='ltr'><em>Rapusaeos</em></span> <span class='ocrx_word' id='word_1_524' title='bbox 1551 4530 1630 4609; x_wconf 89' lang='lat' dir='ltr'><em>initi,</em></span> 
     </span>
     <span class='ocr_line' id='line_1_46' title="bbox 153 4622 1633 4711; baseline -0.014 -6"><span class='ocrx_word' id='word_1_525' title='bbox 153 4640 209 4705; x_wconf 81' lang='lat' dir='ltr'><em>cui</em></span> <span class='ocrx_word' id='word_1_526' title='bbox 223 4634 349 4700; x_wconf 82' lang='lat' dir='ltr'><em>Foederi</em></span> <span class='ocrx_word' id='word_1_527' title='bbox 360 4630 518 4697; x_wconf 87' lang='lat' dir='ltr'><em>sanciendo</em></span> <span class='ocrx_word' id='word_1_528' title='bbox 535 4629 683 4711; x_wconf 82' lang='lat' dir='ltr'><em>Cyriacus</em></span> <span class='ocrx_word' id='word_1_529' title='bbox 700 4645 766 4688; x_wconf 90' lang='lat' dir='ltr'><em>cum</em></span> <span class='ocrx_word' id='word_1_530' title='bbox 785 4626 856 4689; x_wconf 86' lang='lat' dir='ltr'><em>aliis</em></span> <span class='ocrx_word' id='word_1_531' title='bbox 874 4625 1072 4709; x_wconf 87' lang='lat' dir='ltr'><em>Optimatibus</em></span> <span class='ocrx_word' id='word_1_532' title='bbox 1087 4645 1102 4688; x_wconf 91' lang='lat' dir='ltr'><em>e</em></span> <span class='ocrx_word' id='word_1_533' title='bbox 1118 4628 1183 4688; x_wconf 91' lang='lat' dir='ltr'><em>suis</em></span> <span class='ocrx_word' id='word_1_534' title='bbox 1200 4624 1317 4689; x_wconf 83' lang='lat' dir='ltr'><em>civibus</em></span> <span class='ocrx_word' id='word_1_535' title='bbox 1329 4622 1458 4686; x_wconf 88' lang='lat' dir='ltr'><em>delectus</em></span> <span class='ocrx_word' id='word_1_536' title='bbox 1473 4629 1527 4685; x_wconf 84' lang='lat' dir='ltr'><em>est.</em></span> <span class='ocrx_word' id='word_1_537' title='bbox 1546 4623 1633 4688; x_wconf 89' lang='lat' dir='ltr'><em>Com·</em></span> 
     </span>
     <span class='ocr_line' id='line_1_47' title="bbox 149 4716 1630 4820; baseline -0.011 -22"><span class='ocrx_word' id='word_1_538' title='bbox 149 4732 287 4820; x_wconf 85' lang='lat' dir='ltr'><em>positum</em></span> <span class='ocrx_word' id='word_1_539' title='bbox 305 4727 381 4790; x_wconf 88' lang='lat' dir='ltr'><em>illud</em></span> <span class='ocrx_word' id='word_1_540' title='bbox 402 4733 448 4789; x_wconf 85' lang='lat' dir='ltr'><em>est</em></span> <span class='ocrx_word' id='word_1_541' title='bbox 462 4741 539 4787; x_wconf 85' lang='lat' dir='ltr'><em>anno</em></span> <span class='ocrx_word' id='word_1_542' title='bbox 555 4726 587 4786; x_wconf 84' lang='lat' dir='ltr'><em>ll.</em></span> <span class='ocrx_word' id='word_1_543' title='bbox 606 4721 733 4803; x_wconf 84' lang='lat' dir='ltr'><em>Bupenii</em></span> <span class='ocrx_word' id='word_1_544' title='bbox 749 4721 766 4780; x_wconf 94' lang='lat' dir='ltr'><em>l</em></span> <span class='ocrx_word' id='word_1_545' title='bbox 770 4723 799 4783; x_wconf 87' lang='lat' dir='ltr'><em>V.</em></span> <span class='ocrx_word' id='word_1_546' title='bbox 811 4720 858 4782; x_wconf 90' lang='lat' dir='ltr'><em>die</em></span> <span class='ocrx_word' id='word_1_547' title='bbox 868 4723 949 4783; x_wconf 86' lang='lat' dir='ltr'><em>lllll.</em></span> <span class='ocrx_word' id='word_1_548' title='bbox 967 4724 1037 4784; x_wconf 82' lang='lat' dir='ltr'><em>liat.</em></span> <span class='ocrx_word' id='word_1_549' title='bbox 1057 4720 1209 4800; x_wconf 84' lang='lat' dir='ltr'><em>Quintiles,</em></span> <span class='ocrx_word' id='word_1_550' title='bbox 1229 4719 1305 4780; x_wconf 89' lang='lat' dir='ltr'><em>idest</em></span> <span class='ocrx_word' id='word_1_551' title='bbox 1322 4735 1398 4778; x_wconf 89' lang='lat' dir='ltr'><em>anno</em></span> <span class='ocrx_word' id='word_1_552' title='bbox 1417 4716 1534 4780; x_wconf 83' lang='lat' dir='ltr'><em>Christi</em></span> <span class='ocrx_word' id='word_1_553' title='bbox 1549 4717 1630 4781; x_wconf 74' lang='grc'><strong><em>4444)</em></strong></span> 
     </span>
     <span class='ocr_line' id='line_1_48' title="bbox 156 4809 1633 4898; baseline -0.014 -4"><span class='ocrx_word' id='word_1_554' title='bbox 156 4829 206 4894; x_wconf 83' lang='lat' dir='ltr'><em>die</em></span> <span class='ocrx_word' id='word_1_555' title='bbox 223 4826 290 4892; x_wconf 89' lang='lat' dir='ltr'><em>lllll</em></span> <span class='ocrx_word' id='word_1_556' title='bbox 304 4822 398 4886; x_wconf 85' lang='lat' dir='ltr'><em>lunii.</em></span> <span class='ocrx_word' id='word_1_557' title='bbox 415 4821 510 4886; x_wconf 84' lang='lat' dir='ltr'><em>Multa</em></span> <span class='ocrx_word' id='word_1_558' title='bbox 528 4825 600 4884; x_wconf 89' lang='lat' dir='ltr'><em>sunt</em></span> <span class='ocrx_word' id='word_1_559' title='bbox 615 4817 732 4880; x_wconf 89' lang='lat' dir='ltr'><em>totidem</em></span> <span class='ocrx_word' id='word_1_560' title='bbox 751 4815 797 4878; x_wconf 90' lang='lat' dir='ltr'><em>hic</em></span> <span class='ocrx_word' id='word_1_561' title='bbox 818 4833 966 4898; x_wconf 80' lang='lat' dir='ltr'><em>expressa</em></span> <span class='ocrx_word' id='word_1_562' title='bbox 988 4815 1088 4879; x_wconf 85' lang='lat' dir='ltr'><em>uerbis</em></span> <span class='ocrx_word' id='word_1_563' title='bbox 1103 4832 1141 4877; x_wconf 90' lang='lat' dir='ltr'><em>cc</em></span> <span class='ocrx_word' id='word_1_564' title='bbox 1158 4814 1296 4894; x_wconf 85' lang='lat' dir='ltr'><em>lepuntur</em></span> <span class='ocrx_word' id='word_1_565' title='bbox 1313 4813 1344 4874; x_wconf 90' lang='lat' dir='ltr'><em>in</em></span> <span class='ocrx_word' id='word_1_566' title='bbox 1361 4809 1522 4874; x_wconf 87' lang='lat' dir='ltr'><em>ltinerario</em></span> <span class='ocrx_word' id='word_1_567' title='bbox 1548 4826 1633 4895; x_wconf 82' lang='lat' dir='ltr'><em>tupe-</em></span> 
     </span>
     <span class='ocr_line' id='line_1_49' title="bbox 158 4903 1628 5001; baseline -0.015 -11"><span class='ocrx_word' id='word_1_568' title='bbox 158 4926 226 4990; x_wconf 82' lang='lat' dir='ltr'><em>rius</em></span> <span class='ocrx_word' id='word_1_569' title='bbox 245 4918 398 4995; x_wconf 89' lang='lat' dir='ltr'><em>indicato,·</em></span> <span class='ocrx_word' id='word_1_570' title='bbox 415 4917 489 5001; x_wconf 80' lang='lat' dir='ltr'><em>quin</em></span> <span class='ocrx_word' id='word_1_571' title='bbox 505 4922 534 4980; x_wconf 89' lang='lat' dir='ltr'><em>et</em></span> <span class='ocrx_word' id='word_1_572' title='bbox 551 4916 580 4978; x_wconf 88' lang='lat' dir='ltr'><em>in</em></span> <span class='ocrx_word' id='word_1_573' title='bbox 599 4912 793 4978; x_wconf 84' lang='lat' dir='ltr'><em>itinerarium</em></span> <span class='ocrx_word' id='word_1_574' title='bbox 813 4930 900 4976; x_wconf 89' lang='lat' dir='ltr'><em>suum</em></span> <span class='ocrx_word' id='word_1_575' title='bbox 916 4910 1034 4974; x_wconf 79' lang='lat' dir='ltr'><em>inuenit</em></span> <span class='ocrx_word' id='word_1_576' title='bbox 1051 4911 1197 4992; x_wconf 80' lang='lat' dir='ltr'><em>Cyriacus</em></span> <span class='ocrx_word' id='word_1_577' title='bbox 1214 4925 1262 4988; x_wconf 92' lang='lat' dir='ltr'><em>eo,</em></span> <span class='ocrx_word' id='word_1_578' title='bbox 1280 4906 1404 4990; x_wconf 82' lang='lat' dir='ltr'><em>quaein</em></span> <span class='ocrx_word' id='word_1_579' title='bbox 1420 4905 1477 4968; x_wconf 90' lang='lat' dir='ltr'><em>hac</em></span> <span class='ocrx_word' id='word_1_580' title='bbox 1493 4903 1628 4969; x_wconf 82' lang='lat' dir='ltr'><em>oratimc</em></span> 
     </span>
    </p>
   </div>
   <div class='ocr_carea' id='block_1_6' title="bbox 0 0 1688 5362">
    <p class='ocr_par' dir='ltr' id='par_1_8' title="bbox 0 0 1688 5362">
     <span class='ocr_line' id='line_1_50' title="bbox 0 0 1688 5362; baseline 0 0"><span class='ocrx_word' id='word_1_581' title='bbox 0 0 1688 5362; x_wconf 95' lang='lat' dir='ltr'><em> </em></span> 
     </span>
    </p>
   </div>
  </div>
 </body>
</html>
