3622 5406
727 223 749 282 Ρ
763 221 789 282 11
803 225 826 284 Τ
843 223 868 284 14
884 222 908 283 ll
922 227 944 284 S

87 325 116 386 h.
129 327 215 390 1462.
227 325 316 406 cujus
329 311 480 407 lipr'stolae
490 329 590 390 editae
607 331 625 388 d
642 328 808 392 herinando
868 329 1011 394 44441441
1042 331 1204 394 christvm.
1229 333 1289 394 MS.
1321 332 1424 394 Codex
1444 336 1482 396 itu
1506 231 1587 414 4ἰὲ41.

88 418 194 480 7144144
211 423 283 480 tom.
299 422 328 481 3.
350 421 423 482 iiibl.
442 420 636 484 cisterciens.
656 439 723 499 pag.
740 421 810 482 464.
868 423 945 486 cam
964 423 1102 486 audisset
1120 425 1158 486 sle
1175 427 1258 486 lesa.
1282 425 1349 488 Nr’si
1374 427 1591 506 praecessisset

87 509 160 572 adde
176 511 330 574 Oudinum
353 521 425 576 tom.
447 514 476 574 4.
497 513 672 592 4431664.
866 515 990 580 auditur
1008 516 1098 596 fidei,
1119 517 1203 581 salas
1224 519 1359 597 eorporis
1381 519 1587 582 mercenses.

76 638 81 648 ·
120 603 384 666 peraestuans
417 603 606 667 claraevall.
640 607 722 668 circa
755 605 813 666 An.
869 609 951 688 ls'rpo
981 609 1124 671 minitari
1142 628 1209 672 eam
1238 611 1370 672 seriores
1396 611 1589 675 ludaeorum.

88 697 171 758 4366.
189 713 282 776 supra
304 699 413 764 Petra
428 698 464 762 de
480 699 610 778 Ceffooa.
868 700 994 764 cratitio
1011 701 1156 764 Iudaeam
1172 701 1214 763 ad
1225 701 1379 766 Christum
1393 705 1503 776 4414441ς
1519 723 1589 785 erpo

121 790 140 826 ¹
160 791 308 853 PE'lliUS
329 790 535 873 chrysolopas
551 809 644 871 supra
660 798 683 854 4.
705 797 735 854 4.
750 791 810 853 4416
867 799 897 853 et
913 791 999 856 nohis
1021 793 1093 873 qvia
1107 793 1181 872 fidei
1191 795 1361 874 praecessit
1374 795 1507 872 auditum,
1524 798 1589 858 uita

90 897 142 942 nou
164 890 234 958 est,
255 900 313 946 cur
343 883 392 946 bic
422 892 610 964 praeteream
639 887 813 946 recentissi·
866 887 1004 965 eorporis
1037 903 1113 948 mam
1145 887 1401 968 repelleremini
1426 894 1526 950 autern
1547 887 1590 952 acl

87 993 161 1038 mam
175 993 244 1056 opp.
257 977 443 1056 chrysologi·
461 977 634 1053 editionem,
649 995 739 1054 quam
754 979 811 1042 sub
866 995 932 1039 erem
960 980 1095 1044 seniores
1123 980 1310 1042 ludaeorum
1327 988 1356 1042 el
1377 981 1408 1042 ia
1428 979 1491 1060 depe
1507 982 1589 1063 posi-

87 1073 144 1148 ipso
166 1081 249 1130 euno
268 1085 325 1130 suo
341 1071 505 1132 emortuali
527 1072 684 1148 evulgavit
700 1072 756 1130 vir.
767 1072 808 1132 41.
865 1075 934 1146 tas,
956 1071 1012 1151 qai
1038 1072 1103 1134 siue
1135 1071 1196 1152 lepe
1216 1078 1285 1134 erat
1314 1072 1385 1152 lepis
1405 1073 1590 1136 demonstrat

89 1163 115 1222 P.
135 1162 336 1222 Sebastianus
365 1163 447 1224 Pauli
482 1163 592 1242 congr.
621 1164 725 1224 4141444
755 1165 808 1224 Dei
866 1163 1035 1223 hamorem.
1058 1164 1150 1224 Nemo
1170 1181 1241 1244 erpo
1260 1165 1412 1241 miretur,
1433 1166 1464 1227 si
1490 1166 1588 1226 Genti-

87 1256 229 1316 huceusis
260 1251 372 1316 sodalis
405 1271 494 1316 meus
526 1255 746 1318 dilectissimus
775 1263 807 1318 et
868 1251 905 1316 iis
926 1253 979 1316 hoe
1000 1261 1046 1317 ert
1067 1255 1260 1324 Christianus
1280 1257 1429 1320 ledaeum
1450 1258 1589 1334 advocat,

86 1349 198 1412 4441444
213 1345 287 1408 dam
301 1347 464 1408 viveretis
478 1348 584 1425 primis
597 1347 807 1413 chenssimus.
864 1352 924 1408 aar
936 1348 1078 1428 perducit
1097 1349 1140 1410 orl
1159 1349 1324 1413 christum.

87 1440 194 1502 Prodiit
211 1439 262 1502 illa
282 1441 364 1518 typis
381 1441 504 1504 Venetis
520 1457 569 1504 44.
588 1440 666 1504 4766
684 1447 758 1502 tom.
777 1445 805 1506 4.
901 1441 1019 1502 liursue
1041 1442 1112 1504 editi
1135 1444 1244 1505 ierunt
1266 1445 1303 1504 la
1323 1448 1419 1504 morte
1436 1447 1587 1503 manentes

88 1532 129 1594 141.
150 1534 273 1594 Praeter
303 1547 359 1606 ee,
382 1547 461 1611 quse
493 1535 522 1594 in
553 1532 805 1612 praecedentibus
861 1549 995 1610 arpueas
1010 1533 1054 1594 sic
1068 1533 1217 1598 ludaeos:
1234 1535 1330 1596 Amen
1343 1534 1409 1596 dico
1424 1533 1517 1610 uobis,
1534 1550 1587 1596 nec

7 1627 9 1642 '
85 1631 263 1704 putuerunt,
285 1623 395 1688 adiecit
424 1641 583 1690 44444444
613 1633 731 1706 septem
766 1627 804 1689 de
862 1623 894 1684 44
912 1624 1034 1687 isdrael
1044 1631 1157 1688 1441444
1165 1627 1254 1708 fidem
1266 1627 1372 1692 invent
1386 1627 1487 1692 codex
1500 1645 1588 1688 meus

12 1749 17 1758 ·
84 1719 214 1780 44414444
244 1719 364 1784 Domini
394 1718 573 1797 desumptas
593 1735 632 1780 ex
663 1719 803 1780 Decherii
862 1717 1032 1794 lagitrlmo
1043 1723 1231 1781 remanentes
1245 1720 1290 1781 sic
1303 1735 1436 1798 arpaerss
1446 1718 1587 1781 ludaeos.

84 1809 237 1889 spicilegio
258 1816 332 1870 tom.
353 1811 415 1872 vii.
437 1827 503 1890 pag.
527 1812 595 1874 446.
608 1813 727 1874 Veteris
741 1813 804 1874 edi·
861 1811 1585 1893 Nunquamismmtmnmmpueminoenanmr*

84 1903 190 1978 cona,
211 1903 348 1982 34444444
368 1903 460 1964 etiam
481 1903 557 1966 elios
584 1921 622 1966 ex
637 1904 802 1984 appendice
900 1905 1045 1968 PETSUS
1061 1905 1099 1968 de
1117 1903 1334 1985 clausiaapud
1352 1907 1382 1968 S.
1397 1905 1586 1966 Antoninum

84 1995 261 2058 8444444444
283 1995 313 2057 S.
334 1994 497 2074 Augustini
524 1995 664 2059 editionis
695 1999 802 2062 1114441·
856 2012 977 2060 summa
993 1997 1141 2060 historiar.
1163 1999 1209 2058 444
1231 1999 1280 2059 23.
1302 2015 1366 2076 oep.
1385 1997 1441 2058 xi.
1463 1997 1490 2075 5.
1513 1997 1545 2058 4.
1563 2003 1584 2057 t.

85 2089 249 2149 marimum.
270 2088 433 2150 1444444414
451 2094 549 2150 144444
564 2105 640 2168 opus
661 2090 697 2152 ad
717 2098 802 2154 vete·
856 2090 885 2149 3.
901 2105 968 2169 443.
985 2092 1054 2154 684.
1069 2107 1129 2152 444
1146 2091 1223 2152 elius
1238 2107 1274 2152 aa
1291 2091 1437 2152 PETitUS
1455 2087 1530 2151 Cala
1547 2087 1587 2148 de

86 2195 130 2240 ree
148 2179 233 2242 1488.
254 2178 400 2242 codices:
422 2187 511 2248 44444
530 2183 718 2244 aDominioo
730 2185 802 2246 14414
855 2195 916 2259 quo
933 2199 1023 2261 snpra
1036 2201 1103 2263 pag.
1118 2181 1191 2244 437.
1204 2182 1287 2244 idom
1301 2198 1422 2260 quoque
1437 2181 1587 2242 PETRUS

84 2271 161 2334 olim.
184 2270 349 2334 adornatus
378 2273 524 2345 retinuit,
544 2273 656 2351 quibus
675 2282 708 2334 et
726 2291 802 2338 suae
838 2267 1023 2337 ¹clorlr'easis
1055 2275 1135 2354 apud
1166 2275 1306 2338 Vossitsm
1342 2291 1408 2354 pag.
1440 2273 1511 2334 694.
1547 2289 1586 2334 ex

85 2363 190 2426 edicat
212 2379 268 2426 nec
289 2379 418 2442 444444,
441 2382 498 2428 nec
520 2375 652 2430 414444
686 2367 799 2444 444444,
858 2365 1062 2428 Volaterrano.

85 2455 231 2518 indoctas
612 2475 614 2480 ·
895 2459 993 2521 aare
999 2458 1045 2522 US
1056 2459 1226 2522 Mauricius
1237 2457 1462 2522 Moaboiserr'vs
1477 2475 1587 2536 cogno

120 2549 402 2627 Quamquumvero
418 2548 551 2612 laborem
569 2550 650 2614 bunc
667 2553 724 2611 viri
742 2556 804 2615 exi·
860 2557 964 2612 mento
987 2550 1170 2614 Venerabilis
1187 2552 1259 2614 Ord.
1279 2550 1394 2614 bened.
1410 2549 1513 2612 hbbas
1534 2566 1586 2609 no

86 2642 133 2702 mii
149 2641 266 2721 probo;
288 2641 419 2704 muhum
440 2649 545 2704 444444
565 2643 801 2723 144344444446-
859 2657 919 2704 444
930 2644 1209 2708 CLUNiAciiiiSiS
1225 2644 1263 2706 ab
1279 2643 1316 2708 Α.
1334 2642 1421 2703 4422.
1440 2640 1478 2702 ad
1497 2641 1585 2702 1156.

84 2750 149 2796 esse
167 2733 282 2811 credo,
304 2740 340 2796 ut
356 2733 447 2795 editio
467 2751 593 2812 operum
626 2735 803 2817 chrysologi
860 2733 935 2811 Eius
966 2737 1030 2798 vitu
1052 2738 1203 2816 scriptae
1234 2735 1411 2798 lihDULFO
1439 2733 1586 2794 Monaoho

84 2829 125 2888 sic
145 2825 271 2890 tandem
292 2819 434 2890 omnibus
454 2829 590 2888 numeris
603 2829 739 2892 absolute
756 2848 804 2890 re-
859 2826 1096 2907 ejusdiscipulo,
1108 2829 1145 2890 nd
1158 2827 1344 2908 Stephanum
1356 2827 1504 2888 abbatem
1517 2828 1587 2890 clu·

85 2927 216 2996 putetur.
237 2919 390 2981 Admonet
410 2921 456 2979 vir
476 2920 607 2983 eximius
627 2937 664 2990 ep
696 2924 804 2984 aretio-
861 2921 1030 2984 niaaensem
1043 2920 1492 3000 prodiitiniidmundihiartene
1505 2926 1586 2980 tomo

84 3012 170 3076 nibus
191 3013 278 3074 bisce
303 3013 468 3076 nonnullas
497 3012 661 3084 8444441444
681 3015 802 3076 auidum
859 3022 947 3075 sento
967 3021 1234 3078 monumentorum
1256 3031 1325 3093 pag.
1345 3013 1531 3074 11874464.
1550 3016 1584 3074 14

83 3105 113 3164 14
144 3107 281 3167 vetustis
312 3103 466 3168 codicibus
496 3107 625 3180 ascribi,
658 3124 718 3186 que
748 3123 804 3188 434
857 3105 1377 3170 Andreaeuutemduchesneiiibl.
1393 3104 1586 3168 cluniacensi

81 3199 319 3275 praemonitione
331 3197 460 3282 edoctus
475 3205 644 3276 nactusque
661 3200 692 3260 in
706 3201 803 3260 veteri
859 3200 949 3260 Paris
970 3200 1061 3262 1641.
1078 3199 1129 3260 144.
1142 3199 1274 3260 occurrit
1286 3213 1352 3276 pag.
1368 3197 1437 3288 689.
1447 3195 1584 3275 ejusdem

81 3289 248 3353 homiliario
280 3290 383 3352 codiee
413 3297 532 3369 reperto
559 3293 589 3351 in
621 3291 802 3354 bibliothece
858 3293 920 3352 vita
937 3309 975 3354 ex
992 3294 1089 3352 veteri
1105 3290 1264 3352 chronico.

80 3383 256 3446 Canonicor.
274 3383 373 3444 ilaior.
388 3385 469 3446 Ecci.
487 3386 643 3460 14444414,
661 3401 716 3446 neo
735 3401 802 3446 meo
898 3383 967 3444 Vita
989 3383 1076 3444 Petri
1093 3380 1238 3455 Addaia,
1255 3399 1292 3442 ex
1304 3379 1451 3442 chronico
1464 3383 1585 3443 Clunia-

75 3474 189 3553 judicio
208 3477 296 3538 Saea.
318 3477 365 3540 44.
387 3479 555 3540 recentiore
576 3477 715 3540 homilias
728 3493 803 3555 que·
856 3477 958 3551 44444,
979 3483 1011 3536 44
1030 3491 1096 3554 pag.
1119 3475 1188 3536 664.
1211 3475 1353 3535 Veterum
1376 3471 1413 3532 de
1435 3491 1470 3532 eo
1499 3473 1585 3532 testi-

77 3569 165 3632 46444
185 3569 343 3632 8444444144
375 3571 497 3632 nomine
517 3571 687 3647 praelixas,
709 3587 803 3632 anam
857 3569 974 3643 monia,
996 3569 1026 3630 S.
1048 3565 1191 3628 bernardi
1220 3565 1315 3643 Epist.
1348 3563 1417 3624 477.
1449 3571 1481 3624 41
1513 3565 1583 3626 483.

76 3659 211 3740 aliquam
240 3679 279 3723 44
311 3661 615 3724 iltis·ooniosendam
647 3663 803 3740 assumpsi
857 3659 974 3720 haberti
996 3660 1033 3720 de
1054 3661 1173 3733 144414,
1194 3657 1334 3720 Matthaei
1358 3655 1481 3729 Parisii,
1505 3657 1583 3716 lien·
1711 3667 1715 3672 ·

9 3757 10 3768 ¹
75 3769 144 3816 cum
168 3755 292 3816 homilia
315 3755 512 3834 chrysologi,
535 3771 613 3834 quae
640 3757 719 3816 inter
740 3755 803 3816 edi-
858 3753 910 3812 rici
932 3752 970 3812 de
990 3751 1135 3814 Gandavo
1155 3767 1220 3829 cap.
1242 3751 1291 3810 49.
1313 3745 1427 3810 Nicolai
1447 3748 1487 3808 de
1516 3749 1584 3810 Cia-

77 3855 123 3908 144
143 3857 197 3910 444
218 3846 282 3910 cll.
305 3847 471 3926 Utramque
490 3849 733 3910 consentientem
756 3862 802 3908 re
857 3847 992 3924 mergis,
1015 3847 1139 3904 loannis
1160 3843 1318 3904 'luitbemii
1339 3859 1405 3920 esp.
1424 3841 1455 3902 14
1463 3843 1491 3902 8.
1502 3841 1539 3900 de
1552 3843 1583 3902 S.

9 3915 11 3992 l
74 3942 498 4020 pemsimultamenugnovi
518 3941 802 4019 hiulcaessequee-
857 3938 891 3998 ii.
913 3944 946 3996 et
965 3937 1002 3998 41.
1037 3937 1105 3998 iiia
1139 3935 1304 3998 illustrium
1334 3932 1519 3994 benedictin.
1552 3940 1584 3993 et

9 4075 10 4080 1
73 4033 143 4095 dam
167 4036 200 4094 in
221 4033 326 4110 edito,
345 4021 423 4112 quea
443 4034 562 4112 egregie
583 4033 802 4111 supplebantur
858 4029 989 4092 aliorum
1001 4073 1009 4106 ,
1021 4027 1089 4088 inde
1102 4045 1168 4108 pag.
1182 4027 1251 4088 667.
1262 4026 1375 4086 PETRI
1389 4023 1585 4086 Piclaoierrsis

10 4127 11 4194 Ϊ
73 4126 228 4188 ecodice
251 4127 311 4187 iilo.
334 4126 430 4188 Unam
451 4126 618 4188 alteramve
640 4125 802 4185 lectionem
857 4119 995 4182 11444444
1017 4121 1152 4199 Epistola
1174 4119 1218 4208 ad
1233 4119 1428 4194 Mauritium,
1449 4121 1586 4198 Panegy-

10 4209 12 4238 ³
73 4219 248 4278 4444444444
267 4217 437 4295 proferam,
459 4224 493 4279 ut
524 4217 653 4278 lectores
673 4215 712 4278 de
732 4231 801 4276 coe-
857 4216 941 4276 44444
964 4215 1105 4276 versibus
1125 4215 1219 4293 elegis
1241 4212 1343 4275 dictus
1364 4215 1394 4273 44
1417 4213 1513 4290 primo
1532 4211 1585 4273 ad-

72 4312 147 4372 ieris
166 4308 321 4388 judicium
341 4311 471 4387 capiam.
493 4309 526 4370 ln
547 4309 629 4370 edito
650 4309 798 4386 legimus:
856 4314 951 4370 ventu
973 4309 1052 4368 Petri
1074 4306 1201 4368 Abbatie
1223 4307 1253 4366 in
1269 4305 1461 4383 Aquitaniam
1475 4321 1585 4365 secuu-

10 4397 12 4470 4
73 4403 152 4464 cv·
184 4400 325 4463 credisset
352 4401 389 4462 ile
407 4403 500 4477 lesu,
522 4401 665 4464 mirae
684 4419 734 4464 eos
754 4418 801 4463 se·
854 4399 946 4475 dam,
964 4407 996 4460 et
1017 4401 1169 4460 invectiva
1191 4400 1221 4458 in
1242 4398 1496 4462 calumniatorem
1516 4411 1584 4472 pag.

10 4477 12 4526 '
71 4497 174 4558 mores
195 4495 392 4558 lsdmoram
424 4493 550 4558 mahts
579 4493 728 4558 ledaeum
759 4493 801 4566 acl
854 4495 922 4554 646.
943 4499 976 4553 44
996 4500 1071 4554 tom.
1087 4492 1129 4552 24
1159 4492 1233 4552 bibi.
1255 4493 1379 4552 Petrum
1401 4486 1495 4564 1436.
1513 4503 1581 4563 peg.

10 4555 12 4646 l
73 4587 236 4651 cla-istum
265 4587 376 4662 auam
395 4593 425 4648 et
455 4588 486 4648 in
514 4587 576 4668 iope
599 4587 726 4668 positus,
747 4585 803 4668 qu'
856 4580 1412 4663 84684444414411444444444444
1441 4580 1584 4651 Petrum,

10 4665 11 4716 ³
69 4681 319 4758 reelegimus,
338 4679 609 4759 lepisdemaasiral
635 4687 799 4742 4441444444.
857 4693 923 4755 pag·
949 4676 1019 4738 648.
1040 4674 1148 4754 (bugd.
1170 4693 1236 4754 pag·
1259 4673 1341 4746 825)
1358 4685 1418 4747 qua
1442 4683 1513 4727 Qum
1545 4664 1584 4724 ad

10 4735 13 4818 l
72 4775 167 4836 Nemo
204 4791 274 4853 erpo
304 4771 433 4832 miretur
464 4773 493 4833 si
522 4773 645 4834 Gentius
678 4773 731 4832 hoc
758 4776 804 4831 esl
858 4769 967 4846 ingenii
989 4770 1036 4829 8114
1060 4771 1257 4828 monumenta
1278 4758 1455 4841 publicanda
1484 4759 1584 4816 horta·
1629 4849 1632 4854 Ι

72 4866 274 4930 christianas
294 4871 351 4926 aat
370 4871 476 4942 44444,
498 4865 647 4928 4444444444
663 4869 717 4926 441
731 4879 800 4942 per-
858 4867 910 4920 tus
931 4861 1011 4919 inter
1033 4859 1089 4922 alia
1111 4859 1247 4920 celebrat
1268 4855 1316 4916 his
1337 4851 1458 4914 verbis:
1483 4847 1582 4924 llam,

1302 4972 1359 5034 484
