3568 5414
639 197 962 262 ohistl't'itis
1492 219 1549 280 105

125 315 305 382 olinitius
335 313 373 374 ab
405 311 510 380 horum
539 315 664 386 utroque
685 308 711 382 a)
745 313 778 368 ut
832 309 1056 370 Commonitorii
1072 311 1195 388 Orientii
1210 311 1552 398 lidrumeousqueine-

96 415 150 476 mibi
165 409 319 490 persuadeo
336 407 495 478 diversus,
519 404 637 466 natione
654 401 777 474 Gallus,
833 399 928 462 ditum
938 401 1084 484 ,adjunxit
1099 405 1117 464 4
1131 413 1305 482 pervetusto
1323 410 1430 472 Codice
1447 415 1552 476 Eccle-

94 515 176 570 444444
195 496 415 572 Cornmonitorii
433 497 589 566 fidelium,
610 497 661 574 qui
692 511 778 573 paga·
834 496 895 554 siae
917 496 946 555 S.
968 498 1084 558 44444444
1110 500 1308 572 Turonensis.
1330 504 1367 565 ah
1387 509 1476 568 annis
1497 512 1553 569 cir-

92 617 146 662 rum
162 616 191 660 se
209 599 299 658 luisse
320 611 378 655 non
406 592 552 654 diffitetur
573 591 621 650 his
638 588 777 648 versibus
835 588 910 646 citer
925 588 993 648 800.
1012 599 1153 667 exarato,
1172 611 1230 653 uns
1248 611 1317 655 cum
1331 597 1397 658 aliis
1413 599 1550 678 ejusdem

92 699 113 754 iu
134 689 298 772 deprecandi
318 689 455 760 cantico,
476 683 555 764 apud
581 682 776 744 Edmundum
835 678 959 739 Orientii
992 683 1135 744 versibus
1169 677 1300 748 lleroicis
1329 688 1365 748 de
1398 692 1553 754 nativitate

89 789 196 848 44444444
211 780 394 846 collectionis
409 793 505 840 novae
526 777 561 837 A.
576 775 711 854 liddqp.
730 773 778 834 37.
837 773 973 848 Domini,
993 783 1025 838 et
1043 779 1220 840 Decasticho
1240 781 1369 859 elegiaco
1390 783 1426 844 de
1446 785 1554 868 epithe-

141 907 226 953 moe
241 895 705 954 mmmmmmmm,
750 927 752 935 ,
791 867 795 870 ’
836 865 873 926 444
905 869 970 928 sive
1004 871 1174 932 nominibus
1205 869 1391 936 salvatoris:
1412 878 1552 940 Carmine

140 981 242 1040 4444444
258 975 360 1026 undem
376 977 492 1036 rupinus
509 971 645 1033 4444444444
676 956 677 962 ’
835 959 1010 1022 hexametro
1043 960 1079 1022 de
1114 963 1259 1024 Trinitnte
1290 974 1380 1044 atquo
1414 970 1471 1032 alio
1492 990 1552 1051 quo

139 1056 195 1104 nun
210 1051 336 1114 4444444444
353 1047 503 1098 4444444444
519 1046 634 1126 instim-
838 1049 1012 1132 explanatio
1033 1055 1195 1116 Nominum
1217 1057 1336 1119 Domini
1363 1066 1551 1127 continetur:

86 1153 202 1232 idemque
221 1151 323 1212 clades
342 1149 454 1220 Galliae
475 1167 528 1227 par
549 1149 662 1210 Gothos
680 1149 776 1210 medio
829 1151 860 1204 et
894 1163 975 1222 quos
995 1149 1012 1208 4
1033 1151 1140 1212 xxiv.
1173 1151 1260 1222 illius
1280 1153 1504 1232 precationibus
1525 1165 1554 1219 et

86 1246 182 1306 saeculo
200 1247 306 1323 quinto
327 1244 425 1304 illatas
446 1242 555 1302 dolens
575 1244 639 1302 ait:
834 1236 951 1318 hymnis
969 1239 1099 1318 iambico
1121 1261 1214 1306 versu
1238 1249 1358 1325 scriptis
1378 1250 1458 1310 solos
1478 1249 1552 1314 dnos

112 1345 765 1414 recensionemmiummnepee.inmediniuctue
830 1336 950 1412 reperit.
974 1337 1196 1398 Marteneauam
1219 1338 1382 1402 editionem
1415 1343 1452 1404 de
1480 1347 1555 1406 inte·

138 1430 185 1476 444
204 1423 564 1486 tumritnuiiemrerogo.
666 1489 669 1496 ,
832 1444 883 1504 gro
905 1432 1078 1503 recensuit,
1100 1433 1255 1511 variisque
1291 1435 1364 1496 locis
1394 1440 1552 1516 castigavit

83 1529 165 1605 ioque
187 1527 224 1589 de
245 1527 428 1606 Episcopatu
449 1525 518 1604 ejus
537 1521 617 1602 npud
645 1522 781 1601 sigeber·
833 1528 865 1581 et
884 1523 1017 1583 virorum
1040 1523 1195 1586 doctorum
1223 1526 1338 1590 4444444
1364 1531 1554 1592 animadver-

82 1626 131 1680 tun
150 1623 210 1681 sive
231 1621 324 1684 alium
346 1635 518 1697 quenquam
541 1624 700 1692 veterum,
721 1621 776 1676 aut
836 1615 937 1674 siones
967 1623 998 1676 et
1028 1617 1147 1693 copiose
1168 1619 1377 1698 prolegomena
1398 1625 1553 1700 praemisit

80 1713 103 1772 in
119 1713 269 1776 codicibus
291 1713 503 1790 blanuscripiis
524 1712 693 1776 carminum
715 1712 782 1784 ejus
837 1707 1045 1771 Nobilissimus
1055 1713 1088 1770 0.
1101 1713 1247 1773 hienricus
1259 1715 1431 1776 Leonardus
1443 1717 1553 1779 Schue-

82 1809 193 1883 4444444,
214 1807 269 1868 sed
288 1807 463 1886 sigebertus
480 1823 545 1884 cap.
568 1805 618 1864 34.
643 1801 781 1864 mannus
837 1804 1043 1878 talleischius,
1064 1803 1254 1882 Witebergae
1274 1808 1361 1868 4704.
1385 1811 1412 1868 t.
1491 1829 1510 1871 e

80 1897 325 1962 Commonitorium
348 1898 470 1979 scripsit
494 1905 587 1960 metro
609 1897 726 1960 heroico
751 1897 779 1972 b)
873 1897 995 1958 Addidit
1012 1897 1089 1957 idern
1106 1889 1214 1958 deinde
1232 1900 1476 1978 supplementum
1494 1921 1548 1962 ex·

79 1991 170 2062 iimmo
190 1994 307 2072 elegis)
329 1999 363 2053 nt
383 1991 513 2054 mulcent
532 1993 674 2074 tepentem
693 2013 781 2060 eonor
834 2007 942 2052 cusum
964 1992 1100 2078 44444444
1133 1991 1219 2052 4746.
1253 1994 1279 2052 t.
1313 1994 1342 2052 in
1365 2011 1424 2071 quo
1446 1995 1550 2056 Variae

79 2079 250 2166 breviloquio.
285 2089 451 2148 venantius
489 2089 693 2170 Fortunatus,
728 2092 779 2168 qui
834 2085 990 2144 Lectiones
1011 2101 1048 2143 ex
1074 2083 1182 2145 Codice
1198 2085 1381 2162 Anglicano‚
1403 2094 1552 2166 notaeque

80 2177 159 2239 medio
178 2182 283 2242 seculo
300 2187 387 2242 sexto
403 2182 524 2259 scripsit
546 2183 575 2241 iu
597 2182 709 2257 Gallia,
731 2183 781 2244 lib.
835 2195 930 2238 novae
951 2186 982 2238 et
1003 2179 1134 2257 priorum
1156 2178 1324 2239 editionum
1343 2182 1551 2257 praelationes,

77 2273 98 2328 t.
113 2271 145 2332 de
166 2275 228 2333 vita
247 2275 364 2334 hiartiui
383 2265 464 2333 rere.
485 2273 532 2334 17.
555 2279 692 2346 tuveucq
710 2293 779 2338 eum
834 2273 1103 2350 annotationesque
1127 2289 1165 2332 ex
1188 2273 1259 2332 4444.
1273 2273 1445 2334 4444444444.
1466 2277 1554 2336 Deni-

75 2359 184 2441 jungens
201 2366 387 2443 Sedulioque
401 2383 437 2427 ac
458 2367 628 2440 trudendo,
639 2369 781 2445 Paulino,
834 2380 894 2441 que
916 2363 1071 2426 laudatus.
1087 2363 1269 2425 Edmundus
1289 2367 1422 2430 biurtene
1450 2368 1555 2427 Orien-

74 2454 169 2518 lraiori
192 2467 289 2538 atque
311 2460 446 2520 dlcimo:
680 2516 683 2524 ‚
835 2459 910 2518 tium
934 2460 1041 2518 iterum
1076 2457 1160 2517 dedit
1181 2457 1294 2519 additis
1316 2461 1394 2518 notis
1415 2468 1446 2519 et
1466 2463 1554 2522 casti-

129 2552 266 2616 eencsque
281 2553 430 2615 perstrinxit
449 2551 557 2604 4444444
573 2557 702 2608 orientius
717 2569 770 2608 ore.
836 2549 1026 2628 gatlouibu8‚.
1041 2553 1069 2608 iu
1088 2551 1221 2610 thesauri
1240 2551 1454 2614 anecdotorum
1474 2560 1554 2614 tomo

71 2636 285 2704 Commonitorii
313 2641 446 2704 fidelium
474 2641 586 2704 librum
602 2644 738 2724 priorem
765 2649 783 2706 4
838 2644 943 2720 quinto
965 2645 1032 2704 siue
1054 2643 1159 2706 ultimo
1181 2659 1246 2721 pag.
1272 2645 1319 2705 40.
1342 2645 1434 2706 Paris.
1468 2645 1555 2707 4747.

71 2732 242 2796 membranis
252 2731 558 2812 Aquiciuutensibue,
569 2755 698 2816 quarum
710 2755 780 2816 apo·
839 2738 886 2798 lol.
908 2739 941 2800 lo
963 2739 1129 2800 orientium
1152 2738 1365 2814 castigationes
1385 2745 1416 2798 et
1435 2740 1551 2800 anime·

67 2826 255 2901 prephumeh
269 2826 422 2890 heriberto
437 2829 596 2905 4444444444
611 2839 780 2909 acceperat,
835 2830 1012 2892 dversionee
1032 2831 1076 2906 to.
1099 2829 1263 2892 Commiril
1291 2829 1322 2890 S.
1345 2833 1367 2891 4.
1393 2830 1554 2894 occurrunt

70 2913 145 2977 edidit
165 2923 314 2997 notisque
342 2923 503 2984 illustravit
523 2925 670 2985 Martinus
690 2923 781 2984 4444-
828 2926 864 2982 44
887 2927 1040 2986 memoriis
1065 2925 1209 2986 litemriis
1227 2925 1408 2985 Trevoltinis
1424 2925 1460 2985 Α.
1477 2926 1549 2988 4704

65 3010 120 3070 nius
139 3015 244 3074 Delrio
280 3017 306 3091 ol
335 3017 364 3078 S.
386 3017 407 3078 i.
429 3015 587 3097 hntrserp.
618 3018 708 3080 4000.
735 3020 781 3080 it.
835 3037 864 3098 p.
886 3019 953 3081 tlt.
976 3036 1040 3098 seq.
1060 3028 1091 3079 et
1113 3027 1198 3098 parte
1221 3020 1249 3079 2.
1274 3039 1300 3099 p.
1323 3021 1390 3081 332.
1417 3037 1481 3098 seq.
1506 3021 1555 3079 Jo-

64 3097 153 3166 deiude
171 3107 417 3170 damiresiusde
435 3111 529 3170 Prado
546 3127 615 3172 cum
634 3101 806 3174 0444444444
835 3111 922 3174 onmis
955 3130 1027 3173 vero
1059 3112 1181 3191 Georpr'i
1202 3113 1326 3174 Eccorti
1345 3113 1376 3172 in
1399 3110 1554 3174 444444044-

64 3198 127 3256 notis
141 3199 189 3288 edi
205 3215 340 3262 curasse
357 3202 783 3267 traditurSalmanticae.lte-
834 3203 917 3266 chesn
938 3201 1064 3285 Ansdnp
1085 3223 1142 3268 ons
1162 3205 1454 3269 deuteronimii.
1473 3223 1557 3268 men-

63 3301 115 3348 tum
129 3294 308 3373 iterumque
322 3295 393 3356 hinc
406 3297 554 3357 Delrinnis
568 3299 661 3360 editio
676 3315 781 3362 recusa
839 3315 872 3360 se
893 3299 1014 3360 Octobri
1037 3317 1102 3379 pag.
1123 3298 1172 3360 27.
1192 3317 1256 3378 seq.
1536 3359 1538 3364 .

62 3377 220 3448 nentrum
241 3388 458 3466 Bibliothecis,
475 3391 578 3452 Coton.
597 3401 672 3454 tom.
694 3396 726 3455 V.
751 3402 782 3454 et
880 3393 967 3454 Alius
991 3392 1133 3453 04444444
1153 3391 1254 3454 40044
1276 3395 1305 3454 44
1333 3401 1435 3454 moute
1465 3396 1556 3468 Sina,

22 3479 23 3522 ἲ
62 3467 231 3554 tuentem.
260 3482 336 3542 vtii.
355 3482 493 3546 Andreas
507 3501 627 3563 quoque
650 3487 777 3552 hirinus
835 3485 926 3566 cujus
965 3485 1111 3565 spodio.
1131 3485 1284 3546 Moschum
1307 3487 1336 3545 in
1358 3493 1443 3565 prato
1472 3489 1558 3565 spiri·

62 3574 199 3634 nmneuit
217 3575 388 3653 Lipsiaeet
407 3593 476 3638 cum
496 3581 654 3641 actissuis
674 3595 774 3642 seva·
842 3579 920 3640 tuali
942 3581 1063 3640 mentio.
1097 3579 1182 3641 Alius
1204 3579 1305 3640 itidem
1329 3579 1480 3640 Orr'ente'ns
1502 3581 1557 3640 lle-

22 3667 24 3736 l
62 3659 155 3725 4444444
176 3667 297 3744 Delrii,
319 3657 430 3730 Barthi'i
449 3677 506 3732 etc.
530 3672 666 3751 vulgarit
686 3674 773 3735 duno
835 3673 892 3752 gali
919 3671 1068 3734 'intimus
1101 3673 1208 3749 aulae,
1241 3672 1329 3750 enjus
1364 3671 1557 3750 Epitaphium

23 3815 24 3820 ,
62 3751 133 3816 libi.
155 3760 185 3818 8.
222 3761 365 3838 Denique
386 3762 571 3826 Edmundus
590 3767 723 3828 44444444
750 3771 779 3828 44
833 3766 911 3846 apud
931 3768 1339 3831 llenantiumForiuuatum¹
1352 3764 1401 3825 lib.
1418 3765 1447 3824 3.
1464 3780 1557 3825 carm.

63 3839 146 3910 lmine
167 3867 275 3914 novae
296 3853 480 3918 collectionis
503 3865 641 3922 veterum
671 3877 794 3922 monu-
836 3861 886 3921 st.
910 3868 932 3918 t.
954 3863 982 3922 Χ
1004 3861 1077 3922 liibl.
1099 3863 1223 3921 Parrum
1242 3858 1313 3920 edit.
1328 3857 1421 3938 Lugd.
1442 3876 1470 3936 p.
1489 3859 1556 3918 550.

23 3979 24 4020 ss
61 3951 240 4021 mentorum,
278 3948 452 4030 hothomag.
476 3951 564 4012 4700.
587 3953 614 4012 4.
647 3953 778 4016 alterum
879 3953 1058 4016 Bernerdns
1078 3951 1439 4014 OthELLAlllUSsive
1456 3949 1560 4012 Ronei-

23 4209 24 4222 ,
90 4155 112 4214 Ι)
131 4161 179 4208 Pro
202 4163 338 4212 44444444
360 4174 480 4228 pugnans
498 4152 646 4220 4444444444
670 4173 781 4223 metune
833 4167 938 4218 heberet
953 4153 1072 4218 nannius
1089 4169 1172 4216 xviii.
1189 4167 1213 4216 1.
1229 4166 1357 4216 44444444.
1374 4163 1560 4228 4440044441.

23 4231 25 4270 i
58 4229 116 4284 44144
131 4235 279 4286 44444444
291 4237 471 4292 collectionem
487 4248 537 4292 An·
554 4243 624 4294 4700.
641 4251 667 4296 et
678 4253 739 4304 tom.
752 4252 782 4297 v.
829 4241 862 4292 44
878 4243 1051 4294 claudianum.

56 4304 218 4360 1444444444
230 4323 294 4374 pag.
309 4310 363 4362 440.
378 4323 403 4363 44
415 4317 530 4368 oudinus
543 4318 700 4384 44444444.
711 4320 782 4372 istit.
873 4318 898 4376 e)
915 4317 1027 4366 tebbeur
1038 4316 1104 4388 bibl.
1118 4319 1347 4377 manuscriptorum
1371 4329 1394 4374 p.
1410 4313 1450 4364 65.
1468 4325 1562 4363 memo·

23 4427 24 4458 .
58 4383 97 4437 rep,
111 4381 154 4430 ltro
174 4383 343 4436 illiberitano
360 4397 460 4451 praeter
471 4393 617 4444 bricionem
637 4397 690 4447 irie,
704 4402 784 4448 unro—
830 4399 871 4442 444
889 4393 1030 4440 0444444444
1047 4391 1145 4441 editum
1162 4389 1365 4450 illustretumque
1390 4387 1423 4448 ab
1449 4389 1560 4437 Antonin

23 4479 24 4512 4
58 4453 215 4510 sinimur.
242 4459 312 4511 444444.
325 4465 451 4526 itispenee
468 4472 562 4520 retente
580 4481 634 4532 esp.
655 4470 677 4522 4.
688 4472 780 4522 tomi
827 4465 1104 4529 belrto,sulmentiese
1117 4465 1187 4515 4500.
1198 4471 1229 4514 At
1238 4467 1461 4515 salmanticensem
1470 4465 1562 4512 orien-

23 4515 25 4602 4
59 4535 99 4588 lit·
117 4533 170 4583 tos.
190 4548 250 4598 seq.
281 4539 390 4589 lacobus
414 4543 525 4605 44444444
549 4543 690 4598 4441444444
706 4552 774 4599 4444.
828 4548 857 4596 444
869 4547 1009 4596 editionem
1019 4545 1161 4594 4444444444
1172 4541 1257 4592 rhein
1268 4541 1345 4590 tribui
1358 4540 1441 4592 rideo.
1452 4541 1558 4589 litemus

24 4659 25 4664 ,
59 4605 214 4668 10444444.
242 4609 254 4660 i
279 4624 337 4675 pag.
357 4611 410 4664 408.
435 4618 530 4668 &reue
562 4622 593 4671 44
609 4625 657 4672 An.
673 4621 729 4672 540.
750 4626 780 4674 ti.
825 4633 927 4682 quoque
954 4619 1016 4686 editt
1034 4631 1048 4668 4
1065 4621 1206 4668 liumiresio
1232 4617 1339 4666 orientii
1368 4614 1491 4664 meminit.
1512 4610 1559 4660 sed

24 4689 25 4692 ’
59 4674 304 4749 ltmmeiregius
324 4691 349 4738 44
368 4691 779 4758 4444444044444444444444444
825 4709 922 4747 sunum
938 4695 982 4745 4144
1002 4700 1101 4758 pouum
1120 4692 1187 4742 4004.
1208 4690 1277 4740 isit.
1294 4690 1348 4739 4444.
1378 4685 1556 4737 4444444044.

62 4749 188 4810 l'lhtorie
205 4763 348 4824 posteram
360 4767 471 4819 hutloor.
481 4769 558 4820 medii
571 4773 626 4822 4444
637 4771 713 4832 4477.
724 4784 779 4834 seq.
830 4772 929 4820 44444444
946 4771 1038 4821 horum
1054 4775 1137 4820 risum
1153 4765 1272 4818 credibile
1288 4769 1346 4822 ert.
1364 4773 1446 4822 44444444
1463 4759 1556 4812 ”dim

61 4901 64 4906 Ι
91 4828 114 4888 b)
124 4836 175 4886 444
191 4845 251 4888 eret
271 4838 316 4889 hic
332 4840 455 4902 sigeberti
470 4855 540 4894 error
555 4848 616 4895 44444
634 4857 723 4898 musso
733 4883 741 4906 ‚
753 4854 782 4896 ut
825 4859 853 4898 ee
865 4843 1208 4898 ueniresianemedittonenr
1219 4839 1555 4902 profiteturnie.enrouius,

61 4897 102 4950 ⁸⁴²·
114 4907 348 4966 monasterium
368 4917 437 4977 quod
453 4925 532 4970 exstet
549 4933 595 4983 pro
615 4924 777 4984 supposititio
828 4937 858 4974 44
877 4921 929 4972 sole
947 4921 995 4973 444
1006 4922 1075 4970 iilum
1089 4915 1302 4968 reterensltiraet.
