3654 5408
731 215 1010 280 Pult'rlctts
1420 223 1423 230 '
1572 219 1628 281 344

134 325 207 386 hillo
230 327 258 383 in
281 323 355 385 Bihl.
381 323 519 384 Umbriae
542 339 568 400 p.
592 321 660 383 467.
687 321 722 383 de
743 323 857 404 ariciae
911 323 1101 386 Macedoniae
1124 325 1270 403 Principis
1292 323 1360 386 illia.
1383 325 1490 388 Noster
1506 326 1584 388 circa
1605 345 1631 388 a.

134 416 336 492 Umbrorum,
359 417 412 478 sed
428 417 617 495 liberaeque
639 433 791 488 excusus,
807 435 859 478 ne-
913 417 1000 479 4467.
1023 425 1114 480 natus
1135 425 1203 492 ost,
1226 424 1309 497 patre
1328 419 1550 508 nonagenario,
1569 437 1633 480 ma-

131 529 194 592 que
215 511 274 573 tls.
298 510 462 571 iuvenitur.
495 507 591 589 Aiunt
616 527 738 589 quoque
763 509 858 572 Vitam
913 520 959 573 tre
981 529 1077 572 46666
1101 513 1161 574 LlV
1184 519 1262 573 nata.
1289 515 1382 574 llater
1404 515 1502 592 ipsum
1525 515 1554 573 ia
1576 514 1631 574 liu-

131 601 243 666 Jaeodi
274 600 407 663 Pictaiai
438 604 617 682 scripsisse,
642 605 697 664 nisi
720 602 860 674 46444444-
914 621 972 685 gua
993 605 1126 680 Graeca,
1147 605 1294 683 Georgius
1317 606 1417 681 Valla,
1439 610 1525 684 Dapt.
1552 607 1633 668 Gaa-
1762 626 1766 636 ·

132 701 260 760 storiam
292 695 361 757 belli
394 697 580 776 Neapolitani
616 697 796 778 indigitant,
829 700 858 758 in
915 700 999 760 rinus
1019 705 1050 758 et
1071 700 1120 759 alii
1143 701 1172 759 ia
1195 701 1319 778 reliquls
1349 697 1457 760 studiis
1481 701 1633 761 instruxe-

131 809 196 872 quo
216 791 255 852 de
275 790 367 852 robus
395 791 475 851 illius
499 798 604 852 contra
634 790 858 852 Ferdiuaudum
914 799 995 852 runt.
1017 793 1124 854 Docuit
1146 795 1174 852 in
1197 794 1302 854 multis
1331 793 1525 868 civitatibus,
1549 811 1634 872 prae-

131 888 246 964 Regem
269 885 379 963 agitur.
401 884 638 948 Commentarios
658 885 695 944 ia*
704 883 859 947 Catullum
913 887 1000 962 cipue
1021 884 1173 960 Arimini,
1206 887 1376 962 Ferrariae,
1402 887 1504 965 liegii,
1526 888 1635 946 Foruli-

134 987 287 1042 memorat
318 980 425 1040 Petrus
457 969 687 1054 Summoutius,
713 981 763 1057 qui
786 980 859 1038 scri·
913 980 963 1036 vii.
987 978 1106 1046 Deinde,
1121 980 1202 1057 liegii
1232 996 1258 1040 4.
1293 979 1381 1040 4566.
1404 981 1631 1058 typographiam

131 1080 185 1154 pta
221 1071 289 1149 ejus
323 1071 510 1148 conjunctim
547 1071 692 1134 ediderat.
726 1074 858 1133 Pontauo
913 1073 1078 1146 instruxit,
1099 1075 1241 1150 quamvis
1274 1073 1360 1146 libri,
1383 1076 1434 1151 qui
1467 1092 1504 1134 ex
1526 1073 1633 1134 eadem

131 1183 257 1247 quoque
277 1165 406 1226 debetur
430 1161 568 1226 Tiberias
589 1166 726 1227 Donatus
747 1169 778 1226 ia
804 1164 859 1226 (Ε-
914 1164 1108 1243 prodierunt,
1126 1165 1289 1227 admodum
1312 1169 1374 1226 sint
1395 1167 1469 1240 rari,
1491 1168 1561 1244 quia
1579 1169 1634 1225 ini-

130 1257 224 1320 aeida
257 1257 393 1336 Hirpilii,
414 1275 453 1318 ex
475 1256 563 1335 cujus
586 1257 693 1318 Codice
725 1260 856 1338 primum
914 1261 983 1320 mint
1004 1258 1158 1337 ejuspost
1178 1261 1411 1339 brevetempus
1437 1261 1518 1320 illam
1541 1259 1633 1319 dissi-

132 1354 306 1430 impressus
322 1358 370 1412 est
382 1350 501 1428 Neapoli
519 1368 572 1430 per
585 1352 629 1410 4ο.
644 1349 856 1412 Sulzbachium
912 1351 1342 1430 paveruntllortuumdiauat
1351 1353 1500 1414 Bononiae
1510 1351 1633 1426 44526.

132 1451 168 1505 et
188 1441 344 1504 Hatthtam
366 1444 504 1516 Cancer,
527 1443 616 1504 4535.
647 1443 694 1504 464.
717 1445 795 1505 llaec
812 1444 858 1506 ul·
952 1444 1070 1525 Scripta
1091 1445 1159 1523 eius
1177 1446 1264 1524 longa
1282 1462 1360 1506 serre
1377 1451 1517 1506 recenset
1534 1444 1636 1506 lauda-

132 1540 211 1599 tima
232 1555 271 1599 ex
292 1537 519 1610 Diarioltalica
549 1537 596 1598 Ad
618 1539 768 1599 Donatum
785 1555 858 1598 vero
913 1547 963 1600 tus
986 1538 1137 1614 Ubaldus,
1160 1555 1219 1598 uon
1238 1546 1340 1600 autem
1358 1537 1464 1614 addit,
1483 1555 1633 1616 quaenam

132 1631 215 1712 quod
238 1635 377 1710 spectat,
398 1630 474 1692 haec
494 1629 586 1691 editio
607 1637 772 1708 memorata
798 1645 856 1692 non
912 1651 950 1694 es
972 1633 1030 1692 illis
1048 1634 1194 1710 impressa
1213 1633 1345 1706 luerint,
1368 1633 1456 1692 sicuti
1479 1648 1534 1690 nec
1557 1633 1634 1692 Sim·

133 1731 185 1786 est
206 1726 432 1804 prima,quum
443 1723 580 1786 Adamas
592 1725 698 1785 Petrus
709 1725 859 1785 Basileon·
912 1725 1004 1787 lerus.
1038 1725 1291 1786 Enumerabimus
1317 1731 1418 1786 autem
1451 1727 1480 1784 iu
1513 1725 1635 1785 Classes

133 1823 181 1880 sis
202 1821 231 1877 in
253 1820 437 1898 praelatione
459 1816 497 1879 ad
514 1817 859 1878 llhemuiumPalaemo-
914 1819 1030 1898 aliquot
1051 1819 1187 1897 digesta:

134 1929 208 1974 nem
240 1920 272 1972 et
302 1913 376 1973 alios
409 1911 630 1972 Grammaticos
665 1911 798 1970 minores
831 1927 858 1971 a.
955 1915 981 1973 4.
1015 1912 1232 1975 commentarii
1260 1911 1291 1970 ia
1312 1908 1509 1984 Sallustium,
1542 1911 1634 1970 44446-

133 2005 225 2068 4527.
256 2006 368 2083 seripta
395 2004 458 2081 jam
484 2010 637 2079 testetur,
659 1995 744 2064 ilium
769 2004 860 2063 646-
913 2004 1084 2087 marphesia
1123 2003 1225 2067 Ovidii
1236 2052 1242 2078 ‚
1274 2005 1421 2078 Statium,
1453 2004 1630 2077 Horatium,

132 2099 226 2162 aiano
248 2099 380 2162 Poataao
403 2114 418 2158 e
438 2096 499 2158 situ
515 2093 671 2178 prolatura
691 2113 763 2158 esse.
916 2099 1140 2174 0466646666,
1165 2097 1332 2178 4449444664.

177 2189 407 2265 PONTlANUS,
440 2191 579 2268 Episcop.
611 2189 773 2251 Africanas
793 2191 859 2251 Sec.
954 2195 984 2259 2.
1018 2194 1178 2256 Commeat.
1209 2194 1243 2252 ia
1274 2190 1456 2268 Hesiodum,
1490 2189 1633 2254 Calliam·
1749 2253 1753 2262 ,

136 2287 188 2347 Vl.
200 2286 322 2365 scripsit
338 2282 503 2364 Epistolaaa
516 2283 772 2345 adtustinianum
784 2283 859 2362 lmp.
915 2285 1021 2360 chara,
1058 2285 1238 2365 Orphea'de
1265 2286 1409 2365 pssumis,
1441 2281 1633 2363 Aatlialapiae

137 2381 168 2438 iu
191 2395 252 2456 qua
272 2377 412 2438 adhrmat
444 2383 579 2437 mortuos
606 2392 664 2436 666
687 2391 756 2437 csse
777 2375 861 2436 dam-
915 2379 1025 2442 libram
1044 2380 1093 2441 44.

137 2479 201 2534 644.
221 2470 309 2533 Edita
329 2475 378 2531 est
399 2476 470 2530 tom.
494 2472 507 2531 4
534 2469 734 2532 conciliorum
763 2471 858 2544 Diali,
954 2476 984 2534 5.
1000 2473 1153 2535 Verrinam
1167 2491 1183 2534 4
1198 2489 1307 2552 praeca
1324 2471 1476 2546 Pindari,
1493 2471 1632 2545 Homeri,

136 2573 170 2626 et
190 2565 355 2626 4444446646
375 2562 412 2624 ad
434 2562 548 2623 6546.
570 2579 600 2621 6.
621 2561 672 2624 52.
693 2563 741 2622 53.
914 2567 1057 2638 Hesiodi,
1093 2566 1259 2647 Apollonii,
1295 2563 1460 2638 Theocriti,
1494 2563 1635 2637 Musaei,

177 2656 413 2732 suauitatis,
435 2657 531 2734 patria
545 2656 719 2737 Romanus,
736 2654 859 2734 4464666-
904 2659 1112 2742 ’444646444466
1136 2659 1231 2722 444644
1256 2655 1492 2739 Trapoediarara
1511 2654 1636 2734 Euripi·
1671 2691 1676 2700 ·

137 2767 197 2832 pus
216 2753 371 2812 Romanus
392 2750 449 2811 sub
464 2751 573 2828 lmper.
592 2746 773 2822 Alexandro,
786 2749 860 2808 scri-
914 2753 980 2831 4444,
1009 2760 1142 2834 quatuor
1163 2751 1334 2834 Sophoclis,
1356 2749 1549 2833 quarundam
1580 2751 1634 2812 06

138 2848 202 2924 psit
222 2841 375 2924 Epistulas
396 2839 566 2902 [4444646444
593 2841 690 2914 6646,
712 2855 791 2918 quae
809 2840 861 2901 ha·
915 2846 1099 2908 6646464646
1117 2845 1345 2927 Aristophanis,
1362 2843 1524 2906 maltorum
1537 2841 1636 2904 444646

136 2939 249 3000 beatur
280 2944 361 2997 404440
383 2938 404 2996 l.
427 2935 630 2996 Conciliorum
663 2933 809 2994 4464664444
833 2947 861 3010 p.
913 2958 1021 3020 9orum
1039 2941 1182 3014 Luciam,
1200 2939 1366 3002 Ptolemaei
1380 2944 1410 3000 et
1431 2936 1590 2998 Plutarchi
1601 2935 1637 2998 4444

136 3031 206 3094 445.
240 3039 272 3091 et
303 3046 373 3092 cum
407 3027 573 3091 Clementis
597 3027 861 3105 Recognitionibus
916 3035 1053 3111 4444444444,
1074 3033 1203 3095 Helenae
1222 3032 1370 3094 Demetrii
1389 3030 1525 3106 Moschi,
1547 3030 1638 3092 artius

135 3143 190 3204 per
211 3123 395 3186 sichardum
413 3123 498 3184 Dasil
525 3121 614 3185 4526.
631 3121 761 3180 Decreta
780 3119 861 3198 apud
917 3123 991 3186 libri
1009 3144 1052 3187 em
1066 3129 1210 3200 466646,
1236 3125 1387 3208 Theophili
1401 3124 1437 3186 444
1453 3122 1593 3204 pulsibus
1609 3129 1639 3183 et

134 3221 285 3291 4440446444,
306 3217 485 3278 Gratianum
517 3222 548 3276 et
575 3216 660 3274 alios·
681 3214 861 3290 Martyrium
916 3219 1034 3293 urinis,
1068 3217 1162 3280 Pauli
1191 3219 1366 3298 AEyr'netae,
1388 3218 1468 3280 444444
1486 3217 1591 3296 4469444
1610 3223 1640 3278 ei

134 3329 248 3393 passus
279 3317 330 3370 est
359 3308 418 3370 sub
440 3309 601 3370 llaximiuo
624 3307 653 3366 in
676 3305 813 3368 Sardinia
835 3319 863 3364 4.
917 3310 1024 3374 Halm
1048 3313 1058 3370 t
1080 3311 1273 3372 Medicorum.

134 3407 206 3468 237.
228 3406 260 3467 6.
282 3406 329 3466 tu.
352 3405 425 3466 Nov.
447 3401 590 3466 44466666
623 3399 699 3462 Dibl.
732 3400 863 3460 Romana
960 3393 987 3451 4.
1039 3391 1279 3453 eGramatoticc
1296 3388 1371 3451 libri
1390 3389 1447 3450 444.
1466 3389 1638 3470 Hmplicaho

136 3505 228 3566 Ceut.
251 3502 274 3562 l.
297 3500 346 3560 44.
369 3497 448 3559 lud.
470 3499 533 3557 lac.
555 3513 572 3557 a
595 3496 625 3555 S.
647 3492 755 3555 Carolo
787 3492 861 3553 Dihl.
917 3486 1124 3546 Erotemataat
1151 3481 1298 3546 44646446
1321 3481 1639 3564 chrysolachanum

134 3596 291 3658 Pontificio
314 3612 343 3673 p.
366 3593 434 3653 496.
456 3591 574 3652 Oldoiui
597 3588 790 3650 Athenaeum
804 3587 861 3647 Ro·
917 3579 1026 3641 librum
1045 3581 1197 3640 4464664
1210 3577 1331 3638 45668
1356 3577 1470 3638 editum
1483 3594 1536 3654 per
1552 3579 1641 3636 loan-

136 3705 265 3751 manum
287 3703 317 3767 p.
340 3684 409 3748 576.
430 3685 499 3747 tat.
918 3690 988 3734 nem
1010 3672 1207 3744 llazachum‚
1229 3672 1372 3732 rariorem
1395 3675 1521 3748 utpote,
1548 3669 1641 3747 pluri-

183 3780 372 3845 musteus
402 3778 603 3850 lllltUNlllS,
623 3773 714 3852 cujus
738 3789 862 3851 praeno-
917 3766 976 3828 bus
997 3765 1098 3827 verbis
1120 3771 1261 3826 recenset
1281 3766 1447 3828 Niceronus
1469 3764 1498 3822 in
1520 3761 1642 3824 Adden-

138 3895 210 3938 meu
219 3879 249 3936 in
264 3874 415 3952 baptismo
425 3877 582 3950 acceptum
596 3885 651 3930 aas
666 3869 750 3943 latet,
762 3882 857 3945 quum
917 3859 965 3920 dis
997 3859 1034 3919 ad
1057 3859 1266 3935 llempriarum
1289 3864 1361 3918 tam.
1385 3856 1461 3918 Vlll.
1482 3873 1548 3936 pag.
1570 3855 1640 3916 253.

136 3981 174 4032 et
199 3969 338 4032 Andreas
370 3964 522 4039 tibaldus,
543 3963 724 4042 univiram
746 3959 813 4037 ejus
835 3960 861 4033 a)
919 3952 1004 4015 Adde
1020 3951 1154 4014 Annales
1171 3951 1405 4028 typographicae
1421 3951 1509 4012 llich.
1525 3949 1641 4010 Maitta·

137 4065 318 4142 descripsit,
342 4058 413 4120 iliud
436 4059 581 4118 omiserit.
607 4054 722 4116 Poatici
752 4068 862 4112 nomeu
917 4049 960 4106 ire
982 4053 1053 4105 tom.
1078 4046 1113 4105 ll.
1136 4062 1163 4123 p.
1187 4045 1256 4104 202.
1278 4044 1348 4106 263.

138 4156 251 4231 hahet,
272 4155 344 4232 quia
365 4168 403 4212 es
425 4147 535 4212 illustri
563 4151 674 4212 tamilla
695 4147 731 4209 de
752 4149 862 4221 Ponte,
957 4141 987 4202 5.
1014 4139 1172 4200 Historias.
1193 4135 1332 4198 Historia
1354 4134 1459 4196 ltaliae
1485 4133 1640 4196 4446644446

137 4265 220 4330 quae
240 4247 359 4310 Belluni
381 4246 501 4320 duruit,
523 4251 688 4324 prognatus
720 4246 781 4303 est:
817 4240 863 4301 Vi—
918 4231 993 4294 iibri
1012 4233 1061 4294 444.
1080 4231 1143 4294 vita
1165 4229 1339 4292 limaaaciis
1357 4228 1579 4310 Chrysalorac:
1600 4229 1642 4288 De

139 4343 228 4404 raaii
263 4358 355 4417 vero,
386 4341 456 4418 quia
494 4341 621 4418 patriam
647 4351 733 4398 suam
768 4335 865 4397 446446-
918 4324 1059 4388 loudibar
1080 4325 1249 4399 Dentricis,
1265 4325 1377 4389 aaeoris
1395 4323 1541 4386 ludovici
1557 4322 1642 4403 ssor·

140 4438 301 4499 4466464464
322 4436 470 4496 Virunum
489 4431 601 4494 6444464
616 4431 712 4493 inissa
727 4428 863 4490 credidit.
917 4425 999 4494 aiae,
1023 4419 1114 4482 446644
1133 4418 1378 4482 Hedialaaeasis:
1399 4417 1551 4478 Historiae
1573 4415 1641 4474 Bri·

140 4531 339 4594 Tarvisinum
355 4526 446 4606 vulgo
461 4529 588 4605 patriam
605 4525 698 4587 tuisse
711 4528 863 4584 statuunt:
919 4513 1056 4574 taaaicae
1067 4511 1141 4574 iibri
1156 4514 1184 4572 V.
1196 4515 1251 4574 Est
1267 4512 1480 4592 compendium
1499 4508 1640 4568 historiae

143 4637 319 4705 perperam.
340 4623 453 4681 Pareae
473 4619 540 4697 ejus
562 4618 669 4679 nobilis
690 4617 746 4678 4644
762 4623 794 4676 et
811 4616 867 4676 Ve-
918 4604 1317 4681 Galtredilloaumeteusis,
1337 4607 1517 4682 impressum
1537 4597 1665 4702 Augu-¹

140 4718 227 4779 netis
247 4715 409 4777 militavit:
434 4721 532 4774 mstsr
555 4713 690 4785 (latinia,
712 4707 865 4781 liadiahii,
920 4706 985 4760 stae
995 4697 1218 4762 vindelicorum
1234 4699 1320 4760 4534.
1332 4699 1359 4756 6.
1377 4712 1430 4774 per
1448 4693 1521 4755 Alex
1540 4691 1639 4751 Wets

190 4929 215 4990 4)
228 4931 301 4980 totta
314 4933 351 4978 est
366 4927 408 4976 4144
420 4931 473 4978 atta
485 4939 529 4990 per
541 4925 659 4977 64444646
673 4922 870 4983 ltontslttanum,
917 4925 1047 4974 46666444
1058 4922 1150 4971 litteris
1162 4920 1247 4970 tseoht
1261 4921 1354 4978 446644,
1368 4917 1437 4967 46444.
1451 4919 1474 4968 4.
