3658 5412
640 205 1046 285 'suessulanus
1252 269 1261 281 .
1539 220 1598 282 tsi

93 341 210 388 annom
232 324 321 387 4647.
342 326 552 387 continuatum
577 343 722 388 analeum
751 328 818 390 aliis
873 330 1070 392 Tauriosnsis
1090 333 1176 388 extat
1197 325 1367 386 sebastiani
1390 325 1595 404 Aquileiensis

95 435 200 480 rerum
237 418 485 479 Germanicarum
518 417 714 498 scriptoribus
747 420 819 482 dare
874 424 973 501 (idest
993 422 1030 484 de
1054 419 1215 499 Aquiolta,
1239 425 1273 478 ot
1306 419 1432 478 interius
1465 420 1597 498 explica·

94 512 218 573 volebat
239 510 345 570 Daniel
366 513 532 573 Nesselius.
558 510 631 573 Vide
661 514 817 575 Oudinum
874 519 932 593 turi
949 513 1132 578 Medicinam
1149 510 1342 572 ordinariam
1360 511 1529 572 Ferrarius
1538 530 1597 593 pu-

94 613 180 666 tomo
202 603 254 663 lli·
276 621 304 681 p·
327 604 417 664 4614.
876 608 950 670 ilice
976 605 1145 688 profitentis
1175 604 1332 684 quaestio,
1365 610 1469 664 utrum
1496 618 1603 666 secun-

135 695 679 777 8888110118418.9464444411.
702 717 732 779 p.
747 701 816 761 608.
871 683 948 764 diam
970 699 1079 762 Galeni
1093 699 1276 762 Sententiam
1295 697 1383 758 detur
1399 715 1492 758 unum
1511 715 1600 760 mem-

135 788 307 854 Cirrcnicon
327 789 721 854 scflwnuzncultssoo
737 810 816 854 anno
873 794 963 856 iram
992 791 1298 874 principalissimum.
1326 792 1368 852 lbi
1394 808 1515 869 quoque
1542 791 1603 852 duo

91 885 259 947 845-4696.
279 881 373 944 edidit
394 887 437 944 Jo.
471 885 547 946 Patr.
580 884 763 946 ludewicus
794 892 817 946 4.
870 888 927 949 alia
949 886 1086 947 eiusdem
1109 886 1267 962 scriptoris
1294 884 1442 961 opuscula
1475 899 1602 944 servan-

91 979 130 1038 ll.
153 977 341 1054 Scriptorum
362 976 609 1039 Germanicorum
631 983 663 1036 et
677 975 818 1036 Bamber-
872 989 923 1042 tur
944 995 1069 1057 nemper
1091 979 1133 1038 Dc
1148 975 1252 1040 causis
1275 975 1523 1057 periodicuticnis
1548 976 1602 1038 iru-

91 1072 233 1151 gensiom
256 1087 284 1148 p.
308 1070 334 1129 4.
351 1071 401 1147 qui
423 1077 486 1130 tras
503 1070 632 1130 Codices
643 1085 735 1130 manu
747 1085 818 1130 exa·
872 1091 990 1134 morum
1014 1070 1177 1133 secundum
1211 1068 1356 1130 Galermm
1387 1071 1531 1130 sententia
1567 1072 1603 1129 1),

92 1171 178 1226 ratos
194 1161 501 1224 contulit-Auctorem
518 1180 576 1230 non
592 1180 686 1225 unum
698 1161 815 1241 lhabei,
871 1162 1045 1228 Sallustiani
1064 1161 1104 1222 ab
1131 1162 1245 1242 Aquila
1263 1164 1377 1242 Papiae
1391 1162 1600 1224 determinata.

92 1256 146 1318 sed
171 1255 274 1334 plures
296 1255 458 1315 monachos
479 1257 651 1316 monasterii
677 1257 817 1318 Schwar-
872 1259 1013 1336 Quaestio
1030 1257 1067 1315 D.
1088 1253 1264 1320 sebastiani
1283 1261 1414 1334 ternpore
1447 1272 1502 1316 suo
1532 1257 1597 1336 pri·
1630 1249 1633 1254 ’

92 1350 275 1410 8868681614]
287 1347 818 1426 Franconitt,dl0ecesisHerbipolen·
872 1369 937 1414 mas
960 1350 1124 1413 cathedras
1147 1347 1312 1410 Medicinae
1342 1349 1373 1408 ia
1403 1347 1495 1410 ltalia
1526 1346 1600 1410 pbri.

92 1443 146 1502 sis.
171 1442 287 1502 Nomen
300 1440 369 1500 huic
387 1457 404 1500 a
421 1441 514 1502 tluvio
531 1440 750 1513 schwarzach,
766 1441 818 1516 qui
872 1445 969 1508 nentis
991 1443 1027 1505 de
1045 1447 1236 1523 putrescente
1255 1442 1453 1521 Scapulae*

95 1551 155 1595 ⁰0¹¹
177 1534 283 1612 procul
306 1532 375 1593 inde
396 1531 537 1594 Moenum
561 1533 701 1594 illabitur·
722 1533 820 1605 Quae·
914 1534 1310 1606 snansrmnusnranu,
1327 1535 1424 1596 latine
1443 1533 1532 1609 444,
1546 1535 1602 1596 nr-

92 1628 167 1689 daro
190 1627 292 1688 hausit
313 1643 350 1686 ex
372 1625 510 1687 Conrado
527 1627 745 1706 dispergens,
763 1643 820 1686 uo·
873 1631 1082 1710 gentiumne,
1106 1635 1197 1688 natus
1214 1645 1240 1687 4.
1261 1628 1350 1688 4458.
1363 1627 1418 1688 los
1433 1628 1523 1687 civile
1551 1629 1603 1686 do-

94 1722 134 1782 de
151 1720 539 1800 quidamhuocductorem
562 1720 653 1798 hujus
671 1719 819 1792 Chronici‚
873 1727 937 1786 trull
958 1725 1088 1802 primurn
1112 1721 1266 1792 Basileus,
1288 1719 1397 1781 delude
1420 1725 1449 1780 io
1486 1721 1601 1798 patria,

93 1812 596 1891 aedperperaro,statuunt.Vide
608 1828 700 1891 supra
714 1813 736 1872 1.
750 1811 822 1871 884.Ι
875 1817 924 1878 ubi
946 1818 1030 1894 Reip.
1051 1815 1182 1894 primum
1195 1812 1599 1892 AdvocatusetSyodicus‚
1690 1802 1692 1810 '

136 1903 818 1967 01444444448884477888881844044444444
875 1917 980 1989 postea
1001 1906 1208 1971 Canceilarios
1230 1907 1304 1967 tuit:
1327 1906 1400 1967 obiit
1414 1909 1462 1970 111.
1481 1908 1601 1989 1411441

92 2008 182 2062 trans
204 1999 345 2060 Rhenum
376 1999 413 2060 ad
442 1997 635 2061 Schulteram
669 1999 820 2072 fluvium,
875 2021 901 2064 a.
926 2003 1016 2065 4634.
1037 1989 1164 2078 Scriptis
1185 1999 1253 2078 ejus
1275 2002 1368 2062 variis
1400 2001 1600 2082 congerendis

92 2094 242 2154 dioecesis
263 2092 515 2170 argentinensis,
538 2093 576 2152 ab
597 2109 623 2152 a,
655 2091 742 2153 6634
751 2089 819 2151 437.
875 2113 997 2174 operam
1021 2094 1147 2154 navabo.
1169 2093 1250 2154 Sunt
1270 2100 1374 2155 autem
1397 2097 1581 2171 sequentia:

93 2194 143 2248 cst
165 2187 307 2247 Auctoris
325 2187 518 2260 recentioris,
541 2187 592 2263 qui
615 2201 641 2244 a.
660 2184 751 2245 4836.
770 2183 821 2244 ad·
917 2189 1133 2267 Arpumentum
1156 2185 1187 2245 in
1204 2185 1272 2246 lac.
1293 2185 1514 2267 Wimpiteiinpii
1524 2188 1602 2250 Car·

94 2281 157 2341 huc
180 2279 405 2352 invivisiult‚
427 2285 458 2337 et
491 2277 685 2338 documentis
718 2291 822 2335 mooa·
878 2297 945 2342 men
967 2280 1003 2341 de
1024 2286 1167 2359 conceptu
1187 2279 1535 2357 supinis-Basilum.
1551 2283 1579 2342 t.

94 2373 182 2433 sterit
205 2373 252 2432 sui
275 2371 385 2432 niellus
411 2374 453 2432 uti
484 2377 612 2450 poterat.
639 2368 763 2432 Edituin
791 2373 820 2430 in
913 2374 983 2434 dias
1005 2373 1093 2434 Naro
1115 2369 1206 2451 Scitis
1219 2373 1599 2452 uruntur-reportantes.

94 2465 266 2527 vindemiis
281 2464 424 2529 literariis
440 2469 484 2526 lo.
512 2463 590 2526 lirid.
617 2463 772 2534 Schauuat
799 2468 822 2525 t.
878 2470 907 2528 4.
928 2468 1034 2528 Latino
1054 2466 1189 2528 carmine
1210 2467 1363 2543 expressit
1383 2467 1514 2538 lacobus
1548 2469 1601 2528 Lo-

61 2584 65 2601 ·
94 2560 116 2619 1.
138 2577 169 2639 p.
187 2559 237 2621 47.
879 2561 1014 2636 cheros,
1037 2558 1204 2620 subtituto
1226 2555 1387 2638 Stultifero
1407 2559 1513 2635 nauis,
1534 2577 1602 2638 pro

134 2651 262 2714 861910
292 2654 531 2727 lierrnenaonus¹
564 2651 694 2713 Barthol.
724 2652 824 2728 tilius,
879 2655 932 2716 diii
953 2655 1019 2714 sine
1043 2648 1384 2714 4444144414414497.
1406 2650 1601 2730 tetingen-

94 2747 332 2821 Cremonensis,
353 2748 467 2825 torus,
489 2747 681 2807 nFranoisco
695 2745 717 2806 1.
730 2763 823 2825 equs·
878 2747 959 2807 tiusa
981 2745 1087 2806 eodem
1109 2761 1211 2823 aooo,
1234 2745 1325 2804 Paris.
1346 2759 1400 2821 per
1421 2741 1599 2806 Gaulridum

95 2843 151 2902 stri
170 2839 317 2920 dignitate
339 2843 518 2920 insignitus,
540 2857 621 2901 uuus
639 2857 678 2900 ex
717 2840 822 2902 Status
877 2839 1231 2911 domnimartini.
1265 2842 1297 2897 et
1328 2835 1477 2911 Basileus,
1510 2853 1599 2916 opera

93 2933 253 2997 ltedlolant
271 2932 819 3011 844644146444116444144444.4649.
874 2933 919 2992 lo.
942 2935 1112 3012 Bergmanu
1134 2931 1173 2992 de
1194 2931 1269 3009 Olpe
1292 2931 1379 2991 4498.
1404 2931 1431 2989 4.
1466 2937 1498 2990 et
1530 2932 1599 2993 alibi

93 3030 218 3106 scripsit
239 3026 362 3106 dejure
374 3026 455 3105 fisci,
471 3025 507 3086 de
519 3022 767 3106 magistratibus,
786 3023 821 3085 de
875 3025 987 3086 Gallice
1009 3024 1068 3084 sub
1090 3024 1198 3084 titulo:
1222 3025 1264 3084 La
1285 3019 1348 3101 Nes
1371 3020 1423 3082 des
1457 3021 1525 3083 Fcis
1558 3022 1600 3084 du

92 3139 191 3202 poeno
211 3119 413 3193 arbitrando,
437 3119 473 3180 de
492 3119 587 3200 sartis
611 3117 773 3198 puniendis
794 3125 824 3179 et
876 3118 1002 3190 Monde;
1023 3118 1059 3177 de
1079 3117 1189 3178 nouuel
1206 3115 1353 3176 translate
1380 3131 1441 3195 por
1473 3115 1599 3177 mor'stre

94 3214 129 3275 de
147 3212 275 3275 testibus
295 3212 518 3275 enaminandis.
547 3213 638 3274 lirisii
671 3212 821 3272 Cremona
875 3212 946 3270 loce
967 3209 1056 3270 Bade.
1079 3213 1169 3270 Paris.
1193 3208 1280 3270 4497.
1303 3208 1381 3268 iulio.
1398 3208 1520 3267 8441414
1533 3227 1601 3270 ver-

94 3308 213 3370 literata
229 3315 301 3368 toro.
319 3310 329 3368 1
345 3326 375 3387 p.
390 3308 457 3369 368.
878 3301 1029 3377 sionibus,
1051 3300 1195 3380 anglica,
1217 3300 1336 3378 Belgica
1357 3305 1416 3359 etc·
1436 3299 1507 3358 vida
1519 3298 1601 3360 Heo-

134 3401 398 3464 SEBASTIANUS
415 3397 820 3479 aquitanus,nquilaregni
876 3394 1000 3456 dreichii
1022 3393 1189 3455 Pandectas
1220 3390 1501 3470 Brandeoburgicas
1532 3408 1598 3470 pag.

95 3495 282 3574 Neapolitani
298 3495 371 3554 urbs
388 3493 549 3568 oriundus,
566 3491 702 3554 medicus
719 3499 750 3550 et
764 3491 823 3552 Ga·
876 3488 945 3549 793.
967 3489 1037 3548 dat.

95 3591 331 3662 lenissumus,
359 3587 431 3648 obiit
454 3603 488 3648 a.
521 3585 608 3647 4413.
632 3583 758 3663 Scripsit
787 3581 824 3644 de
916 3584 957 3644 De
979 3580 1093 3661 origine
1115 3584 1144 3640 et
1174 3577 1397 3638 ennoematicae
1429 3578 1542 3654 1149444
1571 3582 1603 3637 44

99 3681 204 3742 morbo
226 3679 362 3756 Gallico,
382 3683 453 3740 item
476 3679 513 3739 de
533 3677 618 3759 febre
646 3676 820 3756 sunpuinea.
876 3673 965 3736 laude
985 3675 1119 3737 elatura
1141 3669 1374 3750 Hierosolyma,
1393 3669 1461 3730 item
1483 3667 1561 3728 Belli
1579 3687 1600 3728 a

95 3778 183 3838 Basil.
204 3775 293 3838 4637.
304 3781 335 3835 44
349 3773 443 3854 Lugd.
464 3773 550 3835 4633.
565 3790 634 3834 cum
651 3772 821 3832 11444464-
877 3767 1059 3832 Christianis
1081 3765 1123 3826 ad
1135 3783 1202 3826 eum
1213 3761 1454 3842 recuperandum
1463 3762 1542 3842 pesti
1556 3761 1600 3822 14-

96 3872 203 3932 tiuora.
220 3870 395 3940 Gesonae,
413 3867 517 3944 Toppii
535 3867 608 3926 Bibi.
625 3863 818 3942 Neapolitana
881 3861 986 3924 storia.
1009 3863 1098 3922 Basil.
1123 3861 1210 3921 4495.
1235 3859 1262 3917 4.

48 4031 53 4042 ,
97 3981 123 4042 p.
141 3965 211 4024 376.
233 3961 384 4022 llercllini
405 3959 568 4020 Lindenius
587 3963 753 4018 renovatas
790 3973 816 4034 p.
914 3956 1043 4016 Faustus
1067 3971 1110 4014 em
1144 3951 1237 4013 latino
1271 3950 1447 4011 6444444444
1474 3950 1502 4011 io.
1535 3953 1601 4011 sine

97 4059 165 4119 964.
197 4057 267 4116 963.
296 4054 519 4133 *opusculum
552 4053 618 4112 elus
650 4050 685 4110 rte
716 4045 818 4108 morto
873 4065 952 4126 anuo
973 4055 1004 4108 et
1025 4048 1099 4108 loeo.
1125 4045 1312 4122 Exemplum
1344 4045 1432 4106 adest
1463 4046 1492 4104 in
1526 4044 1600 4106 Bibl.

99 4149 211 4210 6411444
244 4151 378 4226 itemque
410 4143 549 4228 descire
573 4143 730 4224 sanpuiois
759 4159 817 4204 una
875 4142 1237 4215 Heilsbruaoensi,teste
1250 4137 1510 4216 114444444461.
1532 4139 1600 4199 489.

98 4259 166 4304 cum
189 4245 288 4304 Marco
308 4241 464 4301 Gallinaro
486 4241 528 4299 lle
553 4238 637 4299 curis
654 4233 819 4318 4494444444-
913 4235 1059 4296 Poemata
1088 4233 1203 4308 uaria,
1221 4233 1299 4294 Basil
1332 4231 1410 4294 4498
1451 4233 1477 4290 t.
1495 4239 1527 4290 et
1543 4230 1601 4292 sub

98 4353 170 4397 num
192 4331 433 4416 particularium
463 4333 558 4394 multo
579 4339 671 4404 aute,
700 4329 819 4409 Lugdu·
874 4331 985 4392 titulo:
1006 4327 1268 4390 Carminaoarra.
1286 4325 1412 4406 Argeot.
1431 4322 1563 4385 44984.

100 4447 225 4492 oensem
248 4429 411 4490 editionem
434 4427 505 4488 anni
525 4425 603 4488 4533
634 4423 742 4504 prodiit
762 4427 817 4484 84-
913 4422 961 4484 Aa
978 4426 1013 4483 D.
1030 4419 1298 4496 maximilianum,
1317 4437 1349 4479 tn
1369 4418 1462 4478 uitam
1484 4421 1512 4474 ot
1532 4431 1600 4474 con-

99 4527 206 4586 noniae
227 4525 257 4583 iu
280 4523 308 4582 8.
330 4522 521 4598 Quamquam
543 4520 624 4580 enim
642 4533 742 4578 annus
758 4523 841 4575 oon·
874 4515 1075 4578 versationem
1087 4515 1202 4594 Regum
1218 4510 1317 4576 144441
1338 4517 1367 4571 44
1387 4507 1493 4569 iudae.
1510 4507 1597 4568 Basil.

102 4619 263 4680 adnotator
283 4617 382 4678 adhuc
403 4624 506 4675 tamen
542 4613 749 4673 vetustissima
770 4616 819 4669 est
875 4613 963 4674 4498,
982 4610 1012 4672 t.
1037 4609 1204 4671 videndum
1227 4621 1326 4668 annon
1355 4600 1435 4661 idern
1463 4603 1503 4659 sit
1526 4617 1598 4660 oum

102 4713 211 4782 editio,
234 4718 269 4774 ut
289 4729 328 4772 ex
350 4717 475 4788 aspectu
506 4705 693 4783 intelligitur.
719 4703 818 4774 Quare
873 4704 1036 4782 opusculo,
1054 4701 1134 4780 quod
1149 4699 1207 4761 sub
1225 4714 1308 4758 oum.
1321 4695 1349 4754 8.
1367 4692 1559 4772 protulimus.

104 4807 316 4888 Lugdunensis
336 4803 372 4865 ad
395 4801 614 4864 Bononiensem
638 4800 726 4857 istam
749 4811 819 4855 exa·
914 4795 1123 4876 depositiones
1137 4810 1164 4853 4.
1177 4789 1395 4851 declarationes
1409 4784 1540 4846 omnium
1557 4785 1593 4845 u·-

20 4975 22 4994 ,
105 4911 151 4966 cta
183 4909 242 4964 est.
273 4900 308 4960 lu
344 4896 452 4963 Codice
474 4892 647 4957 636144144
678 4889 815 4952 Bibliutln
876 4878 1599 4966 444444444444444144144,4444444444’44’.
