<?xml version="1.0" encoding="UTF-8"?>
<!DOCTYPE html PUBLIC "-//W3C//DTD XHTML 1.0 Transitional//EN"
    "http://www.w3.org/TR/xhtml1/DTD/xhtml1-transitional.dtd">
<html xmlns="http://www.w3.org/1999/xhtml" xml:lang="en" lang="en">
 <head>
  <title>
</title>
<meta http-equiv="Content-Type" content="text/html;charset=utf-8" />
  <meta name='ocr-system' content='tesseract 3.04.00' />
  <meta name='ocr-capabilities' content='ocr_page ocr_carea ocr_par ocr_line ocrx_word'/>
</head>
<body>
  <div class='ocr_page' id='page_1' title='image "./lta-11000/bibliothecalati01gallgoog/bibliothecalati01gallgoog_0273.png"; bbox 0 0 3622 5406; ppageno 0'>
   <div class='ocr_carea' id='block_1_1' title="bbox 272 214 1179 277">
    <p class='ocr_par' dir='ltr' id='par_1_1' title="bbox 272 214 1179 277">
     <span class='ocr_line' id='line_1_1' title="bbox 272 214 1179 277; baseline 0 -2"><span class='ocrx_word' id='word_1_1' title='bbox 272 215 334 276; x_wconf 71' lang='lat' dir='ltr'><strong><em>aas</em></strong></span> <span class='ocrx_word' id='word_1_2' title='bbox 869 214 1179 277; x_wconf 85' lang='lat' dir='ltr'><strong><em>PiilLiPPUS</em></strong></span> 
     </span>
    </p>
   </div>
   <div class='ocr_carea' id='block_1_2' title="bbox 273 317 1806 1147">
    <p class='ocr_par' dir='ltr' id='par_1_2' title="bbox 277 317 1736 494">
     <span class='ocr_line' id='line_1_2' title="bbox 277 317 1736 400; baseline 0 -20"><span class='ocrx_word' id='word_1_3' title='bbox 277 327 405 400; x_wconf 79' lang='lat' dir='ltr'>possunt</span> <span class='ocrx_word' id='word_1_4' title='bbox 425 321 530 382; x_wconf 88' lang='lat' dir='ltr'><strong><em>invius</em></strong></span> <span class='ocrx_word' id='word_1_5' title='bbox 552 322 580 380; x_wconf 92' lang='lat' dir='ltr'><strong><em>in</em></strong></span> <span class='ocrx_word' id='word_1_6' title='bbox 603 320 708 399; x_wconf 79' lang='lat' dir='ltr'><strong>elogiis</strong></span> <span class='ocrx_word' id='word_1_7' title='bbox 729 337 794 400; x_wconf 85' lang='lat' dir='ltr'><strong><em>pag.</em></strong></span> <span class='ocrx_word' id='word_1_8' title='bbox 818 321 885 383; x_wconf 74' lang='lat' dir='ltr'><strong><em>tas.</em></strong></span> <span class='ocrx_word' id='word_1_9' title='bbox 918 322 997 384; x_wconf 88' lang='lat' dir='ltr'><strong><em>Gad-</em></strong></span> <span class='ocrx_word' id='word_1_10' title='bbox 1051 320 1167 382; x_wconf 72' lang='lat' dir='ltr'><strong><em>caunas</em></strong></span> <span class='ocrx_word' id='word_1_11' title='bbox 1187 324 1215 379; x_wconf 91' lang='lat' dir='ltr'><strong><em>et</em></strong></span> <span class='ocrx_word' id='word_1_12' title='bbox 1235 319 1365 397; x_wconf 84' lang='lat' dir='ltr'><strong><em>Lucani,</em></strong></span> <span class='ocrx_word' id='word_1_13' title='bbox 1386 318 1528 379; x_wconf 76' lang='lat' dir='ltr'><strong><em>common</em></strong></span> <span class='ocrx_word' id='word_1_14' title='bbox 1546 317 1658 381; x_wconf 83' lang='lat' dir='ltr'><strong><em>lauden</em></strong></span> <span class='ocrx_word' id='word_1_15' title='bbox 1683 323 1736 382; x_wconf 82' lang='lat' dir='ltr'><strong><em>Poe·</em></strong></span> 
     </span>
     <span class='ocr_line' id='line_1_3' title="bbox 277 410 1134 494; baseline -0.004 -18"><span class='ocrx_word' id='word_1_16' title='bbox 277 417 347 476; x_wconf 86' lang='lat' dir='ltr'><strong><em>dius</em></strong></span> <span class='ocrx_word' id='word_1_17' title='bbox 368 415 419 492; x_wconf 91' lang='lat' dir='ltr'><strong><em>qui</em></strong></span> <span class='ocrx_word' id='word_1_18' title='bbox 442 414 549 474; x_wconf 79' lang='lat' dir='ltr'><strong><em>famam</em></strong></span> <span class='ocrx_word' id='word_1_19' title='bbox 571 410 705 473; x_wconf 88' lang='lat' dir='ltr'><strong><em>Beroaldi</em></strong></span> <span class='ocrx_word' id='word_1_20' title='bbox 728 419 832 475; x_wconf 83' lang='lat' dir='ltr'><strong><em>tuetur</em></strong></span> <span class='ocrx_word' id='word_1_21' title='bbox 848 414 996 494; x_wconf 85' lang='lat' dir='ltr'><strong><em>adversus</em></strong></span> <span class='ocrx_word' id='word_1_22' title='bbox 1054 414 1134 474; x_wconf 87' lang='lat' dir='ltr'><strong><em>tices.</em></strong></span> 
     </span>
    </p>

    <p class='ocr_par' dir='ltr' id='par_1_3' title="bbox 275 503 1739 774">
     <span class='ocr_line' id='line_1_4' title="bbox 279 503 1739 585; baseline -0.001 -16"><span class='ocrx_word' id='word_1_23' title='bbox 279 507 429 569; x_wconf 84' lang='lat' dir='ltr'><strong><em>Floridum</em></strong></span> <span class='ocrx_word' id='word_1_24' title='bbox 451 504 614 580; x_wconf 90' lang='lat' dir='ltr'><strong><em>Sabinum,</em></strong></span> <span class='ocrx_word' id='word_1_25' title='bbox 637 513 709 566; x_wconf 90' lang='lat' dir='ltr'><strong><em>tom.</em></strong></span> <span class='ocrx_word' id='word_1_26' title='bbox 732 507 760 566; x_wconf 88' lang='grc'><strong>4.</strong></span> <span class='ocrx_word' id='word_1_27' title='bbox 784 524 849 585; x_wconf 89' lang='lat' dir='ltr'><strong><em>pag.</em></strong></span> <span class='ocrx_word' id='word_1_28' title='bbox 872 508 919 569; x_wconf 85' lang='lat'><strong><em>57.</em></strong></span> <span class='ocrx_word' id='word_1_29' title='bbox 942 512 997 570; x_wconf 92' lang='lat' dir='ltr'><strong><em>Ba·</em></strong></span> <span class='ocrx_word' id='word_1_30' title='bbox 1096 507 1198 568; x_wconf 80' lang='lat' dir='ltr'><strong><em>Oratio</em></strong></span> <span class='ocrx_word' id='word_1_31' title='bbox 1219 509 1251 566; x_wconf 89' lang='lat' dir='ltr'><strong><em>ia</em></strong></span> <span class='ocrx_word' id='word_1_32' title='bbox 1271 503 1458 567; x_wconf 75' lang='lat' dir='ltr'><strong><em>enarratione</em></strong></span> <span class='ocrx_word' id='word_1_33' title='bbox 1479 503 1689 568; x_wconf 72' lang='lat' dir='ltr'><strong><em>Bhetmuaran</em></strong></span> <span class='ocrx_word' id='word_1_34' title='bbox 1705 506 1739 568; x_wconf 93' lang='lat' dir='ltr'><strong><em>ad</em></strong></span> 
     </span>
     <span class='ocr_line' id='line_1_5' title="bbox 277 597 1737 678; baseline 0.001 -20"><span class='ocrx_word' id='word_1_35' title='bbox 277 601 348 661; x_wconf 88' lang='lat' dir='ltr'><strong><em>ilieti</em></strong></span> <span class='ocrx_word' id='word_1_36' title='bbox 377 597 488 678; x_wconf 84' lang='lat' dir='ltr'><strong><em>judicia</em></strong></span> <span class='ocrx_word' id='word_1_37' title='bbox 508 605 539 658; x_wconf 87' lang='lat' dir='ltr'><strong><em>et</em></strong></span> <span class='ocrx_word' id='word_1_38' title='bbox 560 598 597 659; x_wconf 92' lang='lat' dir='ltr'><strong><em>ad</em></strong></span> <span class='ocrx_word' id='word_1_39' title='bbox 620 615 655 658; x_wconf 89' lang='lat' dir='ltr'><strong><em>ea</em></strong></span> <span class='ocrx_word' id='word_1_40' title='bbox 687 599 829 660; x_wconf 87' lang='lat' dir='ltr'><strong><em>Bernardi</em></strong></span> <span class='ocrx_word' id='word_1_41' title='bbox 861 603 995 663; x_wconf 79' lang='lat' dir='ltr'><strong><em>Monetae</em></strong></span> <span class='ocrx_word' id='word_1_42' title='bbox 1052 599 1254 676; x_wconf 84' lang='lat' dir='ltr'><strong><em>iierenniam,</em></strong></span> <span class='ocrx_word' id='word_1_43' title='bbox 1285 599 1433 660; x_wconf 72' lang='lat' dir='ltr'><strong><em>cananeas</em></strong></span> <span class='ocrx_word' id='word_1_44' title='bbox 1463 597 1652 661; x_wconf 77' lang='lat' dir='ltr'><strong><em>laudationem</em></strong></span> <span class='ocrx_word' id='word_1_45' title='bbox 1681 599 1737 660; x_wconf 79' lang='lat' dir='ltr'><strong><em>Ele</em></strong></span> 
     </span>
     <span class='ocr_line' id='line_1_6' title="bbox 275 692 1474 774; baseline -0.002 -20"><span class='ocrx_word' id='word_1_46' title='bbox 275 692 553 754; x_wconf 84' lang='lat' dir='ltr'><strong><em>animadversiones</em></strong></span> <span class='ocrx_word' id='word_1_47' title='bbox 586 699 658 752; x_wconf 93' lang='lat' dir='ltr'><strong><em>tom.</em></strong></span> <span class='ocrx_word' id='word_1_48' title='bbox 690 693 719 752; x_wconf 76' lang='lat'><strong><em>2.</em></strong></span> <span class='ocrx_word' id='word_1_49' title='bbox 749 708 815 771; x_wconf 90' lang='lat' dir='ltr'><strong><em>pag.</em></strong></span> <span class='ocrx_word' id='word_1_50' title='bbox 844 694 912 754; x_wconf 86' lang='grc'><strong>406.</strong></span> <span class='ocrx_word' id='word_1_51' title='bbox 933 711 997 774; x_wconf 88' lang='lat' dir='ltr'><strong><em>seq.</em></strong></span> <span class='ocrx_word' id='word_1_52' title='bbox 1054 694 1190 774; x_wconf 71' lang='lat' dir='ltr'><strong><em>ameliae</em></strong></span> <span class='ocrx_word' id='word_1_53' title='bbox 1211 699 1298 773; x_wconf 84' lang='lat' dir='ltr'><strong><em>atque</em></strong></span> <span class='ocrx_word' id='word_1_54' title='bbox 1316 692 1474 754; x_wconf 74' lang='lat' dir='ltr'><strong><em>Ciceronis.</em></strong></span> 
     </span>
    </p>

    <p class='ocr_par' dir='ltr' id='par_1_4' title="bbox 273 775 1806 1147">
     <span class='ocr_line' id='line_1_7' title="bbox 273 775 1737 866; baseline -0.003 -18"><span class='ocrx_word' id='word_1_55' title='bbox 273 787 447 866; x_wconf 83' lang='lat' dir='ltr'><strong><em>Aiphansus</em></strong></span> <span class='ocrx_word' id='word_1_56' title='bbox 480 785 685 848; x_wconf 87' lang='lat' dir='ltr'><strong><em>Ciarmundus</em></strong></span> <span class='ocrx_word' id='word_1_57' title='bbox 718 793 789 846; x_wconf 90' lang='lat' dir='ltr'><strong><em>tom.</em></strong></span> <span class='ocrx_word' id='word_1_58' title='bbox 813 789 842 848; x_wconf 85' lang='grc'><strong><em>3.</em></strong></span> <span class='ocrx_word' id='word_1_59' title='bbox 864 790 995 850; x_wconf 88' lang='lat' dir='ltr'><strong><em>vitarum</em></strong></span> <span class='ocrx_word' id='word_1_60' title='bbox 1095 787 1199 847; x_wconf 84' lang='lat' dir='ltr'><strong><em>Oratio</em></strong></span> <span class='ocrx_word' id='word_1_61' title='bbox 1220 786 1250 846; x_wconf 91' lang='lat' dir='ltr'><strong><em>in</em></strong></span> <span class='ocrx_word' id='word_1_62' title='bbox 1270 785 1457 846; x_wconf 80' lang='lat' dir='ltr'><strong><em>emrrationc</em></strong></span> <span class='ocrx_word' id='word_1_63' title='bbox 1488 775 1634 846; x_wconf 72' lang='lat' dir='ltr'><strong><em>caenon</em></strong></span> <span class='ocrx_word' id='word_1_64' title='bbox 1661 791 1737 864; x_wconf 79' lang='lat' dir='ltr'><strong><em>atqie</em></strong></span> 
     </span>
     <span class='ocr_line' id='line_1_8' title="bbox 276 877 1805 960; baseline -0.001 -20"><span class='ocrx_word' id='word_1_65' title='bbox 276 898 342 959; x_wconf 90' lang='lat' dir='ltr'><strong><em>pag.</em></strong></span> <span class='ocrx_word' id='word_1_66' title='bbox 363 877 433 940; x_wconf 76' lang='lat' dir='ltr'><strong><em>sti.</em></strong></span> <span class='ocrx_word' id='word_1_67' title='bbox 454 879 609 940; x_wconf 77' lang='lat' dir='ltr'><strong><em>censurae</em></strong></span> <span class='ocrx_word' id='word_1_68' title='bbox 631 878 762 940; x_wconf 91' lang='lat' dir='ltr'><strong><em>Thomae</em></strong></span> <span class='ocrx_word' id='word_1_69' title='bbox 784 881 861 960; x_wconf 87' lang='lat' dir='ltr'><strong><em>Papo</em></strong></span> <span class='ocrx_word' id='word_1_70' title='bbox 889 882 997 943; x_wconf 91' lang='lat' dir='ltr'><strong><em>Biount</em></strong></span> <span class='ocrx_word' id='word_1_71' title='bbox 1051 879 1188 941; x_wconf 77' lang='lat' dir='ltr'><strong><em>Salustii.</em></strong></span> <span class='ocrx_word' id='word_1_72' title='bbox 1804 935 1805 938; x_wconf 74' lang='grc'>,</span> 
     </span>
     <span class='ocr_line' id='line_1_9' title="bbox 273 969 1806 1084; baseline -0.002 -51"><span class='ocrx_word' id='word_1_73' title='bbox 273 981 331 1033; x_wconf 87' lang='lat' dir='ltr'><strong><em>etc.</em></strong></span> <span class='ocrx_word' id='word_1_74' title='bbox 353 973 395 1033; x_wconf 88' lang='lat' dir='ltr'><strong><em>Be</em></strong></span> <span class='ocrx_word' id='word_1_75' title='bbox 418 973 539 1050; x_wconf 89' lang='lat' dir='ltr'><strong><em>scriptis</em></strong></span> <span class='ocrx_word' id='word_1_76' title='bbox 560 973 627 1032; x_wconf 92' lang='lat' dir='ltr'><strong><em>eius</em></strong></span> <span class='ocrx_word' id='word_1_77' title='bbox 649 972 727 1058; x_wconf 81' lang='lat' dir='ltr'><strong><em>idem</em></strong></span> <span class='ocrx_word' id='word_1_78' title='bbox 746 974 912 1036; x_wconf 88' lang='lat' dir='ltr'><strong><em>Niceronus</em></strong></span> <span class='ocrx_word' id='word_1_79' title='bbox 931 975 998 1035; x_wconf 87' lang='lat' dir='ltr'><strong><em>diii·</em></strong></span> <span class='ocrx_word' id='word_1_80' title='bbox 1094 974 1130 1032; x_wconf 92' lang='lat' dir='ltr'><strong><em>in</em></strong></span> <span class='ocrx_word' id='word_1_81' title='bbox 1161 972 1350 1034; x_wconf 78' lang='lat' dir='ltr'><strong><em>enarratione</em></strong></span> <span class='ocrx_word' id='word_1_82' title='bbox 1383 970 1590 1048; x_wconf 65' lang='grc' dir='ltr'><strong>(40ωο440000</strong></span> <span class='ocrx_word' id='word_1_83' title='bbox 1612 969 1739 1032; x_wconf 75' lang='lat' dir='ltr'><strong><em>raan—</em></strong></span> <span class='ocrx_word' id='word_1_84' title='bbox 1804 974 1806 1084; x_wconf 52' lang='grc'><strong>4</strong></span> 
     </span>
     <span class='ocr_line' id='line_1_10' title="bbox 274 1063 1737 1147; baseline -0.004 -19"><span class='ocrx_word' id='word_1_85' title='bbox 274 1073 400 1145; x_wconf 81' lang='lat' dir='ltr'><strong><em>genter:</em></strong></span> <span class='ocrx_word' id='word_1_86' title='bbox 424 1073 497 1126; x_wconf 89' lang='lat' dir='ltr'><strong><em>sunt</em></strong></span> <span class='ocrx_word' id='word_1_87' title='bbox 518 1072 620 1127; x_wconf 90' lang='lat' dir='ltr'><strong><em>antem</em></strong></span> <span class='ocrx_word' id='word_1_88' title='bbox 645 1066 692 1127; x_wconf 87' lang='lat' dir='ltr'><strong><em>vei</em></strong></span> <span class='ocrx_word' id='word_1_89' title='bbox 721 1066 846 1128; x_wconf 86' lang='lat' dir='ltr'><strong><em>Veteres</em></strong></span> <span class='ocrx_word' id='word_1_90' title='bbox 873 1070 998 1147; x_wconf 89' lang='lat' dir='ltr'><strong><em>scripto·</em></strong></span> <span class='ocrx_word' id='word_1_91' title='bbox 1052 1083 1163 1126; x_wconf 88' lang='lat' dir='ltr'><strong><em>narum</em></strong></span> <span class='ocrx_word' id='word_1_92' title='bbox 1186 1072 1216 1127; x_wconf 88' lang='lat' dir='ltr'><strong><em>et</em></strong></span> <span class='ocrx_word' id='word_1_93' title='bbox 1229 1065 1350 1128; x_wconf 84' lang='lat' dir='ltr'><strong><em>Horatii</em></strong></span> <span class='ocrx_word' id='word_1_94' title='bbox 1362 1065 1480 1142; x_wconf 71' lang='lat' dir='ltr'><strong><em>Finem,</em></strong></span> <span class='ocrx_word' id='word_1_95' title='bbox 1497 1063 1595 1124; x_wconf 86' lang='lat' dir='ltr'><strong><em>Oratio</em></strong></span> <span class='ocrx_word' id='word_1_96' title='bbox 1610 1063 1737 1124; x_wconf 72' lang='lat' dir='ltr'><strong><em>caninas</em></strong></span> 
     </span>
    </p>
   </div>
   <div class='ocr_carea' id='block_1_3' title="bbox 1803 749 1805 788">
    <p class='ocr_par' dir='ltr' id='par_1_5' title="bbox 1803 749 1805 788">
     <span class='ocr_line' id='line_1_11' title="bbox 1803 749 1805 788; baseline 0 0"><span class='ocrx_word' id='word_1_97' title='bbox 1803 749 1805 788; x_wconf 89' lang='lat' dir='ltr'><strong><em>i</em></strong></span> 
     </span>
    </p>
   </div>
   <div class='ocr_carea' id='block_1_4' title="bbox 151 1158 1807 4699">
    <p class='ocr_par' dir='ltr' id='par_1_6' title="bbox 151 1158 1807 4699">
     <span class='ocr_line' id='line_1_12' title="bbox 277 1158 1330 1240; baseline -0.002 -19"><span class='ocrx_word' id='word_1_98' title='bbox 277 1177 327 1221; x_wconf 90' lang='lat' dir='ltr'><strong><em>res</em></strong></span> <span class='ocrx_word' id='word_1_99' title='bbox 347 1159 385 1220; x_wconf 91' lang='lat' dir='ltr'><strong><em>ah</em></strong></span> <span class='ocrx_word' id='word_1_100' title='bbox 420 1175 455 1219; x_wconf 89' lang='lat' dir='ltr'><strong><em>eo</em></strong></span> <span class='ocrx_word' id='word_1_101' title='bbox 489 1162 628 1222; x_wconf 89' lang='lat' dir='ltr'><strong><em>recensiti</em></strong></span> <span class='ocrx_word' id='word_1_102' title='bbox 663 1160 863 1240; x_wconf 72' lang='lat' dir='ltr'><strong><em>illustratione</em></strong></span> <span class='ocrx_word' id='word_1_103' title='bbox 895 1165 996 1234; x_wconf 85' lang='lat' dir='ltr'><strong><em>notis,</em></strong></span> <span class='ocrx_word' id='word_1_104' title='bbox 1057 1158 1175 1220; x_wconf 87' lang='lat' dir='ltr'><strong><em>laudern</em></strong></span> <span class='ocrx_word' id='word_1_105' title='bbox 1194 1159 1330 1221; x_wconf 76' lang='lat' dir='ltr'><strong><em>Masicen.</em></strong></span> 
     </span>
     <span class='ocr_line' id='line_1_13' title="bbox 275 1249 1713 1334; baseline -0.003 -21"><span class='ocrx_word' id='word_1_106' title='bbox 275 1252 371 1314; x_wconf 80' lang='lat' dir='ltr'><strong><em>Plinii</em></strong></span> <span class='ocrx_word' id='word_1_107' title='bbox 390 1252 515 1314; x_wconf 90' lang='lat' dir='ltr'><strong><em>historia</em></strong></span> <span class='ocrx_word' id='word_1_108' title='bbox 537 1253 701 1329; x_wconf 89' lang='lat' dir='ltr'><strong><em>naturalis,</em></strong></span> <span class='ocrx_word' id='word_1_109' title='bbox 725 1255 910 1334; x_wconf 78' lang='lat' dir='ltr'><strong><em>Propertius,</em></strong></span> <span class='ocrx_word' id='word_1_110' title='bbox 928 1256 999 1317; x_wconf 86' lang='lat' dir='ltr'><strong><em>Ser-</em></strong></span> <span class='ocrx_word' id='word_1_111' title='bbox 1098 1255 1133 1314; x_wconf 90' lang='lat' dir='ltr'><strong><em>in</em></strong></span> <span class='ocrx_word' id='word_1_112' title='bbox 1154 1252 1342 1314; x_wconf 83' lang='lat' dir='ltr'><strong><em>enarratione</em></strong></span> <span class='ocrx_word' id='word_1_113' title='bbox 1363 1251 1461 1312; x_wconf 86' lang='lat' dir='ltr'><strong><em>Persii</em></strong></span> <span class='ocrx_word' id='word_1_114' title='bbox 1480 1252 1600 1324; x_wconf 89' lang='lat' dir='ltr'><strong><em>Poetae,</em></strong></span> <span class='ocrx_word' id='word_1_115' title='bbox 1617 1249 1713 1310; x_wconf 80' lang='lat' dir='ltr'><strong><em>Oratrh</em></strong></span> 
     </span>
     <span class='ocr_line' id='line_1_14' title="bbox 275 1341 1807 1440; baseline -0.005 -33"><span class='ocrx_word' id='word_1_116' title='bbox 275 1346 345 1407; x_wconf 88' lang='lat' dir='ltr'><strong><em>aius</em></strong></span> <span class='ocrx_word' id='word_1_117' title='bbox 379 1348 408 1405; x_wconf 93' lang='lat' dir='ltr'><strong><em>in</em></strong></span> <span class='ocrx_word' id='word_1_118' title='bbox 431 1346 607 1424; x_wconf 82' lang='lat' dir='ltr'><strong><em>Virgilium,</em></strong></span> <span class='ocrx_word' id='word_1_119' title='bbox 628 1363 718 1423; x_wconf 88' lang='lat' dir='ltr'><strong><em>quem</em></strong></span> <span class='ocrx_word' id='word_1_120' title='bbox 750 1345 888 1408; x_wconf 82' lang='lat' dir='ltr'><strong><em>acerbius</em></strong></span> <span class='ocrx_word' id='word_1_121' title='bbox 920 1350 999 1410; x_wconf 91' lang='lat' dir='ltr'><strong><em>inse·</em></strong></span> <span class='ocrx_word' id='word_1_122' title='bbox 1098 1347 1200 1409; x_wconf 85' lang='lat' dir='ltr'><strong><em>Oratio</em></strong></span> <span class='ocrx_word' id='word_1_123' title='bbox 1218 1343 1414 1426; x_wconf 75' lang='lat' dir='ltr'><strong><em>moinapad</em></strong></span> <span class='ocrx_word' id='word_1_124' title='bbox 1425 1347 1572 1406; x_wconf 81' lang='lat' dir='ltr'><strong><em>flecterent</em></strong></span> <span class='ocrx_word' id='word_1_125' title='bbox 1588 1341 1740 1404; x_wconf 80' lang='lat' dir='ltr'><strong><em>Scholastici</em></strong></span> <span class='ocrx_word' id='word_1_126' title='bbox 1805 1399 1807 1440; x_wconf 25' lang='lat' dir='ltr'>l</span> 
     </span>
     <span class='ocr_line' id='line_1_15' title="bbox 280 1427 1807 1522; baseline -0.004 -22"><span class='ocrx_word' id='word_1_127' title='bbox 280 1447 382 1501; x_wconf 91' lang='lat' dir='ltr'><strong><em>ctatnr</em></strong></span> <span class='ocrx_word' id='word_1_128' title='bbox 399 1438 500 1516; x_wconf 85' lang='lat' dir='ltr'><strong><em>judice</em></strong></span> <span class='ocrx_word' id='word_1_129' title='bbox 528 1439 645 1500; x_wconf 89' lang='lat' dir='ltr'><strong><em>Giiaaio</em></strong></span> <span class='ocrx_word' id='word_1_130' title='bbox 671 1440 698 1516; x_wconf 78' lang='lat' dir='ltr'><strong><em>a)</em></strong></span> <span class='ocrx_word' id='word_1_131' title='bbox 729 1457 819 1519; x_wconf 84' lang='lat' dir='ltr'><strong><em>qnam</em></strong></span> <span class='ocrx_word' id='word_1_132' title='bbox 851 1427 998 1520; x_wconf 86' lang='lat' dir='ltr'><strong><em>Bupalum</em></strong></span> <span class='ocrx_word' id='word_1_133' title='bbox 1055 1446 1234 1513; x_wconf 89' lang='lat' dir='ltr'><strong><em>conventus,</em></strong></span> <span class='ocrx_word' id='word_1_134' title='bbox 1256 1439 1401 1499; x_wconf 85' lang='lat' dir='ltr'><strong><em>ineuntem</em></strong></span> <span class='ocrx_word' id='word_1_135' title='bbox 1417 1435 1621 1499; x_wconf 77' lang='lat' dir='ltr'><strong><em>Scioobsiebam</em></strong></span> <span class='ocrx_word' id='word_1_136' title='bbox 1636 1433 1739 1514; x_wconf 79' lang='lat' dir='ltr'><strong><em>Praese·</em></strong></span> <span class='ocrx_word' id='word_1_137' title='bbox 1805 1453 1807 1522; x_wconf 73' lang='lat' dir='ltr'><strong><em>i</em></strong></span> 
     </span>
     <span class='ocr_line' id='line_1_16' title="bbox 276 1529 1807 1613; baseline -0.002 -17"><span class='ocrx_word' id='word_1_138' title='bbox 276 1536 433 1613; x_wconf 83' lang='lat' dir='ltr'><strong><em>Hipponax</em></strong></span> <span class='ocrx_word' id='word_1_139' title='bbox 460 1533 551 1606; x_wconf 90' lang='lat' dir='ltr'><strong><em>oiim,</em></strong></span> <span class='ocrx_word' id='word_1_140' title='bbox 572 1541 625 1594; x_wconf 90' lang='lat' dir='ltr'><strong><em>aut</em></strong></span> <span class='ocrx_word' id='word_1_141' title='bbox 658 1533 782 1595; x_wconf 87' lang='lat' dir='ltr'><strong><em>infidum</em></strong></span> <span class='ocrx_word' id='word_1_142' title='bbox 816 1535 996 1612; x_wconf 78' lang='lat' dir='ltr'><strong><em>Lycambam</em></strong></span> <span class='ocrx_word' id='word_1_143' title='bbox 1054 1541 1182 1595; x_wconf 73' lang='lat' dir='ltr'><strong><em>aarum.</em></strong></span> <span class='ocrx_word' id='word_1_144' title='bbox 1806 1529 1807 1532; x_wconf 70' lang='grc'>’</span> 
     </span>
     <span class='ocr_line' id='line_1_17' title="bbox 275 1617 1739 1705; baseline -0.005 -17"><span class='ocrx_word' id='word_1_145' title='bbox 275 1627 482 1688; x_wconf 78' lang='lat' dir='ltr'><strong><em>Archilochus.</em></strong></span> <span class='ocrx_word' id='word_1_146' title='bbox 505 1627 675 1705; x_wconf 86' lang='lat' dir='ltr'><strong><em>Scriptores</em></strong></span> <span class='ocrx_word' id='word_1_147' title='bbox 695 1626 733 1687; x_wconf 90' lang='lat' dir='ltr'><strong><em>de</em></strong></span> <span class='ocrx_word' id='word_1_148' title='bbox 755 1645 787 1688; x_wconf 92' lang='lat' dir='ltr'><strong><em>re</em></strong></span> <span class='ocrx_word' id='word_1_149' title='bbox 809 1631 921 1691; x_wconf 91' lang='lat' dir='ltr'><strong><em>rustica</em></strong></span> <span class='ocrx_word' id='word_1_150' title='bbox 944 1629 999 1692; x_wconf 86' lang='lat' dir='ltr'><strong><em>Ca-</em></strong></span> <span class='ocrx_word' id='word_1_151' title='bbox 1044 1619 1049 1631; x_wconf 90' lang='lat'>&#39;</span> <span class='ocrx_word' id='word_1_152' title='bbox 1097 1626 1200 1688; x_wconf 67' lang='grc'><strong>000440</strong></span> <span class='ocrx_word' id='word_1_153' title='bbox 1222 1622 1342 1701; x_wconf 87' lang='lat' dir='ltr'><strong><em>habita,</em></strong></span> <span class='ocrx_word' id='word_1_154' title='bbox 1363 1624 1434 1687; x_wconf 78' lang='grc'><strong>44004</strong></span> <span class='ocrx_word' id='word_1_155' title='bbox 1449 1617 1739 1686; x_wconf 69' lang='lat' dir='ltr'><strong><em>clamabamus</em></strong></span> 
     </span>
     <span class='ocr_line' id='line_1_18' title="bbox 276 1715 1538 1800; baseline -0.005 -20"><span class='ocrx_word' id='word_1_156' title='bbox 276 1718 410 1795; x_wconf 76' lang='lat' dir='ltr'><strong><em>iumdb,</em></strong></span> <span class='ocrx_word' id='word_1_157' title='bbox 435 1721 550 1794; x_wconf 90' lang='lat' dir='ltr'><strong><em>Varro,</em></strong></span> <span class='ocrx_word' id='word_1_158' title='bbox 573 1719 646 1782; x_wconf 84' lang='lat' dir='ltr'><strong><em>Cato</em></strong></span> <span class='ocrx_word' id='word_1_159' title='bbox 667 1727 699 1780; x_wconf 89' lang='lat' dir='ltr'><strong><em>at</em></strong></span> <span class='ocrx_word' id='word_1_160' title='bbox 730 1719 908 1784; x_wconf 87' lang='lat' dir='ltr'><strong><em>Palladias:</em></strong></span> <span class='ocrx_word' id='word_1_161' title='bbox 934 1724 1000 1783; x_wconf 92' lang='lat' dir='ltr'><strong><em>Vir·</em></strong></span> <span class='ocrx_word' id='word_1_162' title='bbox 1054 1719 1169 1800; x_wconf 87' lang='lat' dir='ltr'><strong><em>aceepit</em></strong></span> <span class='ocrx_word' id='word_1_163' title='bbox 1182 1717 1383 1798; x_wconf 74' lang='lat' dir='ltr'><strong><em>Magistratus</em></strong></span> <span class='ocrx_word' id='word_1_164' title='bbox 1404 1715 1538 1796; x_wconf 71' lang='lat' dir='ltr'><strong><em>insiguia.</em></strong></span> 
     </span>
     <span class='ocr_line' id='line_1_19' title="bbox 210 1809 1561 1898; baseline -0.003 -26"><span class='ocrx_word' id='word_1_165' title='bbox 210 1885 213 1898; x_wconf 87' lang='lat'><strong><em>.</em></strong></span> <span class='ocrx_word' id='word_1_166' title='bbox 274 1813 334 1892; x_wconf 89' lang='lat' dir='ltr'><strong><em>giiii</em></strong></span> <span class='ocrx_word' id='word_1_167' title='bbox 355 1813 492 1874; x_wconf 89' lang='lat' dir='ltr'><strong><em>Bucolica</em></strong></span> <span class='ocrx_word' id='word_1_168' title='bbox 513 1819 544 1873; x_wconf 91' lang='lat' dir='ltr'><strong><em>et</em></strong></span> <span class='ocrx_word' id='word_1_169' title='bbox 565 1813 718 1893; x_wconf 85' lang='lat' dir='ltr'><strong><em>Georgica.</em></strong></span> <span class='ocrx_word' id='word_1_170' title='bbox 751 1811 844 1875; x_wconf 88' lang='lat' dir='ltr'><strong><em>Plinii</em></strong></span> <span class='ocrx_word' id='word_1_171' title='bbox 867 1815 996 1893; x_wconf 76' lang='lat' dir='ltr'><strong><em>iunioris</em></strong></span> <span class='ocrx_word' id='word_1_172' title='bbox 1095 1814 1144 1875; x_wconf 80' lang='lat' dir='ltr'><strong><em>dd</em></strong></span> <span class='ocrx_word' id='word_1_173' title='bbox 1166 1809 1430 1874; x_wconf 68' lang='lat' dir='ltr'><strong><em>mansuarios</em></strong></span> <span class='ocrx_word' id='word_1_174' title='bbox 1452 1809 1561 1873; x_wconf 83' lang='lat' dir='ltr'><strong><em>Oratio</em></strong></span> 
     </span>
     <span class='ocr_line' id='line_1_20' title="bbox 198 1895 1738 1987; baseline -0.008 -19"><span class='ocrx_word' id='word_1_175' title='bbox 198 1907 204 1922; x_wconf 93' lang='lat'>&#39;</span> <span class='ocrx_word' id='word_1_176' title='bbox 273 1906 426 1984; x_wconf 85' lang='lat' dir='ltr'><strong><em>Epistulae</em></strong></span> <span class='ocrx_word' id='word_1_177' title='bbox 451 1913 484 1968; x_wconf 87' lang='lat' dir='ltr'><strong><em>et</em></strong></span> <span class='ocrx_word' id='word_1_178' title='bbox 504 1907 728 1986; x_wconf 81' lang='lat' dir='ltr'><strong><em>Panegyricos:</em></strong></span> <span class='ocrx_word' id='word_1_179' title='bbox 752 1906 905 1970; x_wconf 70' lang='lat' dir='ltr'><strong><em>Cicerone</em></strong></span> <span class='ocrx_word' id='word_1_180' title='bbox 937 1911 998 1971; x_wconf 84' lang='lat' dir='ltr'><strong><em>To·</em></strong></span> <span class='ocrx_word' id='word_1_181' title='bbox 1098 1905 1230 1987; x_wconf 79' lang='lat' dir='ltr'><strong><em>Epistola</em></strong></span> <span class='ocrx_word' id='word_1_182' title='bbox 1250 1911 1280 1967; x_wconf 90' lang='lat' dir='ltr'><strong><em>et</em></strong></span> <span class='ocrx_word' id='word_1_183' title='bbox 1295 1904 1497 1986; x_wconf 64' lang='lat' dir='ltr'><strong><em>mnepyraus</em></strong></span> <span class='ocrx_word' id='word_1_184' title='bbox 1516 1900 1555 1963; x_wconf 91' lang='lat' dir='ltr'><strong><em>ad</em></strong></span> <span class='ocrx_word' id='word_1_185' title='bbox 1582 1895 1738 1962; x_wconf 76' lang='lat' dir='ltr'><strong><em>raanan</em></strong></span> 
     </span>
     <span class='ocr_line' id='line_1_21' title="bbox 274 1999 1237 2080; baseline 0.003 -23"><span class='ocrx_word' id='word_1_186' title='bbox 274 1999 416 2060; x_wconf 82' lang='lat' dir='ltr'><strong><em>scuiaime</em></strong></span> <span class='ocrx_word' id='word_1_187' title='bbox 438 1999 656 2072; x_wconf 86' lang='lat' dir='ltr'><strong><em>Quaestiones,</em></strong></span> <span class='ocrx_word' id='word_1_188' title='bbox 678 2001 813 2078; x_wconf 85' lang='lat' dir='ltr'><strong><em>itemque</em></strong></span> <span class='ocrx_word' id='word_1_189' title='bbox 827 2002 997 2078; x_wconf 88' lang='lat' dir='ltr'><strong><em>Orationes,</em></strong></span> <span class='ocrx_word' id='word_1_190' title='bbox 1054 2000 1237 2080; x_wconf 76' lang='lat' dir='ltr'><strong><em>sphaerion.</em></strong></span> 
     </span>
     <span class='ocr_line' id='line_1_22' title="bbox 275 2081 1715 2166; baseline -0.009 -12"><span class='ocrx_word' id='word_1_191' title='bbox 275 2095 387 2154; x_wconf 85' lang='lat' dir='ltr'><strong><em>Bonan.</em></strong></span> <span class='ocrx_word' id='word_1_192' title='bbox 411 2094 499 2154; x_wconf 83' lang='grc'><strong>4499.</strong></span> <span class='ocrx_word' id='word_1_193' title='bbox 521 2092 568 2153; x_wconf 88' lang='lat' dir='ltr'><strong><em>ini.</em></strong></span> <span class='ocrx_word' id='word_1_194' title='bbox 591 2091 690 2154; x_wconf 87' lang='lat' dir='ltr'><strong><em>addita</em></strong></span> <span class='ocrx_word' id='word_1_195' title='bbox 722 2093 863 2155; x_wconf 88' lang='lat' dir='ltr'><strong><em>Oratione</em></strong></span> <span class='ocrx_word' id='word_1_196' title='bbox 894 2101 995 2158; x_wconf 89' lang='lat' dir='ltr'><strong><em>contra</em></strong></span> <span class='ocrx_word' id='word_1_197' title='bbox 1072 2091 1141 2156; x_wconf 69' lang='lat' dir='ltr'><strong><em>&#39;rid</em></strong></span> <span class='ocrx_word' id='word_1_198' title='bbox 1156 2091 1413 2155; x_wconf 83' lang='lat' dir='ltr'><strong><em>Bartholomaeuns</em></strong></span> <span class='ocrx_word' id='word_1_199' title='bbox 1433 2088 1571 2154; x_wconf 72' lang='lat' dir='ltr'><strong><em>cneum</em></strong></span> <span class='ocrx_word' id='word_1_200' title='bbox 1589 2081 1715 2166; x_wconf 72' lang='lat' dir='ltr'><strong><em>Epistola.</em></strong></span> 
     </span>
     <span class='ocr_line' id='line_1_23' title="bbox 247 2178 1650 2268; baseline -0.005 -22"><span class='ocrx_word' id='word_1_201' title='bbox 247 2187 314 2246; x_wconf 89' lang='lat' dir='ltr'><strong><em>·M.</em></strong></span> <span class='ocrx_word' id='word_1_202' title='bbox 336 2182 514 2260; x_wconf 87' lang='lat' dir='ltr'><strong><em>Valerium,</em></strong></span> <span class='ocrx_word' id='word_1_203' title='bbox 537 2187 686 2263; x_wconf 89' lang='lat' dir='ltr'><strong><em>incognita</em></strong></span> <span class='ocrx_word' id='word_1_204' title='bbox 708 2187 791 2266; x_wconf 89' lang='lat' dir='ltr'><strong><em>prius</em></strong></span> <span class='ocrx_word' id='word_1_205' title='bbox 811 2192 843 2248; x_wconf 89' lang='lat' dir='ltr'><strong><em>et</em></strong></span> <span class='ocrx_word' id='word_1_206' title='bbox 863 2187 998 2250; x_wconf 84' lang='lat' dir='ltr'><strong><em>Ciceroni</em></strong></span> <span class='ocrx_word' id='word_1_207' title='bbox 1096 2189 1131 2248; x_wconf 92' lang='lat' dir='ltr'><strong><em>in</em></strong></span> <span class='ocrx_word' id='word_1_208' title='bbox 1151 2187 1278 2268; x_wconf 88' lang='lat' dir='ltr'><strong><em>Nuptias</em></strong></span> <span class='ocrx_word' id='word_1_209' title='bbox 1298 2183 1530 2258; x_wconf 81' lang='lat' dir='ltr'><strong><em>Bentriroiorurn,</em></strong></span> <span class='ocrx_word' id='word_1_210' title='bbox 1553 2178 1650 2242; x_wconf 74' lang='lat' dir='ltr'><strong><em>nnn.</em></strong></span> 
     </span>
     <span class='ocr_line' id='line_1_24' title="bbox 278 2275 1465 2360; baseline -0.001 -22"><span class='ocrx_word' id='word_1_211' title='bbox 278 2279 443 2356; x_wconf 85' lang='lat' dir='ltr'><strong><em>supposita.</em></strong></span> <span class='ocrx_word' id='word_1_212' title='bbox 475 2277 651 2352; x_wconf 84' lang='lat' dir='ltr'><strong><em>Suetonius,</em></strong></span> <span class='ocrx_word' id='word_1_213' title='bbox 673 2277 793 2360; x_wconf 80' lang='lat' dir='ltr'><strong><em>Apuieji</em></strong></span> <span class='ocrx_word' id='word_1_214' title='bbox 821 2283 925 2342; x_wconf 90' lang='lat' dir='ltr'><strong><em>asinus</em></strong></span> <span class='ocrx_word' id='word_1_215' title='bbox 946 2299 999 2344; x_wconf 92' lang='lat' dir='ltr'><strong><em>an·</em></strong></span> <span class='ocrx_word' id='word_1_216' title='bbox 1097 2276 1287 2344; x_wconf 74' lang='lat' dir='ltr'><strong><em>Oratsa‘uiia</em></strong></span> <span class='ocrx_word' id='word_1_217' title='bbox 1307 2275 1465 2359; x_wconf 76' lang='lat' dir='ltr'><strong><em>Nuptshiss.</em></strong></span> 
     </span>
     <span class='ocr_line' id='line_1_25' title="bbox 278 2365 1740 2456; baseline -0.003 -26"><span class='ocrx_word' id='word_1_218' title='bbox 278 2387 358 2432; x_wconf 88' lang='lat' dir='ltr'><strong><em>rcus.</em></strong></span> <span class='ocrx_word' id='word_1_219' title='bbox 382 2370 527 2447; x_wconf 89' lang='lat' dir='ltr'><strong><em>Plautus,</em></strong></span> <span class='ocrx_word' id='word_1_220' title='bbox 550 2372 683 2449; x_wconf 85' lang='lat' dir='ltr'><strong><em>Caesar,</em></strong></span> <span class='ocrx_word' id='word_1_221' title='bbox 710 2375 824 2436; x_wconf 80' lang='lat' dir='ltr'><strong><em>Sensus</em></strong></span> <span class='ocrx_word' id='word_1_222' title='bbox 852 2373 997 2438; x_wconf 79' lang='lat' dir='ltr'><strong><em>Aurelius</em></strong></span> <span class='ocrx_word' id='word_1_223' title='bbox 1096 2372 1229 2456; x_wconf 81' lang='lat' dir='ltr'><strong><em>Epistola</em></strong></span> <span class='ocrx_word' id='word_1_224' title='bbox 1259 2371 1300 2434; x_wconf 86' lang='lat' dir='ltr'><strong><em>ad</em></strong></span> <span class='ocrx_word' id='word_1_225' title='bbox 1332 2373 1444 2433; x_wconf 85' lang='lat' dir='ltr'><strong><em>Minna</em></strong></span> <span class='ocrx_word' id='word_1_226' title='bbox 1465 2367 1610 2438; x_wconf 73' lang='lat' dir='ltr'><strong><em>hasnum,</em></strong></span> <span class='ocrx_word' id='word_1_227' title='bbox 1633 2365 1740 2425; x_wconf 77' lang='grc'><strong>800040</strong></span> 
     </span>
     <span class='ocr_line' id='line_1_26' title="bbox 277 2453 1739 2542; baseline -0.005 -18"><span class='ocrx_word' id='word_1_228' title='bbox 277 2465 315 2525; x_wconf 88' lang='lat' dir='ltr'><strong><em>da</em></strong></span> <span class='ocrx_word' id='word_1_229' title='bbox 337 2465 412 2526; x_wconf 90' lang='lat' dir='ltr'><strong><em>Vitis</em></strong></span> <span class='ocrx_word' id='word_1_230' title='bbox 429 2465 592 2528; x_wconf 82' lang='lat' dir='ltr'><strong><em>Caesarum</em></strong></span> <span class='ocrx_word' id='word_1_231' title='bbox 607 2487 616 2527; x_wconf 89' lang='lat'>:</span> <span class='ocrx_word' id='word_1_232' title='bbox 632 2469 773 2530; x_wconf 83' lang='lat' dir='ltr'><strong><em>Lucanus</em></strong></span> <span class='ocrx_word' id='word_1_233' title='bbox 788 2476 821 2528; x_wconf 90' lang='lat' dir='ltr'><strong><em>et</em></strong></span> <span class='ocrx_word' id='word_1_234' title='bbox 831 2467 998 2531; x_wconf 76' lang='lat' dir='ltr'><strong><em>tanente.</em></strong></span> <span class='ocrx_word' id='word_1_235' title='bbox 1056 2487 1121 2532; x_wconf 85' lang='lat' dir='ltr'><strong><em>rem</em></strong></span> <span class='ocrx_word' id='word_1_236' title='bbox 1131 2470 1356 2542; x_wconf 72' lang='lat' dir='ltr'><strong><em>annumero,</em></strong></span> <span class='ocrx_word' id='word_1_237' title='bbox 1366 2481 1434 2527; x_wconf 74' lang='grc'><strong>0004</strong></span> <span class='ocrx_word' id='word_1_238' title='bbox 1444 2460 1557 2525; x_wconf 64' lang='lat' dir='ltr'><strong><em>minu</em></strong></span> <span class='ocrx_word' id='word_1_239' title='bbox 1567 2453 1739 2520; x_wconf 69' lang='grc'><strong>4440404000</strong></span> 
     </span>
     <span class='ocr_line' id='line_1_27' title="bbox 280 2547 1740 2643; baseline 0.001 -25"><span class='ocrx_word' id='word_1_240' title='bbox 280 2558 333 2618; x_wconf 90' lang='lat' dir='ltr'><strong><em>Vei</em></strong></span> <span class='ocrx_word' id='word_1_241' title='bbox 369 2575 446 2637; x_wconf 89' lang='lat' dir='ltr'><strong><em>quae</em></strong></span> <span class='ocrx_word' id='word_1_242' title='bbox 480 2561 544 2640; x_wconf 88' lang='lat' dir='ltr'><strong><em>ipse</em></strong></span> <span class='ocrx_word' id='word_1_243' title='bbox 576 2560 785 2637; x_wconf 84' lang='lat' dir='ltr'><strong><em>elucubravit,</em></strong></span> <span class='ocrx_word' id='word_1_244' title='bbox 819 2560 997 2643; x_wconf 81' lang='lat' dir='ltr'><strong><em>Heptaiopos</em></strong></span> <span class='ocrx_word' id='word_1_245' title='bbox 1096 2565 1224 2626; x_wconf 83' lang='lat' dir='ltr'><strong><em>carmen</em></strong></span> <span class='ocrx_word' id='word_1_246' title='bbox 1241 2559 1366 2641; x_wconf 89' lang='lat' dir='ltr'><strong><em>lugubre</em></strong></span> <span class='ocrx_word' id='word_1_247' title='bbox 1382 2557 1417 2620; x_wconf 87' lang='lat' dir='ltr'><strong><em>de</em></strong></span> <span class='ocrx_word' id='word_1_248' title='bbox 1432 2555 1593 2619; x_wconf 71' lang='grc'><strong>1400404000</strong></span> <span class='ocrx_word' id='word_1_249' title='bbox 1608 2547 1740 2631; x_wconf 59' lang='lat' dir='ltr'><strong><em>purtim</em></strong></span> 
     </span>
     <span class='ocr_line' id='line_1_28' title="bbox 279 2640 1741 2735; baseline -0.008 -24"><span class='ocrx_word' id='word_1_250' title='bbox 279 2651 344 2712; x_wconf 88' lang='lat' dir='ltr'><strong><em>sive</em></strong></span> <span class='ocrx_word' id='word_1_251' title='bbox 372 2660 490 2732; x_wconf 88' lang='lat' dir='ltr'><strong><em>septem</em></strong></span> <span class='ocrx_word' id='word_1_252' title='bbox 517 2655 693 2733; x_wconf 83' lang='lat' dir='ltr'><strong><em>Sapientem</em></strong></span> <span class='ocrx_word' id='word_1_253' title='bbox 715 2655 813 2718; x_wconf 90' lang='lat' dir='ltr'><strong><em>dicta.</em></strong></span> <span class='ocrx_word' id='word_1_254' title='bbox 844 2653 997 2718; x_wconf 75' lang='lat' dir='ltr'><strong><em>Deciana</em></strong></span> <span class='ocrx_word' id='word_1_255' title='bbox 1059 2655 1121 2732; x_wconf 88' lang='lat' dir='ltr'><strong><em>die,</em></strong></span> <span class='ocrx_word' id='word_1_256' title='bbox 1139 2655 1217 2735; x_wconf 89' lang='lat' dir='ltr'><strong><em>qaod</em></strong></span> <span class='ocrx_word' id='word_1_257' title='bbox 1235 2653 1346 2716; x_wconf 89' lang='lat' dir='ltr'><strong><em>Gaiiiea</em></strong></span> <span class='ocrx_word' id='word_1_258' title='bbox 1366 2654 1454 2714; x_wconf 89' lang='lat' dir='ltr'><strong><em>etism</em></strong></span> <span class='ocrx_word' id='word_1_259' title='bbox 1475 2644 1644 2727; x_wconf 85' lang='lat' dir='ltr'><strong><em>metaphrasi</em></strong></span> <span class='ocrx_word' id='word_1_260' title='bbox 1661 2640 1741 2702; x_wconf 79' lang='lat' dir='ltr'><strong><em>dona</em></strong></span> 
     </span>
     <span class='ocr_line' id='line_1_29' title="bbox 279 2732 1736 2829; baseline -0.008 -25"><span class='ocrx_word' id='word_1_261' title='bbox 279 2744 374 2806; x_wconf 77' lang='lat' dir='ltr'><strong><em>Mones</em></strong></span> <span class='ocrx_word' id='word_1_262' title='bbox 396 2745 586 2826; x_wconf 90' lang='lat' dir='ltr'><strong><em>Philosophi,</em></strong></span> <span class='ocrx_word' id='word_1_263' title='bbox 608 2749 712 2810; x_wconf 90' lang='lat' dir='ltr'><strong><em>Medici</em></strong></span> <span class='ocrx_word' id='word_1_264' title='bbox 733 2757 764 2810; x_wconf 87' lang='lat' dir='ltr'><strong><em>et</em></strong></span> <span class='ocrx_word' id='word_1_265' title='bbox 778 2749 913 2811; x_wconf 90' lang='lat' dir='ltr'><strong><em>Oratoris</em></strong></span> <span class='ocrx_word' id='word_1_266' title='bbox 928 2752 998 2829; x_wconf 89' lang='lat' dir='ltr'><strong><em>quis</em></strong></span> <span class='ocrx_word' id='word_1_267' title='bbox 1054 2757 1126 2814; x_wconf 90' lang='lat' dir='ltr'><strong><em>runt</em></strong></span> <span class='ocrx_word' id='word_1_268' title='bbox 1155 2748 1294 2810; x_wconf 87' lang='lat' dir='ltr'><strong><em>Clemens</em></strong></span> <span class='ocrx_word' id='word_1_269' title='bbox 1327 2749 1457 2810; x_wconf 80' lang='lat' dir='ltr'><strong><em>Masatos</em></strong></span> <span class='ocrx_word' id='word_1_270' title='bbox 1486 2751 1516 2803; x_wconf 87' lang='lat' dir='ltr'><strong><em>et</em></strong></span> <span class='ocrx_word' id='word_1_271' title='bbox 1544 2737 1675 2804; x_wconf 85' lang='lat' dir='ltr'><strong><em>Claudios</em></strong></span> <span class='ocrx_word' id='word_1_272' title='bbox 1704 2732 1736 2792; x_wconf 87' lang='lat' dir='ltr'><strong><em>de</em></strong></span> 
     </span>
     <span class='ocr_line' id='line_1_30' title="bbox 279 2823 1740 2919; baseline -0.001 -22"><span class='ocrx_word' id='word_1_273' title='bbox 279 2845 434 2917; x_wconf 88' lang='lat' dir='ltr'><strong><em>praestet:</em></strong></span> <span class='ocrx_word' id='word_1_274' title='bbox 456 2847 488 2901; x_wconf 91' lang='lat' dir='ltr'><strong><em>et</em></strong></span> <span class='ocrx_word' id='word_1_275' title='bbox 518 2840 646 2917; x_wconf 88' lang='lat' dir='ltr'><strong><em>ebriosi,</em></strong></span> <span class='ocrx_word' id='word_1_276' title='bbox 667 2843 860 2915; x_wconf 87' lang='lat' dir='ltr'><strong><em>scortatoris,</em></strong></span> <span class='ocrx_word' id='word_1_277' title='bbox 888 2843 999 2904; x_wconf 86' lang='lat' dir='ltr'><strong><em>aleato·</em></strong></span> <span class='ocrx_word' id='word_1_278' title='bbox 1052 2845 1196 2904; x_wconf 85' lang='lat' dir='ltr'><strong><em>Pontoux.</em></strong></span> <span class='ocrx_word' id='word_1_279' title='bbox 1224 2842 1354 2902; x_wconf 84' lang='lat' dir='ltr'><strong><em>Exstant</em></strong></span> <span class='ocrx_word' id='word_1_280' title='bbox 1374 2845 1522 2919; x_wconf 86' lang='lat' dir='ltr'><strong><em>praeterea</em></strong></span> <span class='ocrx_word' id='word_1_281' title='bbox 1541 2827 1672 2913; x_wconf 73' lang='lat' dir='ltr'><strong><em>Symbola</em></strong></span> <span class='ocrx_word' id='word_1_282' title='bbox 1687 2823 1740 2904; x_wconf 73' lang='lat' dir='ltr'><strong><em>Pr·</em></strong></span> 
     </span>
     <span class='ocr_line' id='line_1_31' title="bbox 279 2921 1739 3015; baseline -0.01 -23"><span class='ocrx_word' id='word_1_283' title='bbox 279 2935 340 3006; x_wconf 91' lang='lat' dir='ltr'><strong><em>ris,</em></strong></span> <span class='ocrx_word' id='word_1_284' title='bbox 378 2936 447 3011; x_wconf 90' lang='lat' dir='ltr'><strong><em>quis</em></strong></span> <span class='ocrx_word' id='word_1_285' title='bbox 477 2936 516 2993; x_wconf 89' lang='lat' dir='ltr'><strong><em>sit</em></strong></span> <span class='ocrx_word' id='word_1_286' title='bbox 546 2934 760 2996; x_wconf 88' lang='lat' dir='ltr'><strong><em>detestabilior.</em></strong></span> <span class='ocrx_word' id='word_1_287' title='bbox 796 2936 929 2998; x_wconf 88' lang='lat' dir='ltr'><strong><em>Libellus</em></strong></span> <span class='ocrx_word' id='word_1_288' title='bbox 961 2935 998 2997; x_wconf 91' lang='lat' dir='ltr'><strong><em>de</em></strong></span> <span class='ocrx_word' id='word_1_289' title='bbox 1053 2934 1194 3015; x_wconf 76' lang='lat' dir='ltr'><strong><em>Moporae</em></strong></span> <span class='ocrx_word' id='word_1_290' title='bbox 1214 2936 1232 2995; x_wconf 81' lang='lat' dir='ltr'><strong><em>s</em></strong></span> <span class='ocrx_word' id='word_1_291' title='bbox 1252 2932 1392 2995; x_wconf 88' lang='lat' dir='ltr'><strong><em>Beroaldo</em></strong></span> <span class='ocrx_word' id='word_1_292' title='bbox 1424 2929 1569 2991; x_wconf 90' lang='lat' dir='ltr'><strong><em>moraliter</em></strong></span> <span class='ocrx_word' id='word_1_293' title='bbox 1587 2921 1739 3001; x_wconf 81' lang='lat' dir='ltr'><strong><em>explicata,</em></strong></span> 
     </span>
     <span class='ocr_line' id='line_1_32' title="bbox 278 3019 1739 3111; baseline -0.007 -25"><span class='ocrx_word' id='word_1_294' title='bbox 278 3025 385 3104; x_wconf 85' lang='lat' dir='ltr'><strong><em>optino</em></strong></span> <span class='ocrx_word' id='word_1_295' title='bbox 400 3031 483 3088; x_wconf 87' lang='lat' dir='ltr'><strong><em>statu</em></strong></span> <span class='ocrx_word' id='word_1_296' title='bbox 495 3033 524 3088; x_wconf 90' lang='lat' dir='ltr'><strong><em>et</em></strong></span> <span class='ocrx_word' id='word_1_297' title='bbox 537 3027 684 3108; x_wconf 79' lang='lat' dir='ltr'><strong><em>principe.</em></strong></span> <span class='ocrx_word' id='word_1_298' title='bbox 701 3029 744 3089; x_wconf 88' lang='lat' dir='ltr'><strong><em>De</em></strong></span> <span class='ocrx_word' id='word_1_299' title='bbox 759 3027 900 3109; x_wconf 72' lang='lat' dir='ltr'><strong><em>(almitate</em></strong></span> <span class='ocrx_word' id='word_1_300' title='bbox 913 3031 998 3110; x_wconf 89' lang='lat' dir='ltr'><strong><em>Opu·</em></strong></span> <span class='ocrx_word' id='word_1_301' title='bbox 1052 3028 1131 3091; x_wconf 85' lang='lat' dir='ltr'><strong><em>etde</em></strong></span> <span class='ocrx_word' id='word_1_302' title='bbox 1144 3024 1309 3089; x_wconf 78' lang='lat' dir='ltr'><strong><em>scribendis</em></strong></span> <span class='ocrx_word' id='word_1_303' title='bbox 1324 3022 1464 3106; x_wconf 75' lang='lat' dir='ltr'><strong><em>Epistulas</em></strong></span> <span class='ocrx_word' id='word_1_304' title='bbox 1477 3020 1589 3084; x_wconf 90' lang='lat' dir='ltr'><strong><em>libellas</em></strong></span> <span class='ocrx_word' id='word_1_305' title='bbox 1601 3019 1629 3077; x_wconf 90' lang='lat' dir='ltr'><strong><em>in</em></strong></span> <span class='ocrx_word' id='word_1_306' title='bbox 1642 3027 1739 3111; x_wconf 58' lang='lat' dir='ltr'><strong><em>appeto·</em></strong></span> 
     </span>
     <span class='ocr_line' id='line_1_33' title="bbox 279 3103 1739 3208; baseline -0.01 -28"><span class='ocrx_word' id='word_1_307' title='bbox 279 3121 410 3181; x_wconf 90' lang='lat' dir='ltr'><strong><em>sculum.</em></strong></span> <span class='ocrx_word' id='word_1_308' title='bbox 433 3121 523 3182; x_wconf 78' lang='lat' dir='ltr'><strong><em>Aliud</em></strong></span> <span class='ocrx_word' id='word_1_309' title='bbox 544 3120 580 3182; x_wconf 80' lang='lat' dir='ltr'><strong><em>ele</em></strong></span> <span class='ocrx_word' id='word_1_310' title='bbox 596 3126 698 3182; x_wconf 68' lang='lat' dir='ltr'><strong><em>arrae</em></strong></span> <span class='ocrx_word' id='word_1_311' title='bbox 719 3127 800 3184; x_wconf 85' lang='lat' dir='ltr'><strong><em>motu</em></strong></span> <span class='ocrx_word' id='word_1_312' title='bbox 817 3128 846 3184; x_wconf 92' lang='lat' dir='ltr'><strong><em>et</em></strong></span> <span class='ocrx_word' id='word_1_313' title='bbox 855 3121 997 3202; x_wconf 85' lang='lat' dir='ltr'><strong><em>pssh&#39;ien-</em></strong></span> <span class='ocrx_word' id='word_1_314' title='bbox 1053 3123 1120 3184; x_wconf 89' lang='lat' dir='ltr'><strong><em>dice</em></strong></span> <span class='ocrx_word' id='word_1_315' title='bbox 1147 3123 1319 3201; x_wconf 78' lang='lat' dir='ltr'><strong><em>Margaritae</em></strong></span> <span class='ocrx_word' id='word_1_316' title='bbox 1348 3115 1581 3196; x_wconf 79' lang='lat' dir='ltr'><strong><em>Philosophiana:</em></strong></span> <span class='ocrx_word' id='word_1_317' title='bbox 1602 3103 1739 3208; x_wconf 70' lang='grc'><strong>404014444-</strong></span> 
     </span>
     <span class='ocr_line' id='line_1_34' title="bbox 279 3201 1736 3295; baseline -0.012 -21"><span class='ocrx_word' id='word_1_318' title='bbox 279 3213 330 3274; x_wconf 81' lang='lat' dir='ltr'><strong><em>tob.</em></strong></span> <span class='ocrx_word' id='word_1_319' title='bbox 349 3215 456 3276; x_wconf 90' lang='lat' dir='ltr'><strong><em>Oratio</em></strong></span> <span class='ocrx_word' id='word_1_320' title='bbox 465 3213 669 3295; x_wconf 70' lang='lat' dir='ltr'><strong><em>mooerbioiis</em></strong></span> <span class='ocrx_word' id='word_1_321' title='bbox 685 3218 750 3278; x_wconf 86' lang='lat' dir='ltr'><strong><em>sive</em></strong></span> <span class='ocrx_word' id='word_1_322' title='bbox 766 3235 805 3280; x_wconf 83' lang='lat' dir='ltr'><strong><em>ex</em></strong></span> <span class='ocrx_word' id='word_1_323' title='bbox 822 3221 995 3280; x_wconf 85' lang='lat' dir='ltr'><strong><em>mariscen·</em></strong></span> <span class='ocrx_word' id='word_1_324' title='bbox 1051 3213 1144 3278; x_wconf 79' lang='lat' dir='ltr'><strong><em>snae</em></strong></span> <span class='ocrx_word' id='word_1_325' title='bbox 1163 3214 1310 3294; x_wconf 88' lang='lat' dir='ltr'><strong><em>quaedam</em></strong></span> <span class='ocrx_word' id='word_1_326' title='bbox 1336 3216 1412 3274; x_wconf 88' lang='lat' dir='ltr'><strong><em>inter</em></strong></span> <span class='ocrx_word' id='word_1_327' title='bbox 1437 3208 1580 3291; x_wconf 77' lang='lat' dir='ltr'><strong><em>Epistulas</em></strong></span> <span class='ocrx_word' id='word_1_328' title='bbox 1600 3201 1736 3269; x_wconf 84' lang='lat' dir='ltr'><strong><em>Politian,</em></strong></span> 
     </span>
     <span class='ocr_line' id='line_1_35' title="bbox 151 3307 1569 3388; baseline 0 -21"><span class='ocrx_word' id='word_1_329' title='bbox 151 3349 156 3359; x_wconf 85' lang='lat'><strong><em>.</em></strong></span> <span class='ocrx_word' id='word_1_330' title='bbox 278 3313 363 3368; x_wconf 77' lang='lat' dir='ltr'><strong><em>texta</em></strong></span> <span class='ocrx_word' id='word_1_331' title='bbox 383 3308 549 3387; x_wconf 89' lang='lat' dir='ltr'><strong><em>proverbiis</em></strong></span> <span class='ocrx_word' id='word_1_332' title='bbox 579 3327 746 3388; x_wconf 88' lang='lat' dir='ltr'><strong><em>eorumque</em></strong></span> <span class='ocrx_word' id='word_1_333' title='bbox 778 3327 902 3372; x_wconf 88' lang='lat' dir='ltr'><strong><em>sensum</em></strong></span> <span class='ocrx_word' id='word_1_334' title='bbox 930 3312 997 3376; x_wconf 77' lang='lat' dir='ltr'><strong><em>ihu</em></strong></span> <span class='ocrx_word' id='word_1_335' title='bbox 1053 3312 1099 3372; x_wconf 91' lang='lat' dir='ltr'><strong><em>io.</em></strong></span> <span class='ocrx_word' id='word_1_336' title='bbox 1120 3309 1270 3371; x_wconf 84' lang='lat' dir='ltr'><strong><em>Francisci</em></strong></span> <span class='ocrx_word' id='word_1_337' title='bbox 1285 3307 1349 3368; x_wconf 79' lang='lat' dir='ltr'><strong><em>Pici</em></strong></span> <span class='ocrx_word' id='word_1_338' title='bbox 1371 3313 1427 3368; x_wconf 89' lang='lat' dir='ltr'><strong><em>eta.</em></strong></span> <span class='ocrx_word' id='word_1_339' title='bbox 1566 3322 1569 3328; x_wconf 87' lang='lat'>·</span> 
     </span>
     <span class='ocr_line' id='line_1_36' title="bbox 279 3388 1741 3490; baseline -0.008 -30"><span class='ocrx_word' id='word_1_340' title='bbox 279 3406 390 3462; x_wconf 87' lang='lat' dir='ltr'><strong><em>straus.</em></strong></span> <span class='ocrx_word' id='word_1_341' title='bbox 413 3403 581 3480; x_wconf 86' lang='lat' dir='ltr'><strong><em>Disputatio</em></strong></span> <span class='ocrx_word' id='word_1_342' title='bbox 602 3401 638 3463; x_wconf 90' lang='lat' dir='ltr'><strong><em>de</em></strong></span> <span class='ocrx_word' id='word_1_343' title='bbox 654 3402 769 3464; x_wconf 85' lang='lat' dir='ltr'><strong><em>nomine</em></strong></span> <span class='ocrx_word' id='word_1_344' title='bbox 789 3404 998 3486; x_wconf 85' lang='lat' dir='ltr'><strong><em>imperatorio.</em></strong></span> <span class='ocrx_word' id='word_1_345' title='bbox 1092 3403 1169 3480; x_wconf 78' lang='lat' dir='ltr'><strong><em>(stt.</em></strong></span> <span class='ocrx_word' id='word_1_346' title='bbox 1190 3402 1269 3464; x_wconf 90' lang='lat' dir='ltr'><strong><em>Nihil</em></strong></span> <span class='ocrx_word' id='word_1_347' title='bbox 1291 3399 1328 3462; x_wconf 90' lang='lat' dir='ltr'><strong><em>de</em></strong></span> <span class='ocrx_word' id='word_1_348' title='bbox 1350 3401 1517 3476; x_wconf 82' lang='lat' dir='ltr'><strong><em>utriusque</em></strong></span> <span class='ocrx_word' id='word_1_349' title='bbox 1532 3388 1654 3456; x_wconf 76' lang='grc'><strong>4400004444</strong></span> <span class='ocrx_word' id='word_1_350' title='bbox 1680 3399 1741 3490; x_wconf 77' lang='lat' dir='ltr'><strong><em>opt·</em></strong></span> 
     </span>
     <span class='ocr_line' id='line_1_37' title="bbox 281 3482 1739 3584; baseline -0.011 -29"><span class='ocrx_word' id='word_1_351' title='bbox 281 3493 457 3574; x_wconf 78' lang='lat' dir='ltr'><strong><em>Orationes,</em></strong></span> <span class='ocrx_word' id='word_1_352' title='bbox 484 3494 708 3576; x_wconf 63' lang='lat' dir='ltr'><strong><em>messalinus,</em></strong></span> <span class='ocrx_word' id='word_1_353' title='bbox 733 3496 946 3578; x_wconf 71' lang='lat' dir='ltr'><strong><em>manicationes</em></strong></span> <span class='ocrx_word' id='word_1_354' title='bbox 966 3505 997 3558; x_wconf 89' lang='lat' dir='ltr'><strong><em>et</em></strong></span> <span class='ocrx_word' id='word_1_355' title='bbox 1051 3515 1118 3558; x_wconf 89' lang='lat' dir='ltr'><strong><em>rum</em></strong></span> <span class='ocrx_word' id='word_1_356' title='bbox 1136 3494 1319 3558; x_wconf 87' lang='lat' dir='ltr'><strong><em>editionibus</em></strong></span> <span class='ocrx_word' id='word_1_357' title='bbox 1336 3499 1438 3553; x_wconf 88' lang='lat' dir='ltr'><strong><em>cantra</em></strong></span> <span class='ocrx_word' id='word_1_358' title='bbox 1467 3505 1574 3552; x_wconf 88' lang='lat' dir='ltr'><strong><em>morem</em></strong></span> <span class='ocrx_word' id='word_1_359' title='bbox 1598 3482 1739 3584; x_wconf 71' lang='lat' dir='ltr'><strong><em>Fabricios</em></strong></span> 
     </span>
     <span class='ocr_line' id='line_1_38' title="bbox 279 3577 1738 3671; baseline -0.004 -21"><span class='ocrx_word' id='word_1_360' title='bbox 279 3577 428 3666; x_wconf 78' lang='lat' dir='ltr'><strong><em>quaedam</em></strong></span> <span class='ocrx_word' id='word_1_361' title='bbox 449 3588 598 3670; x_wconf 69' lang='lat' dir='ltr'><strong><em>mitigans</em></strong></span> <span class='ocrx_word' id='word_1_362' title='bbox 630 3589 793 3664; x_wconf 83' lang='lat' dir='ltr'><strong><em>historiae,</em></strong></span> <span class='ocrx_word' id='word_1_363' title='bbox 829 3589 998 3671; x_wconf 61' lang='lat' dir='ltr'><strong><em>Opuntia,</em></strong></span> <span class='ocrx_word' id='word_1_364' title='bbox 1051 3591 1283 3670; x_wconf 84' lang='lat' dir='ltr'><strong><em>Diligentissima</em></strong></span> <span class='ocrx_word' id='word_1_365' title='bbox 1300 3588 1333 3646; x_wconf 87' lang='lat' dir='ltr'><strong><em>T.</em></strong></span> <span class='ocrx_word' id='word_1_366' title='bbox 1351 3588 1371 3647; x_wconf 95' lang='lat' dir='ltr'><strong><em>l.</em></strong></span> <span class='ocrx_word' id='word_1_367' title='bbox 1389 3601 1453 3664; x_wconf 85' lang='lat' dir='ltr'><strong><em>pag.</em></strong></span> <span class='ocrx_word' id='word_1_368' title='bbox 1472 3582 1546 3645; x_wconf 80' lang='lat' dir='ltr'><strong><em>tuas</em></strong></span> <span class='ocrx_word' id='word_1_369' title='bbox 1560 3593 1639 3656; x_wconf 83' lang='lat' dir='ltr'><strong><em>seqq·</em></strong></span> <span class='ocrx_word' id='word_1_370' title='bbox 1655 3589 1679 3631; x_wconf 77' lang='lat'><strong><em>¹⁰</em></strong></span> <span class='ocrx_word' id='word_1_371' title='bbox 1696 3583 1738 3644; x_wconf 71' lang='grc' dir='ltr'><strong><em>ΟΡ·</em></strong></span> 
     </span>
     <span class='ocr_line' id='line_1_39' title="bbox 278 3671 1741 3763; baseline -0.008 -19"><span class='ocrx_word' id='word_1_372' title='bbox 278 3699 348 3744; x_wconf 88' lang='lat' dir='ltr'><strong><em>cum</em></strong></span> <span class='ocrx_word' id='word_1_373' title='bbox 370 3683 615 3763; x_wconf 72' lang='lat' dir='ltr'><strong><em>Epigrammata.</em></strong></span> <span class='ocrx_word' id='word_1_374' title='bbox 637 3683 672 3744; x_wconf 91' lang='lat' dir='ltr'><strong><em>iu</em></strong></span> <span class='ocrx_word' id='word_1_375' title='bbox 694 3684 751 3745; x_wconf 91' lang='lat' dir='ltr'><strong><em>hac</em></strong></span> <span class='ocrx_word' id='word_1_376' title='bbox 772 3684 886 3762; x_wconf 84' lang='lat' dir='ltr'><strong><em>sylloge</em></strong></span> <span class='ocrx_word' id='word_1_377' title='bbox 918 3685 996 3744; x_wconf 90' lang='lat' dir='ltr'><strong><em>inter</em></strong></span> <span class='ocrx_word' id='word_1_378' title='bbox 1052 3681 1102 3744; x_wconf 87' lang='lat' dir='ltr'><strong><em>Gli</em></strong></span> <span class='ocrx_word' id='word_1_379' title='bbox 1116 3680 1257 3746; x_wconf 88' lang='lat' dir='ltr'><strong><em>Scrittori</em></strong></span> <span class='ocrx_word' id='word_1_380' title='bbox 1270 3677 1397 3740; x_wconf 83' lang='lat' dir='ltr'><strong><em>d&#39;italia</em></strong></span> <span class='ocrx_word' id='word_1_381' title='bbox 1411 3673 1640 3743; x_wconf 88' lang='lat' dir='ltr'><strong><em>Mazzucbeiiius,</em></strong></span> <span class='ocrx_word' id='word_1_382' title='bbox 1654 3671 1680 3726; x_wconf 78' lang='lat' dir='ltr'><strong><em>tl</em></strong></span> <span class='ocrx_word' id='word_1_383' title='bbox 1693 3674 1741 3740; x_wconf 79' lang='lat' dir='ltr'><strong><em>po</em></strong></span> 
     </span>
     <span class='ocr_line' id='line_1_40' title="bbox 278 3767 1709 3858; baseline -0.004 -23"><span class='ocrx_word' id='word_1_384' title='bbox 278 3775 333 3836; x_wconf 92' lang='lat' dir='ltr'><strong><em>alia</em></strong></span> <span class='ocrx_word' id='word_1_385' title='bbox 348 3784 512 3838; x_wconf 87' lang='lat' dir='ltr'><strong><em>occurrunt</em></strong></span> <span class='ocrx_word' id='word_1_386' title='bbox 526 3777 631 3839; x_wconf 67' lang='lat' dir='ltr'><strong><em>mano</em></strong></span> <span class='ocrx_word' id='word_1_387' title='bbox 643 3773 745 3838; x_wconf 82' lang='lat' dir='ltr'><strong><em>habita</em></strong></span> <span class='ocrx_word' id='word_1_388' title='bbox 762 3773 793 3836; x_wconf 85' lang='lat' dir='ltr'><strong><em>iu</em></strong></span> <span class='ocrx_word' id='word_1_389' title='bbox 806 3776 996 3838; x_wconf 68' lang='lat' dir='ltr'><strong><em>mantione</em></strong></span> <span class='ocrx_word' id='word_1_390' title='bbox 1050 3783 1115 3840; x_wconf 79' lang='lat' dir='ltr'><strong><em>stes</em></strong></span> <span class='ocrx_word' id='word_1_391' title='bbox 1135 3776 1276 3836; x_wconf 84' lang='lat' dir='ltr'><strong><em>Fantuzzi</em></strong></span> <span class='ocrx_word' id='word_1_392' title='bbox 1297 3767 1503 3851; x_wconf 76' lang='lat' dir='ltr'><strong><em>supplevere.)</em></strong></span> <span class='ocrx_word' id='word_1_393' title='bbox 1704 3849 1709 3858; x_wconf 32' lang='grc' dir='ltr'>Ι</span> 
     </span>
     <span class='ocr_line' id='line_1_41' title="bbox 281 3861 1741 3939; baseline 0.001 -11"><span class='ocrx_word' id='word_1_394' title='bbox 281 3869 479 3930; x_wconf 81' lang='lat' dir='ltr'><strong><em>Verrinarurn</em></strong></span> <span class='ocrx_word' id='word_1_395' title='bbox 496 3871 659 3934; x_wconf 71' lang='grc'><strong>0400004440.</strong></span> <span class='ocrx_word' id='word_1_396' title='bbox 1091 3867 1290 3934; x_wconf 86' lang='lat' dir='ltr'><strong><em>PMlLiPPUS</em></strong></span> <span class='ocrx_word' id='word_1_397' title='bbox 1310 3861 1472 3926; x_wconf 83' lang='lat' dir='ltr'><strong><em>Beroaldus</em></strong></span> <span class='ocrx_word' id='word_1_398' title='bbox 1492 3861 1607 3939; x_wconf 78' lang='lat' dir='ltr'><strong><em>iunior,</em></strong></span> <span class='ocrx_word' id='word_1_399' title='bbox 1623 3861 1741 3929; x_wconf 84' lang='lat' dir='ltr'><strong><em>superto-</em></strong></span> 
     </span>
     <span class='ocr_line' id='line_1_42' title="bbox 321 3948 1741 4044; baseline -0.01 -22"><span class='ocrx_word' id='word_1_400' title='bbox 321 3962 424 4024; x_wconf 88' lang='lat' dir='ltr'><strong><em>Oratio</em></strong></span> <span class='ocrx_word' id='word_1_401' title='bbox 442 3962 472 4024; x_wconf 91' lang='lat' dir='ltr'><strong><em>in</em></strong></span> <span class='ocrx_word' id='word_1_402' title='bbox 484 3965 675 4027; x_wconf 68' lang='lat' dir='ltr'><strong><em>enanatione</em></strong></span> <span class='ocrx_word' id='word_1_403' title='bbox 691 3963 829 4044; x_wconf 74' lang='lat' dir='ltr'><strong><em>Georgici</em></strong></span> <span class='ocrx_word' id='word_1_404' title='bbox 844 3963 996 4026; x_wconf 85' lang='lat' dir='ltr'><strong><em>Carminis</em></strong></span> <span class='ocrx_word' id='word_1_405' title='bbox 1051 3965 1093 4024; x_wconf 91' lang='lat' dir='ltr'><strong><em>ris</em></strong></span> <span class='ocrx_word' id='word_1_406' title='bbox 1113 3981 1172 4023; x_wconf 91' lang='lat' dir='ltr'><strong><em>non</em></strong></span> <span class='ocrx_word' id='word_1_407' title='bbox 1192 3962 1271 4023; x_wconf 88' lang='lat' dir='ltr'><strong><em>filius</em></strong></span> <span class='ocrx_word' id='word_1_408' title='bbox 1288 3959 1340 4020; x_wconf 89' lang='lat' dir='ltr'><strong><em>sed</em></strong></span> <span class='ocrx_word' id='word_1_409' title='bbox 1357 3957 1475 4039; x_wconf 87' lang='lat' dir='ltr'><strong><em>gentiiis</em></strong></span> <span class='ocrx_word' id='word_1_410' title='bbox 1491 3956 1553 4015; x_wconf 88' lang='lat' dir='ltr'><strong><em>sive</em></strong></span> <span class='ocrx_word' id='word_1_411' title='bbox 1568 3948 1741 4030; x_wconf 70' lang='lat' dir='ltr'><strong><em>propinquus,</em></strong></span> 
     </span>
     <span class='ocr_line' id='line_1_43' title="bbox 282 4032 1735 4139; baseline -0.01 -26"><span class='ocrx_word' id='word_1_412' title='bbox 282 4053 458 4133; x_wconf 74' lang='lat' dir='ltr'><strong><em>Virgiliani,</em></strong></span> <span class='ocrx_word' id='word_1_413' title='bbox 475 4063 565 4137; x_wconf 64' lang='lat' dir='ltr'><strong><em>abae</em></strong></span> <span class='ocrx_word' id='word_1_414' title='bbox 589 4056 773 4139; x_wconf 83' lang='lat' dir='ltr'><strong><em>Tranquilli,</em></strong></span> <span class='ocrx_word' id='word_1_415' title='bbox 788 4055 928 4138; x_wconf 80' lang='lat' dir='ltr'><strong><em>quobus</em></strong></span> <span class='ocrx_word' id='word_1_416' title='bbox 944 4057 997 4119; x_wconf 84' lang='lat' dir='ltr'><strong><em>iiei</em></strong></span> <span class='ocrx_word' id='word_1_417' title='bbox 1048 4057 1076 4134; x_wconf 86' lang='lat' dir='ltr'><strong><em>b)</em></strong></span> <span class='ocrx_word' id='word_1_418' title='bbox 1099 4055 1291 4117; x_wconf 87' lang='lat' dir='ltr'><strong><em>Bononiensis</em></strong></span> <span class='ocrx_word' id='word_1_419' title='bbox 1311 4059 1342 4113; x_wconf 87' lang='lat' dir='ltr'><strong><em>et</em></strong></span> <span class='ocrx_word' id='word_1_420' title='bbox 1362 4054 1444 4130; x_wconf 88' lang='lat' dir='ltr'><strong><em>ipse,</em></strong></span> <span class='ocrx_word' id='word_1_421' title='bbox 1465 4047 1513 4110; x_wconf 91' lang='lat' dir='ltr'><strong><em>ubi</em></strong></span> <span class='ocrx_word' id='word_1_422' title='bbox 1533 4044 1568 4106; x_wconf 90' lang='lat' dir='ltr'><strong><em>ab</em></strong></span> <span class='ocrx_word' id='word_1_423' title='bbox 1587 4041 1638 4102; x_wconf 82' lang='lat' dir='ltr'><strong><em>sn.</em></strong></span> <span class='ocrx_word' id='word_1_424' title='bbox 1658 4032 1735 4098; x_wconf 70' lang='grc'><strong>4498·</strong></span> 
     </span>
     <span class='ocr_line' id='line_1_44' title="bbox 279 4131 1738 4235; baseline -0.004 -27"><span class='ocrx_word' id='word_1_425' title='bbox 279 4145 418 4208; x_wconf 79' lang='lat' dir='ltr'><strong><em>Baeticae</em></strong></span> <span class='ocrx_word' id='word_1_426' title='bbox 437 4150 612 4212; x_wconf 88' lang='lat' dir='ltr'><strong><em>continetur.</em></strong></span> <span class='ocrx_word' id='word_1_427' title='bbox 875 4150 882 4164; x_wconf 82' lang='grc'><strong><em>’</em></strong></span> <span class='ocrx_word' id='word_1_428' title='bbox 1049 4150 1169 4224; x_wconf 90' lang='lat' dir='ltr'><strong><em>docuit,</em></strong></span> <span class='ocrx_word' id='word_1_429' title='bbox 1190 4165 1225 4210; x_wconf 88' lang='lat' dir='ltr'><strong><em>ac</em></strong></span> <span class='ocrx_word' id='word_1_430' title='bbox 1245 4145 1352 4208; x_wconf 87' lang='lat' dir='ltr'><strong><em>deinde</em></strong></span> <span class='ocrx_word' id='word_1_431' title='bbox 1380 4146 1487 4205; x_wconf 89' lang='lat' dir='ltr'><strong><em>Bomae</em></strong></span> <span class='ocrx_word' id='word_1_432' title='bbox 1518 4143 1581 4218; x_wconf 84' lang='lat' dir='ltr'><strong><em>post</em></strong></span> <span class='ocrx_word' id='word_1_433' title='bbox 1609 4131 1738 4235; x_wconf 67' lang='lat' dir='ltr'><strong><em>Tlt⁰ffl³⁰¹</em></strong></span> 
     </span>
     <span class='ocr_line' id='line_1_45' title="bbox 322 4226 1740 4329; baseline -0.007 -29"><span class='ocrx_word' id='word_1_434' title='bbox 322 4239 426 4300; x_wconf 89' lang='lat' dir='ltr'><strong><em>Oratio</em></strong></span> <span class='ocrx_word' id='word_1_435' title='bbox 437 4239 468 4300; x_wconf 90' lang='lat' dir='ltr'><strong><em>ia</em></strong></span> <span class='ocrx_word' id='word_1_436' title='bbox 475 4242 623 4323; x_wconf 64' lang='lat' dir='ltr'><strong><em>proaemio</em></strong></span> <span class='ocrx_word' id='word_1_437' title='bbox 635 4242 839 4308; x_wconf 72' lang='lat' dir='ltr'><strong><em>ennaranti</em></strong></span> <span class='ocrx_word' id='word_1_438' title='bbox 847 4242 998 4324; x_wconf 89' lang='lat' dir='ltr'><strong><em>Propertii</em></strong></span> <span class='ocrx_word' id='word_1_439' title='bbox 1049 4241 1217 4304; x_wconf 85' lang='lat' dir='ltr'><strong><em>Phaedrum</em></strong></span> <span class='ocrx_word' id='word_1_440' title='bbox 1238 4237 1435 4302; x_wconf 86' lang='lat' dir='ltr'><strong><em>Bibliothecae</em></strong></span> <span class='ocrx_word' id='word_1_441' title='bbox 1456 4231 1577 4313; x_wconf 80' lang='lat' dir='ltr'><strong><em>praefuit</em></strong></span> <span class='ocrx_word' id='word_1_442' title='bbox 1588 4226 1740 4329; x_wconf 61' lang='lat' dir='ltr'><strong><em>Vstioattaes</em></strong></span> 
     </span>
     <span class='ocr_line' id='line_1_46' title="bbox 278 4326 1740 4418; baseline -0.01 -23"><span class='ocrx_word' id='word_1_443' title='bbox 278 4332 428 4395; x_wconf 68' lang='lat' dir='ltr'><strong><em>cananeus</em></strong></span> <span class='ocrx_word' id='word_1_444' title='bbox 442 4331 546 4397; x_wconf 85' lang='lat' dir='ltr'><strong><em>laudes</em></strong></span> <span class='ocrx_word' id='word_1_445' title='bbox 567 4337 698 4401; x_wconf 84' lang='lat' dir='ltr'><strong><em>Amoris.</em></strong></span> <span class='ocrx_word' id='word_1_446' title='bbox 1050 4337 1182 4414; x_wconf 87' lang='lat' dir='ltr'><strong><em>obiitque</em></strong></span> <span class='ocrx_word' id='word_1_447' title='bbox 1202 4335 1258 4396; x_wconf 79' lang='lat' dir='ltr'><strong><em>Aa.</em></strong></span> <span class='ocrx_word' id='word_1_448' title='bbox 1278 4332 1362 4393; x_wconf 83' lang='grc'><strong>4548.</strong></span> <span class='ocrx_word' id='word_1_449' title='bbox 1382 4331 1454 4391; x_wconf 87' lang='lat' dir='ltr'><strong><em>Maia</em></strong></span> <span class='ocrx_word' id='word_1_450' title='bbox 1470 4326 1607 4388; x_wconf 69' lang='lat' dir='ltr'><strong><em>dommus</em></strong></span> <span class='ocrx_word' id='word_1_451' title='bbox 1626 4327 1740 4418; x_wconf 65' lang='lat' dir='ltr'><strong><em>phialim</em></strong></span> 
     </span>
     <span class='ocr_line' id='line_1_47' title="bbox 319 4407 1739 4514; baseline -0.01 -27"><span class='ocrx_word' id='word_1_452' title='bbox 319 4427 465 4488; x_wconf 80' lang='lat' dir='ltr'><strong><em>Oruttbia</em></strong></span> <span class='ocrx_word' id='word_1_453' title='bbox 484 4430 675 4492; x_wconf 66' lang='lat' dir='ltr'><strong><em>emmatione</em></strong></span> <span class='ocrx_word' id='word_1_454' title='bbox 692 4432 749 4492; x_wconf 81' lang='lat' dir='ltr'><strong><em>Titi</em></strong></span> <span class='ocrx_word' id='word_1_455' title='bbox 764 4430 856 4504; x_wconf 84' lang='lat' dir='ltr'><strong><em>Liuii,</em></strong></span> <span class='ocrx_word' id='word_1_456' title='bbox 874 4445 911 4490; x_wconf 90' lang='lat' dir='ltr'><strong><em>ac</em></strong></span> <span class='ocrx_word' id='word_1_457' title='bbox 929 4427 999 4490; x_wconf 86' lang='lat' dir='ltr'><strong><em>Silii</em></strong></span> <span class='ocrx_word' id='word_1_458' title='bbox 1051 4428 1210 4491; x_wconf 85' lang='lat' dir='ltr'><strong><em>editionem</em></strong></span> <span class='ocrx_word' id='word_1_459' title='bbox 1228 4426 1371 4487; x_wconf 89' lang='lat' dir='ltr'><strong><em>librarum</em></strong></span> <span class='ocrx_word' id='word_1_460' title='bbox 1384 4423 1415 4484; x_wconf 90' lang='lat' dir='ltr'><strong><em>V.</em></strong></span> <span class='ocrx_word' id='word_1_461' title='bbox 1428 4421 1582 4500; x_wconf 85' lang='lat' dir='ltr'><strong><em>primorum</em></strong></span> <span class='ocrx_word' id='word_1_462' title='bbox 1593 4407 1739 4514; x_wconf 73' lang='grc'><strong>4000414101</strong></span> 
     </span>
     <span class='ocr_line' id='line_1_48' title="bbox 278 4499 1740 4600; baseline -0.013 -18"><span class='ocrx_word' id='word_1_463' title='bbox 278 4519 395 4598; x_wconf 83' lang='lat' dir='ltr'><strong><em>Italici,</em></strong></span> <span class='ocrx_word' id='word_1_464' title='bbox 417 4521 567 4584; x_wconf 79' lang='lat' dir='ltr'><strong><em>cananea</em></strong></span> <span class='ocrx_word' id='word_1_465' title='bbox 587 4524 739 4586; x_wconf 76' lang='lat' dir='ltr'><strong><em>Materiae</em></strong></span> <span class='ocrx_word' id='word_1_466' title='bbox 759 4523 968 4585; x_wconf 76' lang='lat' dir='ltr'><strong><em>Memnonen.</em></strong></span> <span class='ocrx_word' id='word_1_467' title='bbox 1055 4524 1169 4598; x_wconf 86' lang='lat' dir='ltr'><strong><em>Taciti,</em></strong></span> <span class='ocrx_word' id='word_1_468' title='bbox 1192 4537 1269 4600; x_wconf 91' lang='lat' dir='ltr'><strong><em>qnos</em></strong></span> <span class='ocrx_word' id='word_1_469' title='bbox 1291 4519 1379 4578; x_wconf 87' lang='lat' dir='ltr'><strong><em>Leoni</em></strong></span> <span class='ocrx_word' id='word_1_470' title='bbox 1399 4517 1437 4577; x_wconf 85' lang='lat' dir='ltr'><strong><em>X.</em></strong></span> <span class='ocrx_word' id='word_1_471' title='bbox 1457 4513 1565 4574; x_wconf 84' lang='lat' dir='ltr'><strong><em>dicatos</em></strong></span> <span class='ocrx_word' id='word_1_472' title='bbox 1589 4502 1672 4566; x_wconf 79' lang='lat' dir='ltr'><strong><em>edidit</em></strong></span> <span class='ocrx_word' id='word_1_473' title='bbox 1688 4499 1740 4558; x_wconf 73' lang='grc'><strong>440</strong></span> 
     </span>
     <span class='ocr_line' id='line_1_49' title="bbox 319 4595 1740 4699; baseline -0.016 -21"><span class='ocrx_word' id='word_1_474' title='bbox 319 4615 424 4678; x_wconf 88' lang='lat' dir='ltr'><strong><em>Oratio</em></strong></span> <span class='ocrx_word' id='word_1_475' title='bbox 445 4617 476 4678; x_wconf 91' lang='lat' dir='ltr'><strong><em>in</em></strong></span> <span class='ocrx_word' id='word_1_476' title='bbox 496 4621 688 4680; x_wconf 68' lang='grc' dir='ltr'><strong>440οπ0400440</strong></span> <span class='ocrx_word' id='word_1_477' title='bbox 720 4615 924 4699; x_wconf 76' lang='lat' dir='ltr'><strong><em>Epistularum</em></strong></span> <span class='ocrx_word' id='word_1_478' title='bbox 946 4616 997 4679; x_wconf 82' lang='lat' dir='ltr'><strong><em>ci·</em></strong></span> <span class='ocrx_word' id='word_1_479' title='bbox 1054 4635 1121 4680; x_wconf 89' lang='lat' dir='ltr'><strong><em>mae</em></strong></span> <span class='ocrx_word' id='word_1_480' title='bbox 1144 4619 1233 4679; x_wconf 82' lang='lat' dir='ltr'><strong><em>i5i5.</em></strong></span> <span class='ocrx_word' id='word_1_481' title='bbox 1255 4613 1304 4674; x_wconf 89' lang='lat' dir='ltr'><strong><em>iol.</em></strong></span> <span class='ocrx_word' id='word_1_482' title='bbox 1324 4613 1419 4674; x_wconf 87' lang='lat' dir='ltr'><strong><em>Vertit</em></strong></span> <span class='ocrx_word' id='word_1_483' title='bbox 1449 4607 1547 4668; x_wconf 87' lang='lat' dir='ltr'><strong><em>Latiae</em></strong></span> <span class='ocrx_word' id='word_1_484' title='bbox 1574 4615 1610 4661; x_wconf 83' lang='lat' dir='ltr'><strong><em>ex</em></strong></span> <span class='ocrx_word' id='word_1_485' title='bbox 1637 4595 1740 4657; x_wconf 82' lang='lat' dir='ltr'><strong><em>Graeco</em></strong></span> 
     </span>
    </p>
   </div>
   <div class='ocr_carea' id='block_1_5' title="bbox 319 4835 1658 4999">
    <p class='ocr_par' dir='ltr' id='par_1_7' title="bbox 319 4835 1658 4999">
     <span class='ocr_line' id='line_1_50' title="bbox 319 4835 1658 4925; baseline -0.027 -3"><span class='ocrx_word' id='word_1_486' title='bbox 319 4859 346 4922; x_wconf 80' lang='grc'><strong><em>4)</em></strong></span> <span class='ocrx_word' id='word_1_487' title='bbox 362 4861 482 4925; x_wconf 65' lang='grc'><strong>40010414</strong></span> <span class='ocrx_word' id='word_1_488' title='bbox 497 4873 544 4924; x_wconf 77' lang='lat' dir='ltr'><strong><em>pro</em></strong></span> <span class='ocrx_word' id='word_1_489' title='bbox 559 4864 654 4914; x_wconf 72' lang='lat' dir='ltr'><strong><em>estimo</em></strong></span> <span class='ocrx_word' id='word_1_490' title='bbox 669 4863 754 4914; x_wconf 74' lang='lat' dir='ltr'><strong><em>Poetis</em></strong></span> <span class='ocrx_word' id='word_1_491' title='bbox 770 4875 795 4924; x_wconf 89' lang='lat' dir='ltr'><strong><em>p.</em></strong></span> <span class='ocrx_word' id='word_1_492' title='bbox 812 4857 868 4909; x_wconf 80' lang='lat' dir='ltr'><strong><em>sati.</em></strong></span> <span class='ocrx_word' id='word_1_493' title='bbox 1051 4871 1110 4923; x_wconf 76' lang='lat' dir='ltr'><strong><em>pag.</em></strong></span> <span class='ocrx_word' id='word_1_494' title='bbox 1126 4857 1182 4910; x_wconf 80' lang='lat' dir='ltr'><strong><em>its·</em></strong></span> <span class='ocrx_word' id='word_1_495' title='bbox 1200 4862 1226 4908; x_wconf 83' lang='lat' dir='ltr'><strong><em>et</em></strong></span> <span class='ocrx_word' id='word_1_496' title='bbox 1240 4860 1302 4904; x_wconf 86' lang='lat' dir='ltr'><strong><em>tom.</em></strong></span> <span class='ocrx_word' id='word_1_497' title='bbox 1319 4853 1344 4902; x_wconf 77' lang='grc' dir='ltr'><strong><em>ὅ.</em></strong></span> <span class='ocrx_word' id='word_1_498' title='bbox 1364 4847 1527 4908; x_wconf 66' lang='lat' dir='ltr'><strong><em>Maeuianae.</em></strong></span> <span class='ocrx_word' id='word_1_499' title='bbox 1542 4853 1596 4904; x_wconf 75' lang='lat' dir='ltr'><strong><em>pag.</em></strong></span> <span class='ocrx_word' id='word_1_500' title='bbox 1607 4835 1658 4886; x_wconf 77' lang='lat' dir='ltr'><strong><em>ati.</em></strong></span> 
     </span>
     <span class='ocr_line' id='line_1_51' title="bbox 319 4932 1002 4999; baseline -0.01 -11"><span class='ocrx_word' id='word_1_501' title='bbox 319 4933 347 4996; x_wconf 89' lang='lat' dir='ltr'><strong><em>b)</em></strong></span> <span class='ocrx_word' id='word_1_502' title='bbox 363 4937 503 4987; x_wconf 81' lang='lat' dir='ltr'><strong><em>iterandas</em></strong></span> <span class='ocrx_word' id='word_1_503' title='bbox 519 4940 617 4988; x_wconf 75' lang='lat' dir='ltr'><strong><em>Moneta</em></strong></span> <span class='ocrx_word' id='word_1_504' title='bbox 632 4937 664 4988; x_wconf 85' lang='lat' dir='ltr'><strong><em>ad</em></strong></span> <span class='ocrx_word' id='word_1_505' title='bbox 680 4936 779 4988; x_wconf 85' lang='lat' dir='ltr'><strong><em>Bsiiieti</em></strong></span> <span class='ocrx_word' id='word_1_506' title='bbox 792 4933 889 4999; x_wconf 74' lang='lat' dir='ltr'><strong><em>iudicia</em></strong></span> <span class='ocrx_word' id='word_1_507' title='bbox 904 4939 964 4984; x_wconf 89' lang='lat' dir='ltr'><strong><em>torn.</em></strong></span> <span class='ocrx_word' id='word_1_508' title='bbox 978 4932 1002 4981; x_wconf 73' lang='lat' dir='ltr'><strong><em>t.</em></strong></span> 
     </span>
    </p>
   </div>
   <div class='ocr_carea' id='block_1_6' title="bbox 0 0 1820 5406">
    <p class='ocr_par' dir='ltr' id='par_1_8' title="bbox 0 0 1820 5406">
     <span class='ocr_line' id='line_1_52' title="bbox 0 0 1820 5406; baseline 0 0"><span class='ocrx_word' id='word_1_509' title='bbox 0 0 1820 5406; x_wconf 95' lang='lat' dir='ltr'><strong><em> </em></strong></span> 
     </span>
    </p>
   </div>
  </div>
 </body>
</html>
