3658 5412
688 225 1022 305 uuuourees
1109 209 1110 212 ‘
1544 189 1605 314 teu

100 325 213 388 mitum
236 318 356 386 rediret.
374 333 523 406 stuperes
534 331 822 413 chelioiungeret,
887 335 1049 401 Conrtlr'um
1067 335 1286 404 matrimoniale
1303 349 1355 406 eto.
1373 347 1444 410 Vide
1458 351 1604 418 Peucirol·

101 416 144 476 iili
168 435 256 495 porro
278 419 381 478 lavere
398 435 457 478 non
480 423 585 498 potuit.
879 428 940 490 lum
961 431 1000 492 de
1016 432 1106 494 oleris
1124 435 1235 513 Legum
1266 437 1601 524 interpretibus,-Nipri

142 507 239 587 Aiunt
252 511 343 570 etiam
360 510 443 572 iilum
456 507 823 592 nphnionoironrorun
878 521 1045 600 Scriptores
1065 525 1272 604 Florentium,
1294 530 1408 592 Gostzii
1431 531 1604 600 Memorabi-

103 599 245 661 Vhorum
268 604 494 680 composuisse,
516 603 575 666 vel.
593 615 676 666 certe
693 612 822 687 primum
878 613 915 674 lia
929 615 992 676 Bibl
1008 617 1307 694 RegiaeDresdensis
1318 624 1409 684 vohi.
1421 644 1450 704 p.
1461 627 1600 692 454844.

98 703 207 753 esrum
229 694 494 771 volumen‚qnod
510 712 536 755 e.
557 697 645 758 4047.
663 700 691 758 t.
706 697 823 778 prodiit.
920 705 984 781 (844
1018 707 1092 768 Vide
1120 713 1525 788 supraLAURENTlUSdc
1545 723 1602 784 llo-

99 785 150 842 Sic
172 785 253 846 euim
275 784 390 846 Auctor
411 786 628 866 Responsiouis
648 791 685 851 ad
717 791 824 872 Apolo-
877 794 1046 877 dulphiaet
1063 801 1161 862 Vitam
1179 805 1246 866 cius
1263 806 1365 868 italice
1382 810 1462 870 inter
1490 813 1599 876 elissa

97 877 179 954 giam
202 894 231 980 p.
261 880 307 939 44.
334 877 405 938 edit.
433 889 549 941 novae:
586 883 623 942 itt
641 882 759 944 interim
780 891 824 946 to·
878 891 1231 972 Vespasianoersretes.
1249 900 1343 960 licum
1363 902 1438 964 4830
1457 902 1508 978 8.)

95 981 182 1071 osum
203 965 334 1028 libellum
354 967 440 1030 ilium
462 977 569 1047 tuum,
586 973 824 1057 quidecornpos-
918 982 1142 1048 RUDOLPHUS
1162 987 1322 1068 Apricuiu,
1353 1000 1442 1054 natus
1465 996 1494 1056 in
1525 998 1596 1059 villo

94 1064 138 1118 ort
157 1073 304 1121 emerem
321 1061 527 1140 Democritus,
544 1066 749 1130 obscurorum
765 1087 823 1130 oer-
877 1073 977 1151 Bosioo
1010 1087 1068 1136 non
1108 1080 1209 1156 procui
1240 1095 1256 1142 o
1293 1083 1482 1165 deseninge,
1520 1090 1598 1150 oirca

94 1148 169 1211 iicet
190 1151 327 1215 Virorum
349 1153 520 1232 Epistoias,
541 1173 622 1238 quoe
651 1158 728 1218 nihii
755 1159 822 1240 suo
876 1180 903 1227 a.
925 1167 1012 1227 titt.
1036 1170 1269 1238 Lovaaiilitcris
1288 1168 1441 1253 incubuit,
1464 1186 1531 1256 post
1553 1183 1600 1240 iti-

93 1247 185 1344 runt,
207 1259 298 1322 quom
320 1243 490 1307 Classicum
511 1247 679 1328 quoddam,
697 1250 741 1310 nd
754 1267 822 1312 eon·
877 1269 948 1318 nera
972 1261 1001 1316 in
1023 1257 1148 1322 Galliam
1170 1269 1201 1322 et
1222 1264 1508 1347 ltaliamsueospit,
1522 1271 1599 1332 The-

91 1333 228 1398 rotundae
249 1343 279 1396 rt
305 1337 471 1402 emendor
500 1340 648 1403 adverus
679 1343 823 1422 Popirtor
876 1348 958 1408 odori
981 1350 1094 1427 Gazae,
1110 1353 1301 1416 Aristotelem
1323 1360 1500 1436 explicantis
1516 1361 1600 1422 audi-

92 1427 178 1488 aooir
198 1429 336 1490 convitiis
356 1445 425 1507 eor,
446 1432 501 1513 qui
513 1450 572 1512 per
591 1451 656 1496 rere
674 1436 825 1498 tomrnlre
877 1446 932 1500 tor.
952 1442 984 1502 ln
1003 1445 1130 1520 patrium
1147 1462 1291 1508 reversus
1306 1451 1377 1528 reip.
1396 1449 1599 1531 Graecingcu-

91 1516 175 1578 dcto
194 1535 254 1578 non
274 1527 365 1581 erum
388 1524 551 1598 inventuri,
577 1529 671 1602 Quem
692 1527 822 1590 intritum
876 1533 919 1592 eis
940 1534 1104 1610 syndicum
1120 1539 1182 1616 egit
1197 1539 1268 1612 ,sod
1284 1547 1352 1618 post
1367 1543 1458 1606 breve
1475 1551 1597 1624 tempus

91 1617 180 1671 tuum
195 1609 387 1676 hauddubie
408 1617 639 1680 omuainhurrc
659 1619 822 1682 diemtene-
875 1626 1144 1688 amore'libertatis
1178 1638 1210 1690 st
1244 1632 1412 1696 studiorum
1446 1636 1595 1716 impulsus

89 1703 182 1780 rius,
203 1722 297 1788 quem
318 1706 409 1772 tinnio
426 1707 565 1790 molem:
586 1714 818 1792 coemetario,
875 1717 968 1777 ritem
1011 1722 1157 1798 privatum
1188 1724 1348 1799 praetulit,
1382 1727 1486 1788 ultimo
1517 1732 1596 1790 vitae

88 1802 134 1862 sio
155 1798 345 1877 durioris,
367 1804 413 1865 oio
433 1809 471 1866 ut
494 1811 577 1866 tuum
599 1805 750 1868 moenium
769 1806 818 1869 de-
873 1814 1007 1887 tempore
1030 1811 1213 1872 wormatiae
1229 1814 1309 1891 apud
1327 1815 1472 1878 ioannem
1491 1819 1596 1880 Come·

85 1896 193 1974 perir,
215 1899 250 1954 ut
270 1897 395 1956 Homeri
426 1893 530 1957 noellae
565 1898 688 1958 interire
721 1899 817 1976 liiudu
873 1903 1004 1975 ruriam,
1021 1902 1215 1982 Delburgium
1231 1953 1240 1979 ,
1258 1905 1462 1986 Episcopum,
1478 1908 1595 1970 etHsi·

88 1997 181 2063 quom
218 1984 284 2048 illm
314 1986 398 2049 Croti
428 1987 626 2051 euueinineo
656 1990 756 2067 rrius,
788 1998 819 2053 et
870 1991 1029 2073 delbergae
1051 2001 1199 2056 versatus.
1225 1998 1308 2060 Unus
1329 2015 1367 2062 en
1389 2003 1494 2078 primis
1516 2001 1593 2074 luit,

87 2075 814 2158 immortalesdtl’upistisooohiunoointeret'dere.
869 2086 920 2162 qui
942 2085 1041 2147 studia
1059 2087 1235 2158 humeniora
1254 2091 1282 2148 in
1303 2086 1494 2152 Germaniam
1515 2093 1611 2153 ictu·

127 2169 239 2230 Coulm
257 2169 296 2232 de
325 2170 374 2231 illo
395 2171 613 2234 iiotschmauni
644 2175 811 2236 Eritrdiom
868 2177 978 2237 lerunt.
991 2179 1133 2257 Linguam
1150 2177 1330 2242 Hebraicam
1345 2183 1450 2243 ultimo
1464 2181 1587 2246 demum

86 2261 237 2322 literalem
258 2263 465 2326 continuatam
487 2264 611 2327 collect
633 2267 670 2328 ll.
694 2283 720 2346 p.
742 2269 811 2328 847.
869 2269 948 2328 vitae
970 2275 1104 2346 tempore
1125 2270 1277 2332 diudaeo
1297 2272 1409 2335 didicit.
1430 2275 1510 2336 Obiit
1528 2277 1592 2337 liei-
1725 2305 1728 2312 ·

85 2359 117 2412 et
137 2367 217 2430 quos
237 2363 391 2433 practerea
412 2357 522 2437 aliegat
542 2361 585 2418 lo·
607 2359 693 2420 Balth
721 2363 812 2437 Beys-
866 2357 1024 2439 deibergae
1046 2363 1084 2420 84
1106 2362 1209 2422 octob.
1232 2365 1321 2426 4485.
1350 2382 1366 2426 a
1398 2368 1482 2426 ioan.
1515 2369 1593 2428 lieu·

84 2444 223 2525 ohhgius
241 2449 269 2506 in
286 2442 405 2526 Sylloge
422 2445 572 2510 variorum
590 2450 810 2528 opusculorum
865 2451 965 2512 chlino
985 2458 1054 2529 post
1075 2459 1202 2512 mortem
1225 2453 1375 2516 laudatus.
1397 2460 1442 2516 io.
1463 2459 1591 2518 Ssxoms

84 2544 159 2598 tom.
181 2539 202 2598 l.
225 2539 323 2600 inscie
345 2541 376 2601 8.
396 2555 425 2618 p.
446 2542 516 2603 888.
865 2542 1061 2603 liolsationsis
1082 2543 1184 2604 Oratio
1210 2543 1248 2603 de
1284 2545 1350 2605 Vita
1382 2547 1450 2625 ejus
1483 2547 1591 2625 prodiit
1674 2605 1680 2620 ,

122 2627 350 2703 RUBERTUS,
372 2633 438 2692 ride
459 2630 534 2694 inira
556 2631 717 2712 hupertus.
736 2655 742 2672 ·
867 2632 988 2692 Wittcb.
1002 2632 1127 2694 45398.
1144 2639 1175 2692 et
1194 2636 1222 2694 in
1242 2635 1515 2697 Declamationibus
1532 2639 1590 2698 hle-

124 2721 360 2798 suescimus»,
383 2723 453 2784 vide
474 2723 659 2787 descrimus.
727 2800 730 2808 ,
864 2723 1043 2784 tenentoniu.
1064 2725 1151 2786 Plura
1169 2724 1208 2784 de
1230 2721 1293 2804 ipso
1314 2726 1387 2786 dont
1405 2725 1590 2814 Trithemius

118 2809 716 2896 liUDlGEiiUS,EpiscopusSpirensts,
734 2820 807 2878 scri-
864 2815 901 2877 de
923 2818 1065 2895 scriptor.
1087 2817 1202 2878 Ecclss.
1225 2833 1252 2878 c.
1274 2817 1343 2878 870.
1364 2826 1395 2878 et
1418 2819 1457 2879 de
1486 2823 1590 2898 script.

83 2909 142 2984 pato
163 2903 277 2967 librum
302 2905 452 2970 aduersus
476 2905 625 2979 ludaeos,
654 2909 736 2968 Vixit
756 2919 809 2969 au·
864 2905 964 2968 Germ.
996 2923 1024 2968 8.
1057 2909 1126 2968 tit.
1155 2907 1249 2970 licor.
1271 2909 1459 2972 whartonus
1478 2913 1507 2970 in
1530 2911 1589 2991 hp-

82 3012 121 3057 oo
141 2993 323 3060 iusi-tuti.
347 2997 529 3060 possevinus
551 3007 631 3060 tomo
652 3001 689 3060 ll.
711 3000 809 3078 Appa-
863 2999 953 3076 paud.
975 3001 1012 3061 ed
1036 3003 1191 3076 Curcum,
1214 3001 1293 3063 hub.
1313 2992 1440 3064 iliraeus
1460 3001 1497 3063 dc
1516 3006 1589 3064 sori-

82 3097 165 3152 ratos
179 3105 210 3169 p
224 3089 294 3152 308.
317 3089 403 3152 Adde
414 3092 540 3153 Gallium
553 3092 664 3154 Christ.
687 3094 721 3152 V.
736 3091 807 3154 72³.
862 3100 939 3169 ptor.
961 3091 1074 3154 Eccles.
1097 3101 1129 3154 ct
1147 3097 1176 3153 in
1194 3093 1306 3174 Elogiis
1323 3095 1459 3174 Belgicis.
1473 3113 1500 3174 p.
1520 3095 1587 3158 408.

118 3181 370 3245 iiUlllliENTUhi
408 3181 629 3259 Novitiorum,
667 3185 806 3263 Epitoms
860 3171 979 3246 Basilus
1002 3187 1029 3244 in
1049 3187 1173 3262 Lexico,
1191 3184 1254 3247 Vol.
1272 3186 1409 3248 Andreae
1428 3187 1501 3248 tlibi.
1521 3188 1586 3248 Bel·

82 3276 144 3335 eivs
165 3274 308 3352 systema
330 3271 480 3336 Historiae
503 3276 686 3336 universalis
707 3277 806 3336 medio
858 3277 923 3354 gloc
945 3294 972 3352 p.
994 3275 1062 3334 798.
1086 3278 1236 3338 Swertius
1257 3280 1286 3336 in
1310 3279 1438 3338 Athenis
1456 3280 1583 3357 Belgicis

81 3381 152 3427 aevo
182 3373 306 3428 sectore
338 3369 451 3428 incerto
478 3369 613 3429 coniecta
645 3375 676 3428 et
698 3370 727 3428 in
749 3383 804 3428 sex
859 3384 887 3445 p.
899 3365 1126 3428 663.Sutiridus
1138 3370 1214 3427 Petri
1226 3368 1264 3428 ds
1276 3371 1473 3447 scriptoribus
1484 3373 1584 3431 Frisae

82 3465 194 3520 mutes
210 3459 327 3532 diuisa,
346 3459 454 3538 prodiit
472 3460 607 3522 Lubecse
621 3477 674 3538 per
692 3462 803 3520 Lucam
857 3459 928 3519 Dec.
940 3455 1016 3518 Vlll.
1030 3457 1058 3518 0.
1071 3459 1235 3519 Niceronus
1246 3461 1413 3520 8444444414.
1430 3478 1459 3538 p.
1473 3462 1541 3521 480.

8 3559 9 3564 ’
82 3551 261 3611 Brundisio
284 3551 415 3625 Schosffi
438 3549 524 3613 4475.
547 3553 595 3611 iol.
628 3553 745 3613 Evolve
764 3551 803 3612 ds
896 3549 992 3628 Opera
1014 3547 1082 3628 ejus
1102 3549 1252 3628 quaedam
1280 3551 1338 3611 sub
1368 3552 1456 3612 titulo
1484 3553 1584 3612 lucit·

83 3641 134 3701 hoo
153 3655 244 3721 opero
260 3645 295 3703 v.
308 3643 340 3702 C.
355 3645 399 3702 to.
417 3644 507 3704 liena
524 3661 541 3703 a
559 3645 668 3706 Seeleo
685 3645 802 3705 Seieota
857 3636 1027 3700 homerum
1050 3640 1226 3718 prodierunt
1247 3642 1349 3702 colom
1371 3643 1460 3710 4474.
1477 3645 1504 3704 t.
1522 3645 1580 3705 sub

82 3732 205 3794 literaria
227 3749 257 3812 p.
279 3734 347 3796 058.
368 3734 439 3794 edit.
463 3743 575 3812 poster.
595 3743 627 3795 et
648 3736 803 3796 historiam
858 3733 945 3792 titulo
966 3733 1208 3811 opusculorum,
1233 3732 1379 3812 intrem.
1405 3736 1484 3813 apud
1506 3737 1584 3796 ‘ihe-

83 3827 292 3905 tppograpltiee
314 3827 497 3887 Lubeccnsis
517 3842 545 3906 p.
567 3826 595 3888 h.
617 3845 686 3906 sqq.
858 3822 1012 3884 odoricum
1033 3825 1149 3885 iiartini
1172 3827 1261 3885 4544.
1284 3826 1310 3883 t.
1332 3827 1420 3886 Beati.
1444 3828 1532 3888 4048.
1554 3829 1581 3887 t.

118 3917 297 3978 torrentior
307 3916 344 3977 dc
359 3913 584 3991 inpotenti,
600 3917 727 3980 Senator
741 3919 805 3977 ilo
858 3916 1126 3994 hntvcrpieosium
1146 3916 1193 3974 hic
1204 3922 1252 3976 cst
1267 3917 1393 3978 titulus:
1408 3919 1479 3979 liud
1494 3919 1583 3997 Apri·

83 4009 304 4087 rentious‚qui
322 4010 432 4070 ibidem
451 4011 518 4071 iura
536 4010 660 4086 docuit,
677 4015 708 4068 et
726 4009 805 4087 lega-
858 4004 940 4066 coine
971 4005 1112 4066 norrnuiio
1147 4006 1300 4086 opusculo
1328 4007 1384 4069 hoe
1414 4017 1583 4089 coquuntur

83 4101 208 4162 inuisos
237 4101 353 4178 aliquot
384 4115 437 4180 pro
469 4105 564 4180 patria
598 4103 721 4163 iunctus
748 4105 803 4158 est.
857 4099 944 4160 serie.
966 4097 1121 4160 Amiochuc
1144 4095 1275 4159 Piotom's
1306 4099 1342 4160 de
1372 4105 1582 4164 contemnendo

8 4251 9 4266 ἶ
82 4191 160 4252 vixit
177 4209 239 4254 seo.
261 4192 325 4252 XV.
349 4207 445 4271 usquc
471 4192 508 4254 ed
540 4209 653 4255 annum
685 4193 805 4252 circiter
857 4196 952 4252 morte
970 4189 1232 4251 peremturum
1243 4190 1275 4250 in
1286 4191 1434 4254 Mirum.
1448 4195 1582 4275 Epr‘rtolo

8 4273 10 4330 ἶ
84 4281 166 4342 iiii.
185 4283 262 4361 Ejus
279 4284 509 4364 sunthepetdio
525 4283 626 4344 crine
644 4283 710 4344 xii.
728 4283 757 4342 8.
773 4284 802 4342 2.
857 4281 893 4342 de
913 4299 1075 4361 conpressu
1093 4283 1290 4362 imperatoris
1312 4285 1507 4348 Fridericiet
1522 4289 1581 4350 Cu·

8 4399 9 4422 1
83 4369 244 4451 thutoiio
258 4373 419 4448 solemnh,
441 4375 581 4454 Repetitio
609 4389 634 4434 c.
662 4372 805 4434 monachi
857 4374 915 4434 reli
937 4373 1187 4454 Burpundrirnunr
1201 4375 1301 4436 Duria.
1315 4377 1467 4455 Epistulae
1475 4379 1580 4439 oortue

8 4439 10 4500 3
87 4463 158 4525 xii.
176 4467 205 4528 0.
228 4470 256 4529 4.
277 4481 355 4544 quae
376 4465 466 4527 simol
497 4470 642 4544 impressa
665 4473 738 4527 sunt
759 4468 804 4525 Pi·
855 4464 1055 4527 odlooohunr
1070 4463 1579 4530 umiirinnenoerescietnrrica

85 4557 160 4618 seiae
181 4557 269 4620 4489.
291 4558 519 4618 ioi.‘Tractetuo
538 4556 575 4617 de
591 4556 705 4618 usuris.
733 4556 803 4617 ibid.
855 4557 1076 4637 inmemiemi
1090 4558 1163 4619 ltern
1176 4557 1213 4619 de
1226 4557 1383 4638 [arumde
1399 4555 1499 4617 surdo
1511 4571 1579 4617 cum

86 4645 167 4708 tiso.
189 4650 239 4710 iol.
256 4646 464 4727 Defensorium
482 4649 588 4710 uentu
606 4647 732 4710 Pietntir
745 4663 800 4708 reu
854 4649 958 4710 multis
974 4649 1051 4712 aliie.
1068 4647 1248 4732 Peruencris
1267 4648 1409 4710 laceretis
1423 4647 1579 4708 udilemo

85 4738 117 4798 de
134 4739 263 4802 Combiia
285 4747 313 4801 et
329 4741 456 4819 usuris,
474 4741 617 4802 Prochco
629 4747 659 4801 et
675 4741 800 4800 Theorio
854 4737 954 4801 u'icum
966 4759 981 4801 e
994 4743 1109 4802 Graeco
1122 4745 1153 4802 in
1168 4742 1303 4802 Latinum
1314 4738 1577 4802 medinmomrie

87 4847 198 4907 mm,
214 4851 274 4912 que
291 4833 403 4912 injure
418 4833 591 4913 freqrtenier
608 4833 797 4910 continuum,
853 4832 883 4894 in
901 4829 1018 4893 huelem
1050 4831 1261 4911 Philosophiae.
1283 4831 1398 4892 'Oratio
1423 4831 1464 4892 od
1486 4833 1571 4892 inno-

1285 4949 1345 5008 205
