3368 5362
98 183 159 249 638
613 182 842 250 ctatuct
879 184 992 247 ANC.

56 320 64 330 ·
99 292 202 354 Classe
222 288 488 367 Hellespontum
518 291 629 351 nostris
656 299 818 371 occupatu·
872 292 982 352 Itomae
999 289 1147 353 Caesareo
1164 304 1287 368 quoque
1312 293 1447 366 ternpore
1472 286 1564 364 Sibylli·

98 403 165 447 rum
186 385 373 464 perceperit,
404 386 433 444 ni
453 384 528 445 iorte
546 385 574 444 in
592 386 708 466 Europa
728 388 820 449 inter·
874 386 922 445 nis
941 383 1085 448 tatalibus
1115 386 1145 445 in
1173 383 1260 446 libris
1287 387 1473 463 compertum
1501 381 1568 442 inisse

99 481 268 557 ciperetur,
287 480 349 557 ipse
368 478 473 540 minori
497 479 657 558 ignominia
683 489 819 543 maneret
875 480 1033 553 tradatur,
1058 496 1230 558 numquam
1251 478 1309 537 nisi
1339 495 1355 537 a
1384 478 1460 553 liegc
1475 476 1569 537 Parthos

100 574 128 633 in
145 573 225 634 Asia.
242 571 340 644 Quare
357 574 435 650 agite
451 574 601 653 principes
628 577 766 652 optumi,
788 585 820 638 et
874 573 985 651 subjici
1006 590 1105 652 posse.
1122 574 1310 634 Teucrorum
1335 588 1463 650 namque
1484 589 1569 650 genus,

100 665 220 726 indicite
231 665 355 744 dignum
374 666 562 728 Christianae
579 669 740 748 Religionis
758 671 820 734 bel-
874 675 905 730 et
922 665 1165 729 Achemenidum
1180 668 1360 746 originema
1376 664 1571 727 Parthisduxie

100 759 161 820 lum
176 803 185 830 x
202 765 233 818 el
250 760 499 834 Sanctissimam,
520 760 740 841 gloriosamque
756 761 818 841 jam
875 779 908 823 se
922 769 1026 824 notum
1037 763 1224 835 satisestxeu
1242 752 1573 834 expunaararaaaae

100 853 240 914 felicibus
254 855 397 931 auspiciis
407 860 526 931 ceptam
544 857 766 936 expeditionem
781 859 818 921 ad
923 858 1060 919 Necnon
1081 856 1281 917 laetissimum
1301 854 1388 916 ilium
1400 855 1573 932 equitando·

98 953 274 1025 exoptatum
293 948 456 1025 perducere
475 949 565 1013 finem
582 968 747 1030 numquam
770 953 821 1015 ab
875 953 1027 1032 gistrum,
1045 958 1075 1011 et
1101 951 1253 1028 insignem
1272 949 1451 1028 peregrinae
1480 946 1572 1006 militiae

98 1041 207 1103 sistere
225 1040 336 1102 velitis.
354 1043 399 1103 Ex
416 1045 600 1121 Byzantiana
617 1048 688 1107 l'era
707 1065 742 1108 eo
760 1066 820 1128 quo
874 1047 987 1107 Ducem
1006 1045 1122 1107 Goniati
1143 1045 1256 1104 lanum
1284 1043 1455 1121 inclytam,
1477 1041 1572 1101 omnila

97 1134 134 1196 ad
153 1151 218 1196 eam
239 1136 387 1196 venimus.
400 1138 474 1200 Vlll.
493 1137 619 1201 Kalend.
632 1141 691 1202 lul.
709 1142 819 1215 lausto,
875 1140 1010 1218 clamque
1028 1155 1080 1217 pcr
1099 1136 1220 1200 laudern
1250 1135 1461 1198 extollendum
1482 1135 1573 1206 censui,

97 1235 129 1290 et
153 1230 377 1307 Praecursoris,
405 1233 596 1311 Baptistaevo
631 1236 817 1297 Sanctissimi
874 1233 924 1312 qui
944 1239 1123 1312 perstrenue
1142 1232 1258 1293 virtute
1276 1249 1350 1307 sua,
1368 1232 1475 1309 suique
1490 1230 1573 1290 eloren-

99 1322 358 1384 venerandissimo
376 1322 434 1386 die.
875 1327 983 1388 tissimi
994 1327 1153 1388 exercitus
1166 1325 1317 1405 probitate
1330 1332 1393 1385 tarn
1407 1321 1508 1383 modici
1520 1329 1574 1381 ten·

444 1419 479 1480 V.
875 1421 955 1498 poris
983 1421 1101 1498 spatio,
1127 1427 1172 1480 tot
1202 1419 1335 1499 egregiis
1367 1416 1573 1488 victoriis,trn

123 1506 173 1569 Ad
193 1507 387 1573 Cordinolem
407 1510 514 1574 Sancti
531 1513 638 1595 strepeti
657 1517 797 1598 Legatum
874 1515 977 1587 saevi,
996 1514 1216 1592 perniciosique
1240 1512 1341 1575 ulmae
1369 1510 1521 1588 Religionis
1538 1524 1575 1567 no

259 1603 416 1685 Kyriacus
443 1606 658 1672 anconitanus.
873 1613 955 1668 strae
971 1606 1065 1668 bostis
1082 1611 1283 1668 inveteratam
1309 1606 1363 1669 diu
1387 1603 1532 1666 audacianr
1545 1603 1574 1661 ita

874 1699 1091 1781 depresserat,
1110 1708 1144 1764 ut
1161 1699 1242 1781 quod
1269 1698 1362 1778 paulo
1388 1705 1459 1760 ante
1482 1694 1576 1760 ldnntb

873 1794 934 1872 Beg
957 1795 1209 1857 truculentissimi
1229 1794 1376 1873 principis
1391 1808 1495 1852 nomen
1512 1787 1578 1850 unde

138 1827 569 1967 Posteaquameetorenuna
585 1890 664 1954 Urbe
686 1890 722 1954 aa
735 1900 817 1956 tuam
874 1905 935 1967 que
956 1888 1145 1950 Christicolis
1164 1885 1391 1949 formidandum
1418 1882 1579 1945 memoraba·

98 1978 176 2043 hanc
194 1981 272 2059 piam
287 2023 295 2054 ,
313 1973 699 2063 felicemque'tegattonem
723 1988 819 2067 prole·
873 1989 935 2044 tur:
951 1981 1039 2043 bodie
1051 1983 1302 2062 tergiversatum,
1316 1980 1423 2058 fugax,
1435 1976 1577 2056 dejectun',

96 2081 166 2136 ctus
182 2091 235 2146 es,
259 2076 372 2154 optime
385 2078 503 2139 iuliane
520 2081 628 2149 Pater,
646 2097 737 2161 saepe
756 2084 817 2143 tuis
874 2094 1014 2157 peneque
1035 2079 1205 2140 extinctum
1224 2073 1578 2149 videatur,babeaturque.

95 2164 133 2228 de
154 2167 346 2230 successibus
360 2173 481 2248 optimis
503 2173 588 2251 plura
615 2172 748 2253 undique
766 2193 814 2254 pe·
873 2170 1069 2233 laudandum
1086 2173 1192 2251 utique
1212 2186 1398 2251 magnopere
1416 2169 1492 2230 duco
1506 2167 1579 2228 Geor·

97 2269 215 2341 ragrata
233 2260 406 2324 audivimus
426 2282 516 2339 voce,
535 2267 690 2346 literisque
702 2267 816 2343 delata,
872 2266 954 2344 gium
985 2265 1084 2342 ipsum
1103 2265 1330 2343 pientissimum
1353 2260 1578 2341 llespott‘nxlli

94 2362 126 2418 et
141 2356 287 2417 feliciores
305 2359 335 2417 in
352 2357 418 2419 dies
435 2358 472 2419 de
490 2359 662 2441 tcAngelos
676 2362 815 2426 aduolare
870 2375 887 2418 a
911 2365 971 2418 lam
996 2357 1220 2420 violentissimo
1251 2357 1342 2419 hoste
1372 2357 1497 2419 lle-asiae
1525 2355 1581 2416 Stl-

97 2447 255 2525 videmus,
280 2457 311 2511 et
329 2450 450 2514 meliora
478 2470 599 2533 semper
621 2457 816 2536 intelligimus
871 2452 977 2514 vianae
1002 2454 1176 2531 provinciae
1195 2469 1268 2514 suae
1287 2452 1416 2531 imperio
1438 2450 1536 2531 pulsus
1551 2447 1580 2508 ob

96 2542 260 2619 allaturos,
280 2543 441 2623 angelice,
460 2553 490 2610 et
508 2566 579 2609 vera
595 2550 752 2625 lullanae,
771 2561 816 2614 at·
870 2564 936 2608 eam
960 2549 1055 2625 ipsam
1078 2546 1168 2626 digne
1192 2549 1221 2606 in
1239 2549 1403 2626 pristinam
1416 2552 1578 2624 potestatem

95 2655 154 2717 que
166 2639 312 2701 Caesaree
338 2637 562 2704 Vereudissime
590 2645 647 2706 vir.
665 2646 812 2725 Equidem
871 2640 1062 2719 redigendam
1078 2648 1138 2702 lam
1153 2641 1298 2720 provide·
1313 2642 1502 2721 solerterque
1518 2641 1579 2700 hessi

96 2748 167 2793 vero
184 2749 253 2794 cum
277 2736 483 2814 superioribus
508 2737 614 2799 dicbus
639 2738 814 2816 Alpbonsus
870 2737 965 2815 ipsam
981 2737 1191 2815 dignissimam
1213 2735 1445 2816 expeditionem
1463 2750 1578 2813 aerepo

96 2824 145 2887 ille
160 2824 335 2906 llispanus,
360 2837 391 2888 et
406 2828 540 2910 inclytus
557 2832 709 2896 Ausoniae
733 2839 815 2917 ilex,
869 2830 1021 2892 tissimum
1037 2847 1092 2892 suo
1103 2830 1317 2907 excitandam,
1333 2831 1510 2911 parandam,
1526 2845 1578 2908 Pit

96 2919 169 2979 inito
185 2937 255 2982 curn
273 2922 415 2985 Pontifice
432 2925 552 3001 ledere,
571 2933 703 2989 nostram
723 2931 751 2989 in
771 2930 816 2992 Pi·
870 2924 1117 3005 sequentiamque
1134 2928 1263 2987 curavit.
1284 2925 1345 2987 Sed
1370 2928 1400 2986 in
1426 2927 1575 3004 primis,et

96 3031 202 3077 cenam
232 3018 418 3081 Provinciam
451 3020 637 3101 (Repetitum
666 3022 816 3104 reliquum
869 3026 939 3081 ante
976 3019 1049 3081 alios
1085 3037 1191 3081 omnes
1228 3019 1378 3099 probare.
1413 3020 1575 3098 laudareqno

97 3107 247 3192 Epistulae
261 3113 430 3194 superioris
444 3113 487 3174 ud
501 3117 644 3177 Joarruem
665 3117 817 3178 Puloeolo·
869 3114 1013 3175 constitui
1037 3114 1178 3174 Divinum
1203 3112 1276 3175 illud
1301 3115 1433 3195 Eugenii
1463 3115 1576 3177 Sanctis

95 3221 168 3286 goar
187 3206 401 3285 Imperatorem
432 3210 610 3289 Augustum.
636 3214 742 3274 Postea
772 3229 817 3275 se·
870 3209 938 3269 simi
964 3206 1114 3268 Pontificis
1135 3208 1310 3286 ingenium,
1334 3216 1368 3270 et
1388 3208 1574 3270 admirabilem

99 3299 232 3382 quitur.)
872 3301 1112 3384 providentiam3
1143 3302 1195 3380 qui
1229 3308 1288 3379 tot,
1323 3309 1486 3383 tantosque
1514 3304 1576 3362 inter

139 3396 217 3469 Quin
242 3403 273 3458 et
301 3398 325 3458 si
351 3397 407 3459 bos
430 3399 550 3461 tandem
584 3400 684 3481 aliqua
715 3408 818 3463 moret
870 3396 1068 3458 celeberimos
1096 3403 1198 3475 patres
1215 3403 1245 3456 te
1263 3413 1361 3457 unum
1391 3396 1527 3474 dignum,
1552 3399 1575 3452 et

100 3489 249 3553 humanae
279 3494 400 3573 pietatis
432 3494 528 3575 imago
559 3496 588 3556 in
621 3503 681 3557 tarn
715 3502 818 3559 truces
872 3492 1129 3569 optimumatque
1152 3489 1326 3569 angelicum
1351 3488 1576 3551 hominemhuic

100 3587 312 3650 Christicolum
332 3595 486 3650 voratores
503 3589 540 3651 ad
559 3598 697 3653 nostrum
726 3593 819 3670 impe·
872 3591 933 3647 tarn
950 3586 1029 3663 piae,
1047 3584 1295 3663 laboriosaeque,
1309 3591 1341 3644 et
1355 3584 1576 3647 honorificentis-

99 3683 197 3756 rium,
230 3689 425 3762 nostramque
447 3684 667 3764 propagandam
693 3686 819 3766 Religio.
871 3683 966 3741 simae
984 3678 1025 3737 rei
1043 3678 1229 3756 praefecerat
1255 3678 1435 3740 antistitem
1459 3679 1576 3757 designa·

101 3795 169 3839 nem
189 3785 219 3838 te
236 3778 339 3857 pium,
357 3784 388 3836 et
405 3781 554 3857 optimum
569 3782 686 3842 Patrem
699 3780 754 3842 hac
765 3788 818 3843 tua
872 3782 956 3849 turn,
973 3772 1266 3852 benemeritnmque.
1281 3774 1437 3836 Pontificia
1450 3777 1576 3854 potestate

100 3872 818 3953 insanctissimaconspirationesecundent,et
872 3872 1027 3947 legatum.
1061 3867 1158 3946 thue
1193 3884 1337 3946 semper,
1362 3868 1528 3950 quibusque
1553 3866 1575 3923 io

101 3975 135 4028 ut
162 3966 275 4046 pluries
303 3965 430 4048 majores
457 3970 550 4029 nostri
579 3971 817 4047 praeclarissima
871 3964 982 4036 rebus,
1004 3969 1035 4023 el
1051 3962 1207 4024 Ecclesiae
1233 3963 1285 4023 0⁰5
1317 3965 1477 4039 maximis,
1505 3970 1532 4022 tl
1553 3962 1575 4019 5⁰

101 4061 254 4134 iecerant,
269 4061 385 4141 insigne
402 4079 440 4123 ex
459 4063 506 4123 bis
521 4063 691 4143 triumphos
705 4063 817 4127 ducere
873 4058 921 4119 illa
944 4058 1136 4135 potissimum
1166 4063 1212 4118 lol
1237 4063 1436 4120 externarum
1462 4058 1574 4139 gentium

101 4153 309 4217 laudatissime
333 4165 451 4218 curent.
478 4159 539 4220 Nec
570 4160 672 4219 minus
704 4159 816 4219 interea
871 4153 1086 4231 compositione
1102 4148 1456 4230 provide,constanter,
1481 4164 1576 4228 aeque,

103 4247 271 4312 ladislaum
289 4251 435 4329 optimum
455 4252 553 4330 ipsum
567 4253 735 4313 Pannoniae
763 4254 818 4313 lle·
872 4249 932 4326 pie,
949 4247 1240 4326 magnaoirniterque
1252 4247 1391 4324 gessisse
1407 4249 1575 4327 cognouerat

100 4362 168 4424 gem
187 4343 237 4405 tibi
254 4343 309 4406 hac
325 4345 353 4405 io
372 4351 432 4406 tam
449 4347 581 4425 piissima
607 4363 639 4408 re
666 4346 820 4426 obtempe·
872 4344 910 4403 At
934 4343 1051 4421 etquis
1079 4348 1141 4400 tam
1159 4355 1271 4417 expers
1298 4340 1452 4402 humanae
1475 4336 1575 4416 pietatis

101 4447 237 4501 ratarum
262 4437 385 4513 ridere,
412 4456 532 4502 summe
561 4440 700 4517 laudare,
728 4447 820 4521 atque
872 4443 971 4510 esset,
992 4437 1042 4516 qui
1064 4437 1093 4495 in
1112 4442 1173 4495 tarn
1198 4434 1376 4513 profanum,
1398 4437 1537 4507 invisum,
1553 4434 1576 4488 et

101 4533 238 4594 attollere
254 4548 354 4612 cogor.
370 4531 431 4596 Nec
449 4534 590 4614 equidem
615 4534 720 4614 injuria
749 4553 818 4597 euru
875 4533 996 4611 penitus
1033 4527 1239 4590 execrandum
1281 4530 1469 4592 Teucrorum
1500 4537 1576 4607 genos

103 4628 202 4707 ipsum
232 4627 336 4706 pium,
362 4635 394 4688 et
422 4629 681 4709 religiosissimum
710 4632 819 4710 [tegern
874 4622 956 4686 hunc
976 4627 1074 4704 ipsum
1095 4625 1193 4703 pium,
1211 4621 1365 4702 dignum,
1383 4630 1576 4704 opportunum·

101 4718 137 4781 ad
158 4719 332 4800 perdignam
353 4722 430 4784 hanc
448 4725 478 4784 in
498 4724 631 4786 Teucros
658 4723 822 4804 expeditio-
875 4739 935 4798 que
958 4728 1071 4782 motum
1090 4734 1147 4778 non
1166 4734 1366 4797 summopere
1391 4719 1525 4787 laudare,
1539 4714 1576 4772 lte

103 4831 172 4875 nem
190 4813 398 4894 exequendam
413 4834 556 4899 magnum
576 4817 744 4880 intendisse
760 4818 824 4879 ani·
877 4814 1015 4877 aedicere
1043 4807 1215 4893 potuisset?
1244 4812 1402 4892 Equidem
1434 4830 1500 4876 vero
1523 4820 1575 4871 cum

103 4923 187 4978 tuum
205 4908 440 4990 existimandum
457 4919 540 5009 puto·
556 4912 739 5001 Quoniamet
752 4911 822 4975 olim
878 4910 1069 4993 profanorum
1088 4905 1194 4970 iisdem
1210 4909 1394 4991 periculosis
1408 4910 1438 4973 in
1451 4908 1517 4975 lotis
1527 4918 1576 4967 sec·
