3658 5412
1277 1 1294 4 “·
1307 1 1319 4 ““
1330 1 1380 15 ’.ιιι
1396 1 1533 17 ΠΠ-
1549 8 1650 18 ..ι-ι
1685 10 1727 20 --
1739 12 1744 20 ι
1754 1 1814 20 --ἶ

742 229 992 295 SEVERUS
1557 231 1610 292 titt

117 337 221 400 adbuc
245 341 275 399 in
297 337 456 416 Aquitania
478 337 680 406 constitutos,
711 339 841 400 amicum
898 337 972 399 athi.
989 338 1099 398 selecta
1117 343 1187 400 tom.
1205 339 1271 399 XX.
1290 353 1354 416 pag.
1371 338 1439 398 325.
1462 338 1614 400 Fabricius

120 429 231 492 habuit
249 433 392 492 Sanctum
410 428 561 508 quendam
575 474 582 502 ,
594 436 625 490 et
636 430 728 492 alium
744 431 843 492 Eride·
865 461 866 466 4
897 430 971 490 Bibl.
985 432 1086 492 Latina
1098 431 1146 490 lll.
1160 433 1187 491 3.
1199 432 1334 492 omnium
1348 447 1419 490 vero
1430 429 1615 508 diligentiam

118 521 274 596 lechium,
291 523 379 602 epist.
399 521 447 582 28.
465 527 496 582 et
515 523 561 582 tit·
580 523 652 600 qui,
668 525 843 600 quamvisa
898 530 1078 600 superarunt
1101 523 1241 584 Monachi
1266 521 1616 584 benedictino-Manciam

117 615 301 692 quibusdam
321 633 373 695 pro
390 631 450 676 uno
470 614 655 691 habeantur,
673 631 777 676 revera
799 621 843 676 ta-
898 614 1335 678 45545454456541455141545445
1353 622 1374 672 t.
1394 615 1430 674 14.
1448 631 1476 691 p.
1492 612 1616 675 95-116.

120 723 193 767 4555
208 707 269 769 duo
282 715 363 769 sunt.
897 706 947 767 ubi
964 706 1054 767 etiam
1074 707 1221 770 editiones
1249 723 1355 768 omnes
1370 699 1440 767 cum
1467 722 1538 767 cura
1567 724 1613 765 re-

159 801 190 860 ls
204 800 294 877 igitur
322 807 448 862 sanctus
476 801 610 862 Paullino
637 801 738 864 thema
758 819 842 881 prae-
896 806 1031 858 censent.
1047 799 1239 878 spicilegium
1264 800 1354 876 igitur
1376 800 1520 876 exiguum
1544 800 1615 858 mihi

114 891 292 969 scripsitail
304 894 520 971 Panegyricum
536 893 839 968 Theodosiodiotum,
896 889 1095 970 colligendum
1114 898 1263 969 superesi.
1280 890 1449 952 Editionem
1471 893 1617 951 ilistoriae

115 987 171 1060 qui
189 985 267 1045 54455
279 1001 306 1044 5.
322 986 389 1044 att.
410 985 530 1046 habitus
544 994 600 1044 ast.
620 987 724 1046 Nescio
739 993 839 1046 tamen
896 983 1004 1042 Sacrae
1022 984 1208 1060 Lipsiensem
1226 999 1253 1042 5.
1273 981 1359 1044 1711.
1377 999 1447 1044 cum
1468 987 1546 1044 notis
1567 986 1618 1044 lli-

114 1092 200 1136 5555
215 1076 265 1136 4145
283 1077 444 1138 binominis
462 1078 554 1138 luisse
573 1080 679 1156 potuit.
698 1079 750 1139 llle
770 1095 841 1138 san·
897 1073 1211 1134 nellianiscuravithl.
1224 1077 1271 1134 to.
1285 1073 1454 1136 Eridericus
1470 1076 1616 1149 Weinich,

115 1174 208 1242 ctus,
227 1176 370 1246 tanquam
388 1169 579 1232 Christianus
598 1187 614 1230 5
637 1171 769 1230 Paullino
790 1170 861 1254 do·³
894 1163 956 1242 jaro
973 1167 1078 1225 Pastor
1094 1167 1121 1224 45
1144 1165 1306 1246 Thuringia
1327 1165 1472 1228 dioecesis
1493 1169 1616 1228 1455545-

116 1259 278 1333 scribitur,
291 1261 342 1337 qui
359 1260 484 1339 gradum
500 1262 629 1339 aliquem
654 1263 682 1320 in
705 1263 840 1324 Ecclesia
896 1256 994 1318 dinae.
1013 1256 1162 1318 Editioois
1178 1261 1262 1318 4555.
1280 1258 1385 1320 Clerici
1401 1277 1426 1320 5.
1447 1261 1533 1321 1709.
1553 1263 1615 1338 ipso

120 1350 266 1412 habuisse
280 1353 412 1414 uidetur.
429 1353 504 1430 Ejus
526 1362 611 1431 pater
630 1355 752 1415 Flavius
767 1357 841 1416 San·
896 1355 959 1410 tuin
988 1366 1092 1412 curam
1110 1352 1211 1428 gessi,
1232 1359 1337 1412 auctor
1355 1352 1434 1413 illius
1450 1355 1617 1412 annotatio

115 1450 191 1504 ctos
207 1445 301 1504 luisse
317 1452 439 1523 potest,
466 1447 555 1526 cujus
583 1448 734 1510 Ausonius
763 1450 840 1508 inter
895 1443 943 1502 nis
959 1441 995 1504 ad
1014 1443 1179 1520 Epistolam
1195 1445 1231 1504 ll.
1250 1461 1278 1522 p.
1296 1443 1469 1522 tacqnan
1482 1445 1616 1506 Clericus

114 1535 231 1596 charos
245 1553 318 1598 suos
339 1554 422 1600 num.
440 1539 479 1599 38
502 1539 647 1598 meminit.
660 1537 839 1616 Porroapud
894 1532 995 1594 laudat
1018 1551 1046 1611 p.
1073 1534 1142 1595 ais.
1168 1543 1200 1596 et
1220 1536 1405 1598 benedictini
1427 1555 1455 1615 p.
1473 1538 1539 1598 116.
1556 1535 1614 1596 Ν5-

115 1625 278 1688 Sidonium
293 1628 495 1707 Apollinarem
511 1631 593 1706 Epis.
610 1631 683 1692 Vlll.
707 1631 734 1691 4.
757 1647 841 1694 4555·
892 1642 952 1704 que
970 1626 999 1687 id
1018 1627 1072 1691 leci
1092 1628 1207 1687 Clerico
1236 1629 1348 1700 inscio,
1380 1636 1468 1707 prout
1498 1637 1530 1690 et
1548 1632 1612 1708 ipse
1644 1676 1648 1686 .

116 1719 161 1777 tio
185 1719 219 1778 iii
248 1719 422 1782 Endelechii
452 1716 589 1783 4414515445
617 1725 760 1790 Romani.
783 1742 837 1786 nec
893 1727 1046 1780 memorat.
1062 1717 1201 1780 51515445
1219 1735 1312 1780 roera
1332 1737 1402 1782 cum
1424 1723 1616 1784 Commenta-

115 1828 178 1871 nou
208 1813 238 1870 in
270 1813 469 1882 subscritione
502 1831 625 1893 opernm
659 1817 776 1898 Apuleji
808 1820 835 1878 in
893 1812 935 1870 rio
946 1809 1385 1889 Sigoniietannot..lo.Vorstii
1398 1813 1497 1881 denuc
1509 1813 1617 1892 prodiit

118 1902 308 1963 membranis
323 1903 524 1980 Florentinis,
542 1909 594 1979 qui
611 1915 708 1970 aetate
727 1912 836 1984 junior,
892 1903 921 1960 in
935 1903 1078 1979 operibus
1092 1900 1186 1962 Caroli
1204 1904 1346 1980 Sigoniia
1365 1905 1500 1982 Philippo
1522 1906 1614 1981 arge-

114 1998 168 2064 54,
188 1995 214 2051 54
232 1995 360 2054 lleinesii
377 1995 581 2073 conjecturam
600 1999 725 2075 probes,
748 2001 839 2077 hujus
892 1994 951 2054 lato
967 1994 1056 2054 editis
1072 1994 1192 2054 llediol.
1211 1995 1389 2056 l73l.iolio.
1402 1995 1501 2056 Editio
1513 1997 1614 2055 novis-

115 2086 214 2144 55545
244 2084 323 2146 atius
349 2101 417 2146 esse
444 2089 550 2164 pariit.
585 2091 664 2150 naec
695 2091 838 2154 acierum
892 2087 967 2146 sima
993 2086 1031 2146 od
1058 2087 1140 2148 MSS·
1167 2085 1292 2148 Codices
1317 2089 1495 2164 emendata,
1514 2091 1612 2163 noris,

113 2178 213 2255 Epist.
232 2178 261 2236 8.
278 2176 315 2237 ad
333 2179 492 2238 Doumtum
507 2221 513 2251 ‚
528 2187 561 2239 ei
576 2180 723 2243 Aneinres
738 2183 840 2246 uisne
892 2177 1457 2245 observationibusetdissertationibus
1469 2180 1616 2242 illustrata

115 2269 181 2328 riae
197 2268 349 2329 literariea
360 2269 492 2330 Gallicae
508 2277 580 2332 tom.
599 2274 635 2332 11.
654 2292 681 2351 p.
699 2273 746 2336 54.
768 2276 839 2348 054-
894 2268 1002 2346 prodiit
1018 2285 1090 2329 5545
1108 2271 1280 2347 Hieronymi
1293 2271 1329 2332 de
1341 2275 1447 2347 Plil⁰t
1463 2273 1615 2334 V0l00ffl·

116 2358 211 2434 cquid
227 2359 298 2432 sit,
324 2375 394 2421 cuin
412 2361 499 2422 bodie
518 2361 675 2426 videamus
699 2381 838 2446 magnam
893 2362 955 2434 sis,
974 2362 1219 2439 Congregationis
1239 2363 1366 2424 Oratorii
1394 2364 1501 2424 ibidem
1528 2365 1614 2425 Pres-
1717 2369 1721 2392 ⁸

115 2450 277 2511 hominum
304 2451 549 2529 multitudinem,
575 2457 626 2532 qut
655 2456 759 2518 eodem
789 2475 840 2520 ne
893 2451 1003 2528 hyteri.
1021 2453 1153 2512 Veronae
1172 2453 1260 2514 iiii.
1277 2457 1304 2514 4.
1322 2455 1376 2516 sed
1398 2458 1446 2514 hic
1468 2463 1569 2516 tomus
1591 2458 1612 2515 l.

119 2543 205 2602 mine
222 2542 374 2620 gaudent,
391 2561 449 2606 oon
468 2547 636 2622 miramur,
658 2551 747 2610 etiam
768 2553 838 2613 elim
896 2549 1015 2604 tantum
1035 2543 1127 2604 Vi'tom
1143 2544 1270 2604 Martini
1279 2544 1456 2624 etDioloqos
1466 2548 1611 2606 continet.

123 2632 201 2695 illud
217 2651 276 2696 usu
292 2637 422 2698 venisse.
896 2634 962 2696 Vita
980 2651 1054 2694 vero
1068 2642 1206 2696 accurate
1217 2635 1575 2714 elaboratapiaemittitur
1586 2638 1613 2709 5)

159 2725 212 2786 111.
230 2727 422 2789 Occasionem
438 2730 587 2792 Carminis
599 2732 841 2797 subministravit
891 2727 1052 2787 Caeterum
1080 2743 1189 2788 novam
1217 2729 1349 2806 Operum
1371 2730 1473 2788 Severi
1491 2729 1614 2807 Sulpicii

118 2819 186 2880 lues
201 2863 209 2894 ,
226 2835 304 2896 quae
321 2819 415 2880 bores
441 2837 495 2898 per
519 2825 719 2900 Pannoniam,
746 2827 841 2904 lllyri-
894 2817 1055 2880 editionem
1072 2836 1110 2879 ex
1133 2821 1224 2880 variis
1251 2819 1410 2882 codicibus
1430 2821 1615 2882 emandatio-
1714 2832 1722 2856 ⁸

120 2927 193 2970 cum
212 2917 243 2970 et
259 2911 368 2990 Belgas
384 2919 551 2988 straverat,
566 2921 598 2975 et
619 2907 840 2997 huncquoque
895 2927 959 2970 rem
984 2911 1131 2988 promisiit
1156 2910 1201 2970 Jo.
1226 2912 1299 2972 Phil.
1327 2911 1561 2974 tinchenbecker
1584 2914 1613 2972 in

119 3006 150 3061 in
170 3002 297 3063 Calliam
316 3006 541 3083 pertigerat,v.
559 3007 661 3069 5555,
681 3009 839 3075 nemesius
895 3001 1050 3062 Analectis
1067 3001 1220 3064 1455554545
1242 3011 1317 3082 part.
1336 3006 1368 3064 V.
1394 3023 1422 3083 p.
1455 3007 1482 3064 5.
1508 3003 1611 3068 Codex

118 3095 260 3168 dubitat,
278 3111 316 3155 an
334 3113 407 3158 vere
424 3097 489 3157 lues
506 3098 612 3175 luerit,
629 3117 666 3160 an
685 3117 757 3162 vero
773 3109 839 3164 tan·
894 3097 951 3157 tls,
980 3096 1056 3156 libri
1069 3092 1106 3153 de
1123 3097 1183 3156 vita
1198 3098 1335 3172 Martini,
1355 3098 1559 3176 Epistularum
1581 3105 1613 3158 et

116 3194 185 3246 tum
203 3187 363 3248 exercendi
382 3189 492 3266 ingenii
508 3206 616 3251 caussa
627 3191 729 3252 thema
740 3193 839 3254 515145-
894 3188 1081 3264 Dl³¹⁰80ll¹ffi
1109 3189 1184 3248 ⁸³li⁵
1202 3191 1346 3266 antiquus
1368 3189 1612 3261 1431510404θῦ-

114 3281 281 3338 451545541.
302 3279 386 3350 Quod
405 3281 430 3340 54
448 3297 553 3341 revera
567 3282 638 3344 ¹lues
654 3283 711 3345 tuit
723 3289 839 3346 eontin-
893 3278 1064 3356 dlinburgi,
1079 3285 1158 3338 teste
1176 3279 1254 3339 tobia
1269 3281 1403 3342 Ecliardo
1432 3282 1470 3342 de
1496 3283 1611 3345 Codici-
1652 3325 1655 3330 ι

123 3372 170 3448 git
184 3386 212 3430 a.
230 3372 298 3432 titas
314 3371 431 3432 Alarico
447 3373 563 3435 ltaliam
582 3374 736 3451 ingresso,
757 3377 836 3452 quod
892 3370 950 3430 biis
962 3371 1175 3446 Manuscrlplis
1186 3370 1515 3449 Quodlinburgensibus
1527 3379 1612 3450 pit.

116 3461 282 3522 erllulino
300 3464 437 3540 probavit
452 3464 599 3542 Sigonius.
892 3461 974 3523 Idem
1002 3461 1163 3522 Ecliardus
1190 3479 1209 3539 p
1240 3463 1287 3522 57.
1303 3479 1386 3540 seqq.
1413 3463 1609 3526 Collatiooem

156 3551 359 3614 tvxTitetirm
375 3553 411 3614 de
432 3553 579 3625 mortibus
601 3553 708 3631 doum,
729 3559 835 3620 insulsi
891 3552 1008 3614 Codicis
1031 3555 1162 3614 instituit
1180 3571 1250 3614 oum
1272 3554 1404 3617 editione
1427 3559 1610 3634 novissima,

116 3645 375 3706 Grammaticastri
390 3648 836 3724 3455555551515414154555455.
890 3637 1058 3723 etreliqua
1077 3648 1105 3704 45
1122 3646 1172 3705 4115
1192 3647 1300 3708 Codice
1322 3647 1437 3727 adjecta
1458 3652 1540 3728 typis.
1558 3669 1610 3710 er-

15 3801 17 3814 ,
115 3737 297 3798 Oeconomla
330 3739 430 3814 potius
464 3740 543 3800 illius
574 3740 833 3818 44555544455154,
891 3740 976 3815 primi
992 3739 1476 3820 JussitEeiiodeinCodicemcgo
1496 3745 1609 3821 lipsiae

16 3849 17 3852 ¹
115 3827 195 3906 quod
219 3843 298 3889 unus
326 3835 426 3908 pastor
442 3829 519 3890 duos
536 3831 610 3891 alios
631 3849 761 3910 paganos
779 3835 834 3895 hac
891 3831 1029 3890 manibus
1054 3832 1143 3905 trivi,
1162 3848 1256 3907 quum
1284 3832 1321 3892 ad
1352 3834 1496 3896 Thomam
1519 3837 1610 3896 Fritst

116 3920 278 3994 relatione,
300 3921 378 3998 qiiod
403 3924 522 3982 oomine
544 3924 654 3984 Christi
677 3927 833 4000 invocato,
889 3921 990 3982 chinni
1006 3922 1216 4000 ,bibliopolam
1234 3925 1381 3986 celebrem
1394 3929 1607 4003 missusessrt,

114 4018 148 4072 54
162 4029 253 4074 54555
268 4014 335 4088 ejus
348 4029 419 4074 cum¹
431 4031 502 4074 vera
516 4015 750 4094 lideapplicata,
769 4020 834 4079 lues
890 4014 987 4073 omnia
1005 4014 1137 4090 5551514,
1156 4022 1187 4074 et
1203 4017 1319 4094 reliqua
1345 4021 1435 4080 etiarn
1457 4023 1609 4099 excripse-

115 4103 163 4163 illa
185 4104 288 4166 sedata
311 4104 422 4180 455441,
444 4105 480 4166 ad
510 4105 599 4180 fidem
631 4108 833 4172 Christianam
890 4122 963 4166 ram.
979 4107 1100 4166 Possem
1115 4106 1261 4184 quaedam
1276 4113 1354 4172 54455
1372 4111 1515 4174 lectiones
1532 4114 1608 4174 Esk-

114 4198 306 4256 ccuverterit.
890 4197 954 4257 erdi
974 4214 1111 4275 monere,
1130 4199 1182 4258 sed
1202 4207 1366 4264 transeant.

155 4288 332 4350 SEVERUS
362 4286 533 4367 Sulpicius,
559 4290 648 4367 vulgo
674 4291 838 4373 8515454545
930 4290 1029 4350 ceder
1069 4291 1189 4368 Collegii
1219 4296 1373 4358 Trinitatis
1401 4300 1606 4377 Cantabrigiae

113 4379 830 4462 5555555455,41545545545555555555,
891 4381 1030 4444 laudator
1056 4383 1216 4461 aliquoties
1243 4404 1260 4446 a
1286 4390 1417 4468 losepho
1444 4391 1552 4450 Wasse
1568 4391 1606 4451 aii

15 4465 16 4474 ’
113 4471 296 4549 Presbyter,
314 4472 449 4550 scriptor
475 4476 668 4550 notissimus,
692 4479 744 4553 qui
773 4497 835 4540 ma·
889 4474 1091 4550 Sallustium,
1113 4479 1164 4554 qui
1186 4479 1250 4540 1555
1272 4483 1419 4557 quaedam
1441 4499 1478 4540 ex
1500 4481 1606 4540 eodem

15 4585 16 4606 ι
114 4562 203 4623 nibus
219 4579 340 4640 quoque
359 4564 587 4626 adolescentum
613 4569 730 4628 teritur.
747 4571 835 4630 Prae·
888 4567 1014 4628 feliciter
1028 4570 1178 4630 cmendat.
1196 4573 1303 4652 Caput.
1328 4575 1377 4633 iv.
1398 4573 1463 4632 libri
1484 4573 1521 4633 de
1543 4578 1605 4635 vit-a

118 4660 198 4716 terea
226 4657 322 4716 otium
352 4657 437 4718 nobis
465 4658 603 4720 lecerunt
626 4660 670 4720 lo.
696 4659 832 4722 Clericus
886 4661 1003 4720 Martini
1017 4661 1333 4743 adducitllnonymus
1348 4665 1605 4743 Kirsebgartcnsis

153 4864 177 4924 i)
193 4861 307 4926 statne.
325 4865 441 4917 uiilehrte
468 4871 605 4932 zetiungcn
634 4870 694 4920 1744
722 4885 746 4936 p.
775 4871 830 4923 455.
881 4872 997 4922 nouvelle
1015 4875 1188 4938 bibliotheque
1204 4883 1267 4930 tom.
1285 4881 1333 4930 xv.
1350 4893 1376 4942 p.
1395 4878 1447 4929 tlt.
1461 4891 1531 4946 seqq.
