3622 5406
720 223 935 286 44444444
1397 195 1404 210 ’
1512 224 1574 286 ess

85 342 141 404 dua
159 334 338 402 Cozzandas
357 338 433 413 part.
450 337 463 394 4
486 333 625 394 Bibliotb.
656 333 801 394 brixiana.
857 348 949 410 quam
967 330 1042 391 acl.
1061 329 1154 390 Card.
1175 327 1300 399 Quirino
1318 328 1493 390 adornatam
1516 345 1582 390 sae·

66 453 151 515 pag.
172 434 241 494 29l.
258 428 334 508 Ejus
353 427 559 507 Repertorium
595 428 693 490 lucem
722 424 804 496 ,vidit
859 427 926 502 pius
943 423 1025 495 dixi,
1053 425 1192 501 gaminae
1211 423 1287 512 Patri
1311 423 1402 484 huius
1430 423 1582 502 Epistulae

86 531 198 590 Romae
220 524 298 586 4476
326 521 375 584 401.
859 517 896 602 ad
931 517 1062 580 cundem
1095 519 1288 577 Franciscum
1320 516 1407 578 datae
1429 518 1580 598 leguntur,

120 623 137 657 *
158 618 248 682 Dedit
270 623 391 696 praeter
413 617 621 694 Repertorium
654 612 805 695 Epistulae
860 629 988 691 quorum
1011 611 1105 672 altera
1126 617 1175 671 eet
1193 628 1222 670 n.
1240 611 1310 672 ere.
1327 610 1384 671 alia
1402 627 1431 670 n.
1450 611 1554 672 aaa·

85 713 244 776 nonnullas
264 709 413 788 equibus
430 715 493 768 tres
512 709 540 765 in
562 708 736 769 collectione
745 707 807 785 api·
902 705 984 778 {cl
1008 708 1036 767 P.
1058 705 1144 783 Dagli
1170 704 1305 782 agustini
1327 705 1357 764 in
1391 704 1447 784 Op.
1477 723 1586 768 verna·

85 806 229 868 stolarum
252 803 401 863 Francisoi
426 800 546 862 Barbari
579 817 647 861 sese
678 799 808 861 ollorunt
861 799 930 862 culo
950 799 988 859 de
1011 800 1134 860 Venetia
1151 799 1354 877 scriptoribus
1371 806 1443 858 tom.
1467 803 1493 860 4.
1516 800 1585 860 aot.

84 897 236 978 legendae.
268 895 396 973 Scripsit
428 893 519 954 etiam
558 893 753 971 opusculum
772 890 809 952 de
862 892 1015 972 ambigere
1037 907 1070 951 aa
1094 893 1264 952 lassasset
1287 909 1358 953 uum
1392 893 1585 971 repertoriia

86 990 197 1058 4444444444
224 986 378 1067 Pontificius
398 991 428 1048 et
445 983 630 1047 universalis
662 985 791 1048 concilii
800 1005 807 1045 :
863 990 949 1047 Patro
967 985 1005 1047 de
1021 987 1121 1046 Monte
1137 985 1207 1045 editi
1223 987 1358 1046 extiterit
1373 1003 1503 1064 unquam
1522 985 1587 1046 edi·

85 1102 135 1146 aec
154 1099 215 1142 non
234 1079 279 1142 de.
292 1078 510 1159 Imperatoriae
531 1078 698 1158 majestatis
716 1077 809 1157 oripi-
864 1082 905 1139 tio
926 1078 1227 1141 nemausensem
1256 1082 1372 1141 lievera
1386 1089 1486 1140 tamen
1502 1086 1587 1140 extat

87 1195 127 1240 ae.
150 1178 204 1238 llic
236 1189 330 1235 verae
359 1178 407 1234 est
438 1172 546 1236 titulus
575 1175 696 1252 operis,
718 1180 810 1250 prout
864 1175 894 1234 in
917 1172 1098 1234 Bibliotheca
1121 1162 1214 1235 F'clini
1236 1173 1348 1253 duplici
1371 1174 1588 1234 intoliovolu·

86 1271 193 1350 legitur
213 1269 243 1327 in
265 1268 326 1328 liS.
347 1265 419 1328 Cod.
442 1267 534 1327 Felini
558 1265 686 1328 Sandaei
711 1268 739 1324 in
765 1267 809 1326 Bi·
864 1269 955 1341 uriae,
977 1274 1008 1326 et
1030 1268 1058 1327 in
1083 1268 1142 1328 tina
1163 1270 1307 1346 postremi
1325 1267 1389 1328 nol.
1407 1267 1517 1344 legitur
1535 1265 1588 1324 im-

88 1365 124 1426 bl.
160 1361 306 1424 Canania.
340 1357 440 1436 blajor.
474 1359 629 1422 Ecclesiae
664 1361 809 1420 Lucensis
858 1376 1001 1439 pressum
1033 1363 1142 1422 Romae
1167 1359 1251 1441 apud
1273 1362 1304 1422 S.
1337 1361 1475 1421 llaroum
1497 1358 1587 1420 4476.

89 1461 218 1533 serrato.
238 1453 359 1516 44444444
381 1453 472 1513 Felici
494 1451 558 1514 cod.
577 1451 809 1513 additisexeo
863 1452 911 1514 die
933 1457 961 1515 5.
994 1451 1161 1522 Februarii
1180 1462 1244 1516 tum
1277 1453 1418 1517 subditur
1447 1455 1589 1513 continuo

88 1550 154 1612 dem
175 1549 281 1610 Felino
302 1545 406 1608 itidem
436 1546 682 1607 annotationibus
705 1546 795 1624 vrrlga
864 1565 954 1609 manu
978 1551 1043 1609 rius
1075 1551 1220 1626 temporis
1251 1554 1375 1609 «exarata
1399 1547 1474 1608 baec
1497 1544 1591 1607 adua

89 1651 149 1704 tum
171 1649 223 1704 est
244 1639 303 1702 sub
322 1639 453 1700 ascititia
473 1636 512 1697 et*
525 1638 563 1700 ab
583 1636 688 1699 eodem
707 1633 810 1698 Felino
864 1643 956 1701 tatio:
966 1649 1022 1720 pet
1035 1639 1238 1701 honorabilem
1254 1657 1355 1701 orrum
1366 1640 1515 1702 Simonem
1532 1637 1586 1698 Ni·

88 1738 196 1798 reieato
218 1732 306 1794 titulo
336 1731 374 1791 de
405 1729 592 1792 ltmoarolria.
623 1729 733 1790 Prodiit
755 1731 811 1790 hoe
865 1733 942 1796 colar
957 1733 993 1795 de
1014 1736 1095 1796 Luoo
1116 1740 1312 1794 mercatorem
1334 1749 1452 1793 curram
1483 1735 1589 1793 itoma-

89 1829 172 1890 titulo
195 1823 333 1903 Lugduni
351 1839 400 1885 au.
419 1825 506 1886 4642.
525 1825 554 1884 8.
572 1822 699 1884 adiectis
720 1822 811 1884 adno-
867 1843 938 1888 nom
958 1833 1134 1908 sequentem:
1158 1829 1175 1865 '¹
1195 1829 1240 1890 Ex
1264 1835 1338 1888 tom.
1361 1829 1383 1886 V
1388 1830 1408 1886 1.

89 1917 472 1982 ottonibuslticshalmot
484 1920 513 1977 in
527 1919 706 1978 pictaviensi
719 1915 812 1980 baad.
908 1922 1055 1984 PETRUS
1068 1923 1201 1983 lacobus
1217 1919 1445 2001 Montefolairias
1459 1964 1466 1992 ‚
1486 1919 1590 1981 claros

89 2015 167 2076 luris
189 2013 371 2076 Professoris
387 2019 420 2072 et
437 2013 546 2072 iterum
564 2025 633 2072 cum
652 2010 745 2070 Felini
761 2025 820 2084 ans
867 2017 947 2075 circa
968 2014 1027 2076 444.
1048 2011 1137 2077 4497.
1152 2031 1228 2093 opus
1251 2001 1416 2091 reliquitur
1432 2013 1591 2074 Vr'centim's

90 2105 294 2170 notationibus
315 2111 435 2166 tantum
457 2105 567 2166 Romae
599 2119 648 2164 4444.
665 2101 760 2166 ,4537
781 2102 810 2160 ln
869 2109 1037 2168 tumeliam
1056 2107 1092 2168 do
1113 2105 1336 2188 cognominibus
1369 2107 1500 2166 Deorum
1529 2109 1591 2184 egit

93 2201 135 2260 46.
157 2203 332 2276 iterumque
353 2214 423 2259 oum
447 2196 549 2257 Felino
571 2193 674 2256 itidem
697 2197 726 2254 in
742 2196 813 2255 Tra·
868 2201 942 2261 libro
957 2199 1038 2262 edito
1056 2202 1197 2263 Perusiae
1215 2201 1305 2262 4525.
1336 2206 1429 2279 atquo
1459 2203 1529 2260 item
1559 2199 1594 2259 de

88 2299 167 2355 statu
188 2295 388 2354 Tractatuum
410 2297 482 2350 lom·
505 2289 574 2350 Xlll
598 2305 626 2366 p-
649 2291 677 2349 l·
703 2288 835 2348 Venel-¹
867 2293 967 2356 sacres
987 2290 1218 2368 celebritatibus,
1235 2293 1344 2354 Habuit
1364 2309 1434 2354 eum
1465 2295 1591 2370 scripto·

90 2387 173 2449 rost.
197 2389 290 2448 Porro
321 2385 377 2445 boc
401 2399 477 2463 opus
499 2384 529 2442 in
553 2379 706 2442 nonnullis
734 2380 814 2441 cadi·
868 2403 932 2446 rem
957 2389 1042 2448 Laur.
1064 2388 1221 2465 Pignorius
1243 2393 1322 2446 teate
1343 2387 1450 2446 Vossio
1467 2403 1496 2464 p.
1522 2385 1594 2444 664.

89 2479 171 2541 cibas
192 2479 302 2540 loanni
325 2479 367 2538 De
389 2476 568 2554 Capistraoo
579 2493 595 2549 3,
609 2473 662 2534 aed
693 2473 815 2534 meudo-
909 2480 1057 2540 PETllUS
1073 2477 1108 2538 de
1123 2478 1225 2552 litora,
1242 2481 1488 2553 Beneventanus,
1505 2478 1543 2538 ab
1558 2477 1592 2537 4.

89 2575 124 2632 se·
140 2573 234 2634 tribui
257 2571 375 2633 notavit
395 2569 518 2632 Felinus
550 2567 579 2626 in
612 2581 668 2630 suo
695 2567 813 2628 Codice.
869 2571 956 2634 aaut.
975 2571 1158 2647 cardinalis,
1177 2572 1495 2650 scriptorllictianarii
1528 2572 1594 2629 sive
1649 2603 1655 2618 ·

90 2665 159 2726 Vide
194 2664 261 2726 Phil
296 2665 361 2726 Sao.
395 2661 580 2724 bambacher
615 2661 643 2720 in
677 2659 815 2720 Bibliotb.
862 2663 1028 2746 ¹Alptabeti
1054 2665 1135 2726 artis
1167 2663 1422 2736 sermocinandi,
1445 2667 1594 2726 Manuacr.

87 2758 311 2820 vindobonensi
332 2757 429 2818 civica
451 2763 463 2814 t
496 2756 512 2814 4
533 2771 563 2833 p.
585 2753 657 2816 467.
678 2753 727 2814 ubi
750 2753 814 2832 plu·
870 2761 899 2819 in
919 2761 1010 2821 variis
1027 2758 1228 2832 bibliothecis,
1246 2759 1319 2821 Vide
1346 2757 1499 2820 Oudinum
1521 2764 1596 2817 tom.

89 2867 117 2912 ra
137 2851 176 2913 de
200 2853 261 2917 lroo
284 2857 437 2926 tractatu,
459 2857 489 2912 et
511 2848 660 2911 chalmoti
692 2855 816 2908 annoto·
871 2854 938 2931 tp.
958 2854 1047 2914 4744.
1065 2869 1129 2932 seq.

88 2945 219 3008 uonbus
241 2951 354 3006 monet.
912 2944 1058 3007 PETRUS
1076 2943 1196 3010 Natalis
1214 2949 1279 3012 sive
1297 2952 1332 3008 de
1345 2943 1527 3020 Natalibus,
1547 2961 1599 3005 su-

123 3039 166 3100 4444
195 3039 280 3100 Petri
304 3036 342 3098 dc
363 3039 463 3098 blonta
485 3034 639 3097 invectiva
669 3032 818 3099 4444444444
873 3057 925 3120 pra
949 3037 979 3119 p·
1000 3040 1071 3100 282.
1095 3033 1097 3040 ’

88 3129 256 3194 rmaamm
277 3128 440 3209 quemdum
456 3129 613 3190 0444444444
643 3128 738 3190 viror·
761 3127 819 3187 De
914 3135 1059 3194 PETRUS
1071 3131 1286 3213 Neapolitanae
1298 3137 1363 3195 sive
1375 3137 1600 3211 Parthenopen·

87 3229 157 3285 star.
179 3239 306 3286 osorem
326 3230 469 3301 excerpta
487 3221 636 3300 quaedum
656 3221 740 3282 dedit
753 3215 819 3282 Em.
878 3229 921 3286 sis
942 3225 1324 3287 Ecclesiae‘Subdiaconus
1339 3229 1418 3286 circa
1445 3227 1501 3286 444.
1530 3226 1599 3284 890.

87 3313 743 3393 card.Quirinosinuramus-praetimeri
761 3313 821 3374 eol·
876 3319 999 3399 scripsit
1030 3318 1140 3378 librum
1169 3316 1204 3378 de
1235 3317 1395 3379 btiracrrlis
1425 3321 1454 3379 S.
1484 3314 1603 3396 Apnelli

88 3407 152 3472 leot.
174 3410 388 3490 Epistularum
413 3409 459 3469 Fr.
483 3409 602 3470 Barbari
624 3425 690 3486 pag.
714 3408 782 3469 486.
874 3407 1021 3478 abbatii,
1040 3410 1303 3488 Neapolitanorum
1321 3410 1441 3470 Patroni
1458 3411 1508 3486 qui
1542 3408 1598 3468 Aa.

122 3507 176 3566 llic
211 3511 266 3566 est
299 3505 364 3581 ipse
397 3503 503 3564 Petrus
535 3501 577 3562 dc
605 3503 706 3562 Monte
727 3517 818 3580 quem
876 3504 948 3565 590.
969 3503 1052 3564 obiit.
1074 3503 1120 3563 Ex
1135 3519 1173 3563 eo
1190 3497 1338 3582 quaedam
1368 3517 1459 3563 versu
1489 3503 1601 3579 scripta

93 3603 257 3678 tamquam
277 3595 315 3658 ab
336 3596 393 3657 boc
415 3603 518 3656 nostro
548 3595 688 3656 diversus
722 3593 822 3654 Fabri·
876 3597 973 3673 (Liber
991 3598 1054 3676 ipse
1072 3599 1253 3675 enimprosa
1271 3595 1601 3674 estoomposit.us)ex-

90 3695 153 3754 cius
174 3707 282 3772 supra
301 3703 368 3768 pag.
389 3689 429 3748 78
447 3688 509 3765 jam
531 3690 697 3762 attulerat,
719 3687 768 3750 ubi
790 3693 821 3746 et
876 3693 989 3769 carpsit
1010 3690 1164 3769 ediditque
1186 3689 1331 3769 ilghellus
1353 3697 1425 3750 tom.
1439 3689 1600 3749 Vl.ltaliao

89 3785 150 3847 libri
173 3785 214 3846 de
233 3780 418 3846 Moearcbio'
439 3783 598 3856 meminit,
617 3780 669 3842 aed
690 3787 822 3860 praeter-
877 3801 981 3845 sacrae
1003 3783 1120 3864 pagib.
1135 3783 1331 3860 (editnovae
1349 3801 1375 3862 p.
1393 3784 1451 3860 54.)
1474 3781 1548 3842 Vide
1570 3787 1604 3842 rt

88 3896 176 3956 qum
193 3893 297 3940 verus
311 3877 378 3938 libri
395 3875 503 3936 titulus
516 3874 595 3935 airus
606 3880 663 3950 est,
677 3876 824 3952 antiquis·
879 3886 952 3938 tom.
968 3879 1016 3938 lli.
1035 3895 1103 3957 pag.
1122 3877 1190 3937 878.

91 3973 199 4034 simam
226 3971 301 4032 eius
322 3967 484 4030 aditionem
507 3969 618 4028 omisit.
919 3971 1064 4033 PETRUS
1082 3969 1192 4049 Niger,
1210 3987 1301 4050 aupra
1320 3987 1384 4048 pag.
1402 3971 1472 4032 433.

125 4063 285 4126 Eiusdem
304 4062 384 4122 Petri
405 4061 444 4122 de
465 4063 565 4122 llantc
589 4068 638 4121 est
659 4061 734 4121 liber
754 4077 825 4120 cou-
919 4063 1059 4126 Coenobii
1079 4065 1110 4124 S.
1127 4064 1236 4126 Pb'illl
1258 4062 1289 4122 ia
1305 4062 1403 4141 Nipra
1417 4060 1605 4142 8444444444-

89 4163 131 4217 tra
154 4156 376 4238 improperantes
410 4151 497 4215 Sedis
523 4151 826 4232 Apostolr'caeauoto·
881 4160 978 4218 tiones
998 4157 1097 4218 editae.
1118 4161 1135 4219 4
1156 4160 1273 4219 loanne
1304 4158 1454 4219 Friderico
1487 4158 1602 4219 Soban-

92 4250 214 4310 ritotem
238 4245 287 4308 ad
307 4246 422 4308 Beatiss
452 4241 487 4306 P.
505 4251 535 4307 et
548 4243 722 4306 clementias.
739 4245 826 4324 preir-
880 4258 932 4311 nat
954 4253 983 4310 in
1005 4251 1181 4314 collectione
1198 4254 1293 4331 prima
1311 4252 1536 4313 Vindemiarum
1556 4251 1606 4310 lit·
1687 4247 1692 4258 '

91 4341 183 4421 eipem
208 4340 386 4420 Eugenium
409 4341 492 4402 Poat.
517 4342 564 4402 IV.
587 4341 715 4418 incipit:
734 4337 826 4416 trojo·
881 4345 1059 4404 torariarum
1072 4391 1081 4423 ,
1101 4343 1212 4406 liuidae
1233 4344 1320 4407 ⁴723.
1339 4345 1387 4405 tol.
1405 4363 1433 4423 p.
1461 4343 1602 4405 rto-tat.

91 4451 138 4497 res
157 4437 267 4498 nostri
300 4435 333 4494 B,
367 4433 402 4494 Ρ.
426 4437 572 4496 Servatur
603 4436 632 4493 in
666 4433 738 4495 cod.
766 4435 824 4496 lllS.
921 4435 1267 4518 PETRUStNonpeato
1280 4439 1470 4512 Narmannus
1490 4435 1604 4506 Gallus,

92 4530 156 4591 aot.
190 4530 278 4592 ltibl.
307 4527 400 4588 belini
433 4525 522 4588 Petri
550 4525 586 4588 de
608 4527 703 4588 Monte
727 4527 824 4588 oratio
881 4530 1147 4610 TheologusParis
1173 4533 1251 4593 circa
1281 4531 1337 4592 An.
1362 4531 1449 4591 4404.
1476 4527 1604 4603 Scripsit

93 4622 160 4683 duno
188 4621 352 4684 existeret
376 4619 620 4699 protonotarius,
659 4624 689 4680 et
715 4621 827 4681 Orator
881 4621 1602 4702 inltagistramSententiarumScholastioaQuo·

96 4717 225 4798 Errpmsii
250 4716 271 4776 l
276 4716 306 4774 V.
327 4717 505 4796 opitepem
535 4711 667 4792 Aeoliae.
697 4716 730 4774 ln
752 4716 826 4776 bibl.
882 4717 1006 4778 dlibeta.
1032 4719 1233 4789 Quaestiones
1255 4715 1430 4776 ordinarias
1457 4713 1541 4773 libris
1568 4712 1602 4771 ll.

96 4813 241 4873 vaticam
267 4809 446 4870 bloataucon
466 4807 541 4868 liibl.
563 4806 644 4868 MSS.
667 4825 697 4886 p.
717 4809 765 4867 88.
792 4809 824 4871 la
882 4811 1062 4870 Sermonum
1098 4810 1188 4870 libros
1217 4812 1264 4871 lll.
1290 4807 1362 4868 Vide
1387 4808 1604 4880 Passerinum,

95 4907 292 4966 collectione
323 4901 481 4980 Epistulae.
516 4901 665 4962 Francieci
687 4900 828 4974 Barbari,
887 4903 1037 4982 Alogrium
1058 4921 1122 4981 pag.
1137 4905 1203 4964 325.
