3542 5424
680 167 942 272 4444444444.
1520 217 1562 280 73

92 311 206 388 44444444,
217 307 387 388 triumphos
405 307 524 386 aliaque
538 313 696 388 poematia.
708 312 781 373 Vide
839 317 913 378 vide
927 319 1035 376 iterum
1055 319 1116 376 iae.
1130 311 1303 378 ueternum
1318 323 1338 376 t.
1359 322 1385 379 l.
1404 337 1432 397 p.
1445 323 1504 382 596
1518 341 1563 400 sq.

91 409 122 470 44.
151 406 262 483 Philippi
298 403 510 482 Bergomensis
546 403 715 466 Claranicon
751 409 780 466 in
878 407 1565 488 4448548444444444,44444,444’444444444-
1603 403 1607 414 ’

91 508 195 562 extremo
210 500 275 560 libri
291 496 419 566 decimi,
434 497 584 556 Donatum
604 499 731 560 Calvum
750 503 777 559 in
833 502 947 580 pensis.

90 612 156 658 44444
171 595 307 654 4444444444
319 594 500 669 scriptorum
516 593 776 672 Bergomensium,
874 593 1044 656 MlCMllEL
1076 592 1241 655 Herbrood
1266 596 1302 656 de
1328 599 1452 667 Daren,
1483 603 1564 662 Prior

89 695 111 748 et
122 689 234 748 lilerium
253 686 440 748 eruditarum
468 685 570 746 ltaliae
593 693 665 746 tom.
695 689 776 754 lilii.
832 685 1277 761 carmelitarum,Conventus
1295 691 1564 754 Crucennaeensis

88 797 135 860 pag.
151 781 208 839 446.
231 795 295 857 seq.
831 781 1003 842 dioeceseas
1021 784 1214 858 llognntinae
1232 798 1310 842 cuca
1334 784 1391 844 An.
1416 786 1504 846 4449.
1526 786 1563 846 de

116 871 268 955 4448444444.
290 869 326 932 de
343 869 523 945 84444444,
542 872 608 931 sive
627 872 775 951 Cerauno,
831 890 891 950 quo
909 874 1097 934 Tritbemius
1119 873 1157 933 de
1180 875 1209 934 S.
1235 877 1270 936 E.
1291 892 1356 954 cap.
1381 877 1449 939 743.
1472 885 1504 938 et
1524 879 1562 939 de

85 965 285 1027 Mediolanensis
302 963 373 1025 Ord.
392 966 496 1025 Minor.
514 964 592 1024 circa
610 961 667 1025 An.
687 967 775 1026 44844.
832 966 1034 1026 luminaribus
1061 968 1240 1028 Germaniae
1262 986 1328 1047 cap.
1351 972 1418 1031 449.
1443 972 1562 1049 Scripta

85 1060 141 1137 iijus
156 1055 416 1136 Quadrupesimoia
433 1074 590 1118 sermones
608 1061 658 1118 xl.
678 1058 708 1116 iu
720 1059 775 1118 De·
825 1060 891 1118 eius
904 1105 910 1134 ‚
924 1067 1047 1135 praeter
1069 1061 1228 1120 Sermones
1247 1061 1283 1120 dn
1310 1071 1449 1140 tempore
1473 1073 1503 1122 et
1524 1063 1562 1124 de

83 1151 190 1230 44444444
205 1151 342 1230 prodiere
357 1152 461 1211 Manet.
492 1149 581 1214 4492.
599 1149 775 1232 Quadrupe-
829 1151 967 1224 Sanctis,
985 1152 1201 1214 Commentario·
1217 1152 1248 1212 44
1263 1151 1355 1215 libros
1381 1153 1559 1230 8444444444

83 1243 163 1306 444444
177 1244 209 1306 de
221 1243 405 1324 poenitentia
418 1249 450 1303 et
467 1241 535 1322 ejus
552 1244 698 1322 partibus.
716 1247 774 1304 lle·
827 1244 1006 1306 Aristotelis.
1036 1246 1220 1306 Collationas
1247 1247 1417 1324 synodales
1447 1250 1559 1310 multas

84 1347 129 1398 net.
145 1337 374 1414 li87.Qantuar
386 1335 558 1418 novissimo,
573 1339 772 1401 4141444494.
827 1336 912 1396 addit
930 1337 1072 1416 Alegrius
1092 1355 1158 1418 pag.
1176 1340 1243 1400 33l.

82 1429 354 1492 Meoommendotione
364 1429 512 1490 virtutum
523 1435 553 1490 44
562 1427 772 1512 reprobatione
868 1431 1041 1491 MlCllAEL
1059 1430 1094 1492 444
1109 1429 1271 1492 4444444444
1291 1450 1349 1492 444
1371 1442 1462 1495 notus
1485 1435 1556 1494 mihi

80 1523 214 1599 4444444444,
231 1523 390 1585 Mediolani
410 1524 497 1584 4495.
531 1521 771 1603 confessionnis,
832 1523 889 1581 nisi
907 1541 924 1583 e
942 1526 1073 1602 CangM,
1091 1527 1143 1602 qui
1162 1525 1228 1602 ejus
1251 1529 1397 1604 seriptum
1421 1525 1457 1586 de
1475 1524 1559 1585 modo

80 1617 163 1676 lanei.
179 1618 267 1680 4543.
286 1618 316 1676 8.
340 1617 381 1676 De
399 1623 522 1694 peccato
540 1619 569 1675 in
592 1633 710 1695 genere.
729 1618 772 1676 De
827 1615 1016 1696 siquificoada'
1031 1618 1147 1677 evolvit
1161 1620 1189 1676 ia
1206 1618 1280 1678 Bibi.
1292 1620 1558 1698 Sangermanensi,

79 1709 155 1771 tribus
167 1709 333 1790 praecipuis
351 1711 503 1787 peccatis,
525 1709 685 1786 superbia,
703 1727 773 1772 ava·
828 1709 937 1769 Codice
953 1711 1020 1771 530.
1042 1711 1119 1770 inira
1135 1709 1221 1772 Micb
1249 1709 1286 1770 444
1303 1709 1462 1772 Morbosio.
1603 1705 1606 1710 “

80 1804 146 1879 ntia,
164 1804 290 1866 luxuria.
309 1805 351 1863 lle
373 1811 502 1880 quatuor
524 1802 648 1880 reliquis
669 1821 774 1882 pecca·
863 1803 1037 1862 MlCllllEL
1052 1849 1059 1875 ,
1072 1801 1144 1863 Ord.
1159 1805 1261 1862 Minor.
1275 1804 1441 1883 inquisitor
1454 1806 1560 1866 haera-

78 1897 106 1954 tis
118 1898 285 1975 capitalibus
304 1896 436 1971 invidia,
459 1898 501 1956 ira
512 1942 522 1972 ,
544 1895 666 1971 acedia,
684 1897 772 1974 gula,
830 1895 906 1954 ticae
927 1897 1089 1973 pravitatis
1117 1897 1146 1954 in
1176 1895 1366 1965 Arelatensi,
1401 1899 1557 1975 Aquensi,
1576 1914 1579 1924 ⁴

78 1994 197 2050 olearum
211 1989 348 2050 filiabus:
368 2005 420 2066 per
436 1986 613 2049 Adventum
637 1995 667 2048 nt
694 1989 773 2060 Qua-
827 1987 1039 2048 Ebredunensi
1062 1994 1093 2047 et
1113 1989 1276 2048 Viennensi
1295 1993 1458 2067 provinciis
1476 2039 1485 2066 ,
1505 2007 1559 2050 cu·

77 2077 252 2158 dragesimam
277 2082 382 2142 Venet.
399 2081 486 2142 4476.
506 2082 532 2142 l.
552 2083 594 2142 ile
608 2081 665 2159 fide
684 2080 772 2144 Clari·
825 2080 877 2157 jus
895 2082 1086 2145 Sententiam
1114 2090 1218 2142 contra
1246 2090 1377 2160 quatuor
1402 2087 1558 2144 M'inorttas

76 2172 153 2232 444444
168 2173 240 2236 liber
256 2176 348 2236 Basil.
372 2174 459 2235 4479.
478 2174 551 2236 Vide
573 2175 770 2236 Tritbemium
827 2174 1003 2236 combustos
1022 2178 1050 2234 in
1069 2177 1197 2238 Massilia
1218 2177 1274 2235 An.
1292 2177 1370 2238 4348
1387 2177 1481 2238 edidit
1499 2181 1555 2240 84-

74 2281 121 2343 cap.
139 2268 202 2330 865.
227 2268 432 2347 Waddingum
451 2286 517 2347 pag.
540 2269 600 2329 259
632 2270 665 2328 ll.
684 2267 771 2330 ll'ar·
828 2265 927 2327 luzius
945 2274 1017 2327 tom.
1034 2270 1061 2328 4.
1076 2270 1158 2328 44444.
1176 2285 1243 2346 pag.
1266 2271 1332 2330 498.
1351 2276 1382 2329 44
1399 2271 1467 2331 978.
1487 2289 1552 2350 seq.

74 2358 175 2422 ibonum
189 2364 227 2426 ad
250 2367 404 2426 Caveum:
427 2371 459 2424 ot
479 2367 513 2422 Β.
534 2367 568 2424 Β.
591 2365 703 2424 44444444
723 2367 769 2423 in·
827 2359 962 2436 Epistola
974 2363 1099 2422 ioannis
1112 2364 1206 2422 XXll.
1219 2362 1256 2422 ad
1274 2363 1355 2423 hunc
1367 2364 1553 2442 Michaelem,

73 2449 149 2514 dicen
169 2459 443 2534 Manascriptorum
466 2456 538 2516 Bibl.
574 2456 770 2534 Augustanos
829 2449 898 2512 ibid.
919 2471 985 2532 pag.
1006 2456 1074 2515 495.
1612 2519 1617 2529 ,

74 2560 124 2621 pag.
142 2549 185 2606 99.
209 2551 279 2610 494.
426 2543 437 2553 ’“
868 2546 1036 2608 MlCllilEL
1071 2547 1264 2623 4444444444,
1297 2551 1468 2610 Canonicns
1495 2569 1553 2611 nan

100 2639 265 2702 lilCHAEL
287 2639 324 2702 de
341 2643 457 2715 Daren,
480 2641 576 2715 inira,
597 2641 770 2702 MlCllllEL
827 2641 992 2701 Patavinus
1008 2641 1037 2698 in
1057 2640 1161 2715 ltalia,
1180 2640 1232 2700 sed
1260 2643 1469 2721 Pataviensis,
1488 2645 1554 2704 sive

72 2727 220 2794 ilerbrond.
455 2787 459 2796 ,
832 2735 1041 2792 Passaviensis
1057 2737 1085 2791 in
1100 2735 1225 2794 Bouaria
1239 2777 1246 2807 ,
1259 2733 1437 2812 Tbeolagiae
1453 2743 1484 2796 el
1501 2741 1553 2798 iu·

100 2826 266 2890 MlCllAEL
286 2826 471 2888 Francisous
484 2872 491 2904 ,
506 2827 679 2901 insulensis¹
691 2830 778 2889 41444-
832 2827 873 2884 444
891 2825 1032 2886 Canoniei
1048 2827 1156 2885 Doctor
1173 2827 1252 2886 circa
1270 2824 1327 2887 An.
1347 2829 1435 2888 44944.
1459 2831 1553 2891 Ηυ444

71 2914 111 2978 der
129 2921 195 2982 Ord.
218 2920 325 2982 Praed.
349 2921 473 2998 Philippi
504 2921 644 2980 nustriae
671 2920 775 2982 alrebi-
829 2924 876 2978 est
899 2917 1076 2978 Purooiuiaio
1092 2919 1290 2990 curatorum,
1310 2928 1377 2996 pest
1402 2921 1551 2984 editiones

69 3009 137 3074 ducis
151 3019 167 3076 4
183 3016 456 3090 confessionibus,
474 3014 550 3076 obiit
568 3015 597 3073 in
620 3017 716 3074 Patria
738 3015 772 3074 A.
829 3013 909 3088 Lips.
932 3012 1020 3071 4497.
1046 3013 1271 3088 llaganoensem
1298 3011 1384 3072 4498.
1409 3023 1440 3073 44
1458 3017 1551 3082 Paris.

72 3106 142 3168 4544.
159 3109 195 3170 de
212 3128 275 3189 quo
293 3110 426 3177 lacobus
444 3107 604 3169 Ecbardus
622 3116 643 3168 t.
659 3109 685 3168 2.
705 3125 733 3185 p.
745 3106 773 3167 7.
830 3104 917 3166 4543.
932 3107 1113 3166 recensitum
1133 3105 1315 3165 laGuilelmo
1329 3108 1456 3183 Mesene,
1473 3110 1553 3169 Ana·

69 3211 117 3275 tto·
135 3205 257 3281 scripsit
280 3201 495 3274 Quodlibetum
513 3199 548 3260 de
568 3204 695 3262 44444444
707 3199 775 3280 [444-
828 3199 1010 3274 tripolitano,
1029 3199 1118 3258 Basil.
1140 3199 1226 3260 4544.
1247 3198 1275 3258 4.
1293 3198 1425 3259 divisum
1445 3202 1473 3260 in
1490 3205 1552 3263 444-

70 3292 195 3356 temiiotis
212 3295 343 3360 Rosorii
356 3312 410 3354 seu
429 3294 564 3354 Psalterii
586 3295 617 3352 R.
635 3295 773 3370 Virginis,
829 3290 1073 3370 clatusdecem:
1092 3293 1120 3363 4)
1142 3291 1180 3350 da
1203 3293 1267 3351 iure
1294 3293 1454 3369 parochiali
1478 3295 1552 3372 quid

68 3382 149 3447 dolon.
170 3389 262 3449 4476.
287 3389 317 3448 i.
343 3404 378 3448 ae
406 3386 516 3448 deinde
538 3389 671 3463 saepius.
692 3389 774 3446 licei·
829 3385 918 3442 44444
937 3384 965 3444 in
984 3383 1266 3461 quibnseonsistat.
1284 3385 1367 3460 24444
1385 3386 1553 3446 decimis'et

69 3477 160 3540 sunem
178 3482 426 3554 Quodlibeticam
449 3496 540 3559 super
557 3486 668 3558 septem
690 3482 776 3560 priu-
830 3477 969 3553 primitiis
997 3477 1024 3550 34
1040 3475 1077 3534 de
1092 3475 1292 3537 oblationibus
1309 3477 1553 3555 ildepoenitan-

70 3569 196 3648 tipalibou
213 3577 249 3636 B.
282 3573 412 3652 Virpiuis
440 3571 595 3634 doloribus
627 3591 686 3634 una
706 3589 774 3633 cum
830 3572 880 3629 tiis
898 3567 1126 3647 recipiendisiil
1138 3568 1175 3627 de
1189 3570 1287 3628 Missis
1301 3569 1459 3630 audiendis
1474 3570 1501 3648 6)
1514 3571 1551 3632 da

74 3660 155 3742 044444
169 3667 205 3726 de
226 3666 434 3748 compassione
459 3667 490 3726 8.
519 3661 645 3728 Mariae.
672 3665 775 3726 Antw.
830 3663 996 3739 sepulturis
1013 3669 1045 3720 at
1058 3661 1200 3721 remediis
1214 3663 1395 3722 animarum.
1406 3663 1433 3737 74
1449 3663 1486 3723 de
1498 3665 1553 3726 Ca-

23 3829 25 3840 .
67 3753 133 3817 4494.
153 3765 179 3822 i.
197 3753 492 3821 Determinationem
515 3757 550 3818 de
578 3762 707 3836 tempore
723 3756 776 3817 ad·
831 3756 937 3815 nonica
956 3757 1100 3833 portione.
1120 3755 1147 3830 8)
1161 3754 1198 3814 de
1216 3754 1422 3816 benedictione
1438 3757 1554 3836 nuben-

72 3854 157 3912 ttoius
185 3851 391 3926 antichristi,
421 3853 547 3929 eiusque
577 3853 714 3929 ingressu
744 3853 774 3909 in
830 3852 916 3909 tium.
940 3848 1202 3925 94444441444444
1228 3849 1492 3910 sacramentorum
1521 3858 1552 3911 et

68 3937 211 4024 Mundum,
253 3963 420 4028 progressu
443 3953 475 4004 et
495 3961 641 4022 egressu,
676 3949 706 4003 et
738 3942 776 4004 de
832 3943 878 4015 to)
906 3941 943 4001 de
972 3940 1139 4001 redditibus
1160 3941 1411 4019 qualitercunque
1439 3943 1552 4003 Curato

23 4041 25 4110 ζ
69 4039 232 4102 multatibus
256 4057 337 4121 quaa
356 4039 418 4116 iam
444 4039 483 4098 de
505 4054 540 4097 an
562 4044 700 4097 currunt.
720 4037 773 4098 Co·
829 4035 1086 4113 provenientibus.
1110 4035 1269 4095 Sermones
1291 4032 1552 4096 deserebamus

69 4121 113 4185 lto.
125 4131 209 4194 4478.
232 4135 262 4194 4.
284 4134 326 4195 De
342 4128 490 4192 abusibus
502 4127 679 4190 aulicorum.
694 4131 776 4204 Quo-
829 4128 1047 4205 promtuarium
1077 4143 1252 4188 sermonum
1271 4129 1299 4186 in
1330 4129 1493 4206 Evangelia
1511 4131 1553 4190 ie-

67 4213 248 4298 dtoqesimoie
261 4233 294 4285 at
306 4221 541 4285 Adventuolede
553 4229 617 4282 arte
629 4221 772 4282 moriendi
828 4220 947 4280 stivalia
966 4221 1059 4280 totius
1077 4221 1169 4293 anni,
1189 4237 1244 4280 nec
1266 4235 1324 4279 non
1355 4223 1383 4280 in
1402 4223 1553 4284 Ecclesia·

68 4315 128 4384 qood
147 4317 261 4380 Mortis
275 4316 433 4380 cellarium
452 4324 653 4393 nuncupatur.
670 4315 775 4375 44444-
828 4331 894 4373 rum
910 4311 1114 4372 dedicationes
1126 4318 1156 4372 et
1169 4315 1281 4390 primae
1295 4315 1402 4374 Missae
1420 4315 1552 4376 celebra·

71 4401 217 4480 tiplomm:
238 4414 332 4474 Salve
350 4413 471 4488 Regina.
828 4409 961 4477 tionem,
977 4407 1135 4484 llaganoae
1153 4404 1241 4464 4497.
1261 4407 1349 4466 titt.
1371 4409 1448 4468 4542
1472 4410 1550 4468 4546

95 4501 256 4567 4143444444.
280 4505 317 4565 de
348 4506 451 4566 Furuo
484 4501 650 4562 insulensis
681 4504 772 4562 otiam
829 4501 855 4559 4.
874 4516 943 4559 eum
962 4498 1154 4558 sermonibus
1176 4499 1257 4559 Pauli
1276 4498 1313 4560 de
1342 4500 1447 4562 Waan.
1476 4501 1549 4561 Vide

69 4590 115 4664 lite
128 4607 156 4655 et
171 4600 245 4661 Ord.
275 4598 381 4660 Praed.
410 4599 551 4674 Magister
567 4597 595 4654 in
614 4596 772 4672 ibeologia
827 4594 989 4654 liebertum
1008 4593 1119 4652 Geram
1143 4591 1179 4651 ad
1209 4593 1364 4668 Caveum,
1389 4603 1420 4652 et
1440 4594 1548 4652 Tobiae

68 4681 139 4748 Poris
158 4697 238 4756 eirca
263 4693 424 4756 4444340.
445 4691 571 4768 Scripsit
586 4689 617 4748 ia
635 4689 770 4763 Cairtr'ea,
827 4685 954 4747 Eelardi
974 4685 1109 4744 notitiam
1128 4687 1356 4764 Mannscriptor.
1375 4686 1449 4746 bibl.
1470 4686 1549 4756 Que-

69 4770 214 4862 fiduciam,
239 4785 444 4859 Meliboeam,
467 4787 598 4855 Lucum,
625 4783 770 4843 Joonrtem
827 4781 1065 4858 dlimburgensis
1084 4796 1148 4856 pag.
1165 4780 1214 4838 54.

23 4753 24 4800 4

69 4875 91 4926 tl
112 4873 287 4942 Collationcs
308 4881 373 4940 sive
394 4881 550 4940 Sermones
579 4873 614 4933 de
641 4875 770 4938 Soractis.
866 4869 1548 4949 MlCllAELillaupain,oognomsntoiiopisier

23 4987 24 4992 ’
1253 4991 1307 5052 tot
