3654 5408
695 160 976 243 nauraros
1469 193 1576 254 333

95 283 234 351 sermone
266 284 303 346 de
334 285 394 346 31333
424 283 606 363 Sardiniam
629 285 665 348 de
686 286 814 348 31333313
872 287 991 363 mensi,
1014 286 1086 348 obiit
1116 307 1143 350 3.
1176 289 1244 348 888.
1266 290 1308 350 83
1330 289 1395 352 Vita
1417 291 1484 372 ejus
1506 297 1590 376 plura

94 377 311 446 stratsele
343 377 542 459 Archangeli:
557 379 680 461 ,39333333Ι
703 388 814 462 septem
869 380 984 442 donent
1005 381 1173 460 Scriptores
1194 399 1296 445 rerum
1319 377 1590 466 hamburgensium

6 513 9 526 ·
94 473 199 538 1333333
216 472 385 554 3389131333
407 475 526 535 Sancto.
546 477 635 537 Prusa
654 493 725 536 vero
743 479 815 536 sori
869 482 901 534 et
922 477 1156 550 bremensium,
1178 477 1252 538 Acta
1275 476 1451 540 Sanctorum
1485 488 1556 544 tom.
1579 483 1590 543 l

92 571 150 648 psit
174 567 210 628 de
221 565 314 646 933133
328 563 479 630 30033333
494 566 671 648 etsratrum
686 571 718 630 8.
738 569 815 628 Lau·
869 567 968 629 8333..
979 584 1006 646 9.
1029 569 1099 630 303.
1121 576 1153 630 et
1174 569 1364 630 llabillooius
1385 587 1446 632 seo.
1469 575 1516 634 lV.
1538 579 1593 636 Be-

91 661 666 742 333331331833333333933393333333333
693 663 813 724 133333-
870 661 938 722 333.
962 670 1037 740 9333.
1055 662 1083 723 8.
1106 680 1134 740 p.
1160 662 1227 723 tii.
1250 664 1324 723 3133.
1348 664 1481 727 113333133
1503 667 1540 728 de
1564 669 1591 730 la

91 753 304 836 lpmitoaoram
323 751 412 814 libris
433 755 509 830 lllV.
868 755 983 817 Franco
1005 762 1031 815 3.
1049 756 1073 815 8
1096 772 1123 833 p.
1147 756 1215 816 031.
1238 755 1375 834 Scripsit.

129 846 215 908 Adde
237 847 300 908 Vel.
324 847 462 908 Andreae
482 847 555 908 Bibl.
574 823 723 927 Belgicam
746 866 813 928 pag.
910 852 937 911 1.
963 849 1058 910 Vitam
1078 848 1460 929 S.Ansohorii,·primum
1480 855 1592 916 33113-

89 941 158 1002 789.
180 940 249 1000 780.
271 948 302 1000 at
324 942 489 1002 Swertium
512 958 578 1020 pag
600 943 668 1003 058
701 945 752 1019 qui
774 960 812 1002 ex
867 941 934 1004 dice
955 943 1175 1022 hamburgensi
1199 944 1499 1021 mutiloorcusama
1518 947 1592 1008 Phil.

89 1051 151 1096 uno
170 1034 247 1095 duos
271 1034 405 1106 iaciunt,
428 1049 548 1110 noum,
571 1037 621 1112 qui
645 1034 812 1096 Historiam
868 1036 1592 1116 113333331383139333313338393333313313113-

90 1126 299 1203 leodiensem,
322 1126 451 1187 alterum
469 1128 521 1205 qui
544 1127 640 1189 Vitam
662 1126 815 1191 Wolbode
867 1129 1069 1192 1331331618.
1089 1137 1193 1210 postea
1211 1148 1283 1192 3333
1297 1147 1315 1192 3
1330 1131 1439 1193 Codice
1466 1136 1590 1212 antiquo

88 1217 709 1300 3133331933313.833133333133333333333
726 1225 813 1283 l‘ree-
867 1222 1065 1296 Corbeiensi,
1094 1225 1146 1301 qui
1179 1240 1261 1284 nunc
1296 1227 1326 1284 in
1349 1229 1533 1286 monasterio
1561 1226 1592 1286 S.

89 1316 159 1375 13313
182 1313 260 1374 Pezii
281 1311 321 1373 ed
341 1315 457 1392 tomum
477 1313 524 1373 lV.
541 1315 688 1379 Thesauri
711 1317 813 1376 novis·
866 1317 1010 1383 Germani
1033 1318 1187 1377 Proteosis
1208 1317 1358 1392 habetur,
1380 1319 1502 1398 plenius
1529 1320 1593 1381 edi-

87 1410 166 1482 simi,
181 1422 243 1485 qua
257 1413 360 1466 tamen
379 1407 421 1466 uti
439 1421 497 1466 non
515 1409 607 1486 potui,
622 1410 692 1487 quia
710 1427 812 1470 exem·
867 1415 929 1480 tam
965 1425 981 1470 a
1019 1413 1106 1470 Petro
1140 1411 1296 1472 hambecio
1327 1427 1397 1473 cum
1419 1413 1591 1493 Originibus
1624 1419 1628 1424 '

88 1501 192 1580 plum,
216 1517 277 1578 quo
310 1499 437 1574 utebar,
469 1501 518 1562 illa
551 1501 690 1570 carebat,
714 1519 813 1581 neque
870 1502 1151 1581 llamborgensihus
1165 1504 1444 1582 3.1051.83933133
1460 1513 1507 1565 333
1525 1513 1592 1585 post

87 1593 169 1656 aliud
194 1594 231 1655 ad
254 1610 365 1654 manus
386 1601 461 1656 orat.
869 1594 944 1656 haec
966 1604 998 1656 et
1019 1613 1090 1658 cum
1112 1597 1179 1658 aliis
1196 1597 1421 1674 exemplaribus
1438 1599 1544 1660 coliata
1563 1603 1591 1660 iu

125 1687 592 1767 88133888803333333333313333
607 1733 614 1760 ,
632 1689 812 1764 Germanus,
869 1687 956 1748 Actis
981 1690 1159 1750 Sanctorum
1183 1695 1256 1748 torn.
1273 1691 1282 1749 l
1302 1687 1387 1749 Febr.
1406 1708 1433 1768 p.
1453 1692 1592 1753 Bitoco

87 1781 191 1843 Abbas
206 1780 276 1841 Ord.
294 1783 325 1844 8.
345 1782 517 1858 Benedicti,
541 1786 683 1862 exposuit
701 1784 810 1845 librum
873 1798 932 1840 non
959 1784 986 1841 in
1009 1781 1167 1844 llabillonii
1190 1797 1250 1842 sec.
1274 1782 1321 1841 lll.
1344 1789 1420 1860 part.
1444 1787 1469 1844 1.
1493 1801 1519 1862 9.
1541 1784 1590 1845 75.

88 1875 165 1949 133,
185 1873 367 1952 8331333133]
386 1874 528 1950 Davidis,
546 1877 669 1937 Esaiam
690 1882 721 1936 et
739 1879 826 1938 liza·v
909 1877 936 1936 8.
960 1873 1128 1955 Epistulam
1147 1875 1183 1934 de
1198 1873 1431 1954 Cynocephalas,
1451 1893 1528 1953 quae
1547 1879 1593 1936 io·

87 1967 217 2029 33131333
240 1967 420 2046 prophetas,
443 1969 524 2029 Pauli
542 1968 676 2047 Apostoli
694 1971 814 2049 Episto-
876 1967 1007 2042 tercidit,
1030 1969 1079 2028 vel
1095 1975 1177 2030 certe
1193 1965 1260 2029 huo'
1273 1983 1370 2046 usque
1387 1965 1526 2030 nandum·
1538 1966 1594 2048 pu-

87 2059 133 2122 133
155 2075 270 2120 omnes.
294 2059 423 2120 Vivebat
443 2077 471 2120 3.
496 2061 814 2124 1093113333381-
871 2061 939 2123 hlici
961 2063 1039 2140 juris
1073 2062 1150 2124 iacta
1176 2068 1234 2122 est.
1261 2063 1380 2122 Scimus
1401 2068 1502 2123 sutem
1525 2079 1591 2123 earn

88 2153 263 2231 sengreioio
285 2155 569 2215 Possevinus‘tom.
593 2157 617 2216 ll
639 2157 815 2236 Apparatus
870 2158 1015 2235 scriptam
1049 2173 1085 2216 ex
1119 2157 1315 2234 responsione
1345 2155 1520 2228 Batramni,
1554 2157 1593 2217 da

88 2261 156 2326 pag.
174 2245 244 2308 319.
809 2271 812 2278 ⁴
870 2249 1591 2328 333339333333.19883333338333333331

129 2337 375 2400 8813333888
395 2339 431 2400 de
449 2340 659 2418 Frontinum,
675 2341 723 2403 alii
742 2343 815 2403 scri·
872 2348 951 2402 suni
968 2342 1051 2402 haec.
1074 2341 1199 2417 83333333
1231 2339 1396 2420 scripsistis
1423 2339 1508 2401 333033
1537 2360 1592 2416 33,

60 2479 62 2482 -
88 2432 167 2494 3333
180 2431 357 2494 Bernartius
371 2431 407 2494 de
423 2434 629 2510 8333333333,
648 2436 814 2497 monachus
870 2451 948 2516 qnae
966 2435 1002 2495 de
1019 2433 1431 2515 Cynocephotorumnaturo
1453 2423 1593 2515 poteritis

88 2523 162 2588 Ord.
189 2526 430 2592 i'raedicatomm
454 2530 482 2588 in
506 2537 659 2590 conventu
694 2529 816 2590 (13333-
870 2543 1053 2607 repressere.
1083 2529 1256 2589 Bimbertus
1287 2535 1410 2602 autem,
1432 2545 1502 2588 cum
1525 2544 1592 2589 eam

89 2622 627 2702 333133,313333.11310.83319313
657 2625 818 2684 Sermones
872 2622 1038 2696 scriberet,
1060 2629 1179 2684 tantum
1202 2620 1364 2700 PresByter
1386 2622 1451 2682 iuit.

91 2710 127 2772 de
143 2719 276 2795 tempore
291 2715 464 2777 3383333133.
486 2716 718 2778 Trithemiusc.
747 2715 813 2777 715.
913 2719 942 2777 3.
959 2716 999 2776 83
1016 2714 1192 2795 Virginitote
1214 2715 1262 2776 113.
1282 2717 1310 2776 1.
1325 2722 1357 2776 33
1371 2713 1523 2794 Epistulas
1539 2731 1594 2776 aa·

92 2811 153 2872 lae.
177 2809 283 2880 Quotii
300 2808 339 2870 da
360 2809 564 2888 ScriptoriBus
596 2810 668 2870 Ord.
695 2809 819 2870 ,Praedi-
873 2809 940 2878 rios
962 2817 1109 2870 memorat
1129 2809 1182 2871 Vei
1205 2807 1342 2870 Andreas
1371 2810 1448 2869 Bibl.
1474 2811 1593 2889 Belgica

93 2909 233 2964 carorum
254 2904 358 2963 tomi
381 2921 411 2982 p.
432 2902 501 2965 758.
526 2903 816 2982 3133333339158.
873 2920 938 2982 pag.
960 2903 1029 2964 798.
1061 2919 1118 2963 noc
1152 2919 1211 2962 oon
1234 2903 1436 2964 Swertiusio
1467 2904 1596 2964 Athenis

94 2993 168 3056 Vide
193 3003 331 3056 nostrum
354 3011 446 3075 supra
467 3004 539 3058 tam.
562 2999 585 3059 i.
606 3015 634 3076 9.
657 2999 743 3078 813.Ι
874 2996 1003 3074 Belgicis
1024 3012 1044 3073 p
1070 2995 1139 3057 656.

133 3088 820 3169 88133388883138333333133339,033333-
913 3089 1123 3165 88388188,
1141 3089 1323 3168 quibusdam
1338 3081 1509 3169 Remigius,
1529 3093 1597 3169 Epi·
1621 3089 1627 3100 '

94 3199 172 3256 nus,
196 3181 271 3245 ord
291 3183 321 3244 S.
339 3183 518 3262 Augustini,
538 3185 641 3245 Theoi.
660 3186 770 3245 833333
787 3189 818 3242 33
874 3193 986 3260 scopos
1007 3183 1168 3254 Curiansis
1189 3184 1218 3242 in
1241 3183 1387 3252 Chastia,
1409 3184 1597 3261 temporibus
1630 3231 1634 3240 .

95 3268 313 3349 Concionator,
335 3279 413 3340 circa
435 3296 463 3338 3.
484 3279 573 3340 1500.
596 3277 727 3356 Scripsit
748 3278 819 3338 Ser·
872 3275 969 3336 Caroli
989 3277 1030 3336 hl.
1051 3278 1161 3353 quippe
1178 3277 1268 3352 cujus
1282 3277 1370 3352 jussu
1388 3277 1522 3350 conones
1541 3275 1597 3334 83-

95 3387 196 3432 mones
210 3369 248 3430 de
263 3370 407 3432 Passione
426 3371 544 3432 83333133·
557 3371 766 3432 accomodatas
779 3369 824 3430 od
875 3367 1058 3430 alesiasticos
1078 3385 1116 3428 es
1141 3367 1315 3429 Pontificum
1334 3369 1476 3447 893333113
1493 3385 1597 3429 arcer

93 3460 225 3540 formam
248 3463 535 3545 Oreodrapesimaiis.
562 3466 694 3526 Norimb.
729 3467 801 3527 1501
875 3464 944 3541 9313.
963 3460 1246 3524 831313831033333
1263 3479 1363 3523 rerum
1387 3463 1597 3522 Alamannicu-

96 3557 222 3620 3133.
245 3559 338 3620 Elsaii
360 3561 602 3621 Eooamiasticon
625 3559 821 3639 Augustioia-
876 3571 943 3616 rum
965 3563 987 3614 3.
1004 3555 1023 3615 8
1041 3563 1126 3634 93333
1145 3559 1172 3616 1.
1191 3555 1306 3634 9181.

97 3667 169 3712 nuru
187 3668 215 3729 p.
234 3651 487 3714 6003833331133
504 3652 542 3712 de
560 3653 701 3714 docentis
715 3653 821 3731 Augu·
914 3647 1093 3710 8838388
1111 3648 1279 3710 Chronicou
1296 3648 1389 3708 breve
1406 3647 1521 3710 editum
1547 3654 1596 3708 est

94 3745 238 3804 atinianis
260 3741 465 3824 Scriptoribus
487 3765 515 3825 9.
537 3745 606 3806 308.
878 3741 907 3800 ln
930 3740 1041 3802 Labbei
1063 3741 1247 3803 Bibliotheca
1262 3741 1345 3805 lass.
1360 3748 1432 3801 tom.
1448 3741 1459 3801 l
1476 3759 1503 3820 p.
1528 3742 1595 3803 338.

141 3836 403 3912 8813338838,
421 3838 522 3900 Abbas
539 3841 568 3898 in
588 3837 754 3900 Beinhusen
771 3837 824 3898 Sa·
877 3835 1049 3920 dagisteum
1072 3836 1276 3914 Epistolarum
1295 3833 1458 3896 Aleiaudri
1476 3835 1525 3896 lll.
1545 3851 1597 3915 pro

96 3931 207 3990 aoniae
219 3932 374 4009 ,scripsit
391 3931 616 3992 Commentario
632 3931 664 3990 in
683 3929 823 3990 8333333-
879 3928 1019 3989 Bemeosi
1032 3927 1187 4006 provincia
1207 3929 1235 3988 in
1262 3930 1395 3990 3333333
1419 3935 1450 3989 33
1474 3928 1597 3990 Durand

95 4019 177 4090 iem,
198 4021 326 4084 83313333
341 4069 349 4096 ,
366 4022 523 4100 Reatinos,
542 4023 692 4104 Epistoins
711 4021 821 4098 Ponti,
878 4021 1003 4082 Collecti
1019 4023 1210 4100 amplissima
1225 4029 1246 4081 t.
1265 4023 1289 4082 ll
1310 4024 1401 4100 praei.
1420 4039 1450 4102 p.
1468 4024 1516 4084 35.

94 4115 470 4193 313331333333133133,33
501 4118 649 4197 quaedam
682 4118 824 4192 3113303-
918 4115 1309 4189 88313188,1333333333
1326 4117 1460 4176 coenobii
1478 4119 1508 4180 S.
1526 4115 1600 4178 Ger·
1656 4177 1659 4184 ,

94 4227 211 4272 saeros
232 4219 264 4272 et
285 4213 441 4274 trithemii
462 4211 632 4274 Chronicoo
655 4213 793 4291 llirsaug.
879 4212 959 4270 mani
977 4203 1265 4288 Autissiodorensis,
1290 4209 1361 4270 Ord.
1382 4211 1412 4272 S.
1434 4211 1598 4272 Benedicti.

140 4305 392 4384 8811888888,
415 4305 462 4366 rel
485 4303 662 4381 8333033333,
686 4304 823 4382 8133333,
879 4305 948 4364 Post
964 4311 993 4365 ’3.
1018 4303 1086 4364 888.
1105 4321 1122 4364 3
1141 4305 1271 4383 Falcone
1293 4303 1432 4384 Archiep.
1458 4306 1599 4365 Bemensi

93 4397 172 4458 aliis
195 4400 326 4473 8313133,
350 4401 479 4478 primum
512 4401 678 4460 monachus
699 4398 825 4460 'lurhol-
878 4398 914 4460 ad
934 4397 1067 4458 scholam
1085 4397 1123 4458 ibi
1142 4396 1303 4476 regendam
1316 4406 1460 4459 evocatus
1474 4401 1540 4471 est,
1555 4403 1599 4455 te-

91 4493 217 4566 tensis,
241 4491 375 4556 scholam
400 4496 476 4554 rexit
497 4496 527 4552 in
550 4495 732 4557 monasterio
753 4495 839 4557 033-Ι
878 4500 926 4554 ste
947 4490 1113 4552 Flodoerdo
1135 4492 1209 4553 3133.
1232 4493 1314 4552 Baro.
1334 4491 1384 4550 lV.
1404 4492 1432 4550 0.
1447 4492 1510 4550 333
1528 4505 1599 4550 con·
1652 4531 1657 4542 .

95 4585 190 4646 belae
210 4603 326 4661 novae,
348 4586 457 4649 deinde
478 4605 637 4649 successor
664 4588 823 4650 Auscharii
879 4584 1056 4649 tundendos
1077 4593 1125 4646 est
1144 4605 1214 4648 cum
1230 4586 1371 4663 Remigiis
1389 4583 1597 4662 sequentibus.

92 4680 127 4740 in
153 4679 422 4760 Archiepiseopato
443 4682 661 4762 llamburgeosi
696 4688 727 4743 et
754 4681 824 4741 Bre-
878 4680 1009 4757 Operose
1032 4674 1597 4764 31311133913111331133333138311133

140 4891 174 4952 a)
193 4903 226 4942 33
245 4891 312 4944 idem
331 4898 365 4947 sit
382 4907 440 4946 oum
458 4907 533 4956 opero
545 4893 576 4945 de
588 4895 757 4958 scriptoribus
771 4905 828 4943 mo·
881 4893 991 4944 33333311
1008 4893 1063 4951 sul,
1077 4868 1601 4958 3333333333333,333933331333113333.
