3622 5406
712 233 915 296 uthans
1488 233 1551 300 aba

76 355 187 421 gnasse
200 383 207 414 ‚
219 337 342 418 perinde
358 345 392 398 ut
408 338 569 418 Eulgarum
586 340 724 402 Plaanum
737 359 789 403 an·
842 340 951 401 deinde
968 357 1038 402 cum
1052 341 1159 402 Dareta
1183 349 1215 401 et
1242 341 1389 402 vincentii
1410 339 1559 421 Opsopoei

77 439 172 494 notat.
824 499 830 513 ,
842 443 874 493 44
883 435 944 496 Nic.
957 435 1055 496 vallae
1066 435 1246 514 metaphrasi
1258 435 1365 495 iliados
1376 435 1560 500 4444444544.

115 523 249 588 PlLEllS
269 523 305 585 da
319 521 430 599 Fruar,
445 525 670 605 Foroiuliense,
685 545 722 591 ex
738 531 791 590 944-
843 529 873 588 8.
890 533 922 590 et
937 538 1007 590 cum
1018 529 1154 588 -llomero
1181 527 1331 605 Spondani
1355 529 1445 588 Basil.
1474 531 1563 591 4583.

74 621 179 681 tarino
199 619 346 698 Episcopo
360 617 610 699 Archiepiscopus
626 621 683 683 An.
702 623 789 684 4370.
845 619 929 681 lohut
940 621 1165 699 llaganoensem
1177 621 1310 699 aliasque
1320 619 1467 684 editiones
1478 639 1563 700 prae-

75 712 319 774 Ravennatansis
335 709 416 772 stab
435 712 491 773 An.
521 713 607 774 4378.
635 715 672 776 44
702 716 789 778 4404.
843 721 967 775 taceam.
986 716 1028 774 ln.
1050 715 1197 776 blanuscr.
1224 713 1363 775 Biblioth.
1392 714 1564 775 Annaeber·

74 805 264 880 cardinalis,
285 803 401 882 dequo
420 805 565 900 Ughellus
587 815 658 869 tom.
681 810 700 871 2
722 827 788 889 pag.
844 810 946 886 gensis
963 807 1147 868 inscribitur·
1166 808 1312 868 llomerus
1325 825 1381 887 per
1396 807 1562 868 Pindarum

76 899 146 961 383.
161 899 235 977 Ejus
252 896 385 979 Epistola
397 915 450 978 pro
466 900 610 962 electione
623 901 732 964 Urbani
743 903 790 964 Vl.
845 901 990 979 insignem
1012 899 1171 960 Oratorem
1191 897 1227 959 de
1249 899 1361 960 Graeco
1378 899 1410 960 iu
1425 899 1563 961 Latinum

76 991 310 1053 adLudovicum
325 991 685 1055 contranitentibus.
702 995 788 1058 4378.
847 991 1018 1054 traductus.
1036 992 1110 1052 Vide
1127 992 1288 1054 Christiani
1302 993 1443 1054 Gotthold
1470 994 1563 1054 Willi-

78 1085 146 1147 data
161 1091 262 1148 exstat
275 1087 304 1144 in
320 1084 455 1146 bacharii
471 1092 543 1145 tom.
565 1088 582 1147 4
603 1088 744 1167 spicilegii
762 1105 790 1167 p.
846 1085 903 1148 chii
922 1101 1031 1148 arcana
1049 1085 1187 1147 Biblioth.
1211 1086 1473 1168 hnuaebergensis
1497 1103 1562 1165 pag.

80 1179 145 1240 304.
157 1177 239 1256 (4444.
258 1193 354 1238 novae
372 1185 441 1237 tom.
460 1177 517 1255 34.
536 1177 612 1248 rra-t
845 1181 892 1242 48.
907 1181 939 1240 44
957 1180 1105 1240 44444444.
1122 1181 1229 1240 Felicis
1243 1181 1325 1255 osii,
1355 1187 1434 1242 teste
1458 1181 1563 1240 Vossio

115 1269 394 1332 vicumalbum
406 1271 651 1350 PEEEGRINUS,
665 1271 792 1352 Pclcpri·
844 1289 910 1353 pag.
928 1271 998 1334 849.
1017 1272 1055 1334 44
1076 1273 1147 1333 hist.
1163 1275 1227 1334 Lat.
1241 1272 1393 1334 Pindarus
1410 1269 1564 1333 Thebanus

78 1381 152 1441 4444,
175 1363 343 1442 Pitipriuus
361 1366 572 1426 laureacensis
585 1365 615 1426 ln
631 1366 790 1427 Germania
844 1365 880 1426 de
900 1363 1100 1427 destructione
1118 1365 1233 1444 ltojne.
1246 1367 1361 1427 Versus
1375 1383 1412 1426 44
1425 1368 1564 1428 eocitan-

78 1459 244 1539 Episcopus
266 1457 303 1519 ab
327 1458 386 1519 An.
413 1458 481 1520 974.
506 1459 543 1520 44
571 1461 639 1522 992.
669 1459 706 1521 44
731 1473 790 1538 quo
844 1466 907 1534 tur,
925 1457 977 1520 sed
996 1475 1054 1518 non
1074 1459 1226 1520 nominato
1240 1458 1366 1519 Pindaro
1382 1466 1515 1533 auctore,
1533 1459 1562 1518 in
1628 1501 1631 1514 .

78 1549 247 1613 chronicon
262 1551 455 1613 Gotwicense
472 1559 543 1613 tom.
561 1554 574 1614 4
597 1570 662 1634 pag.
682 1553 747 1614 430.
759 1561 790 1614 44
844 1552 965 1613 scholiis
979 1551 1015 1613 ad
1035 1553 1122 1612 Statii
1140 1551 1311 1613 Thebaidos
1327 1553 1376 1613 Vl.
1394 1551 1461 1614 420.
1478 1551 1563 1614 Adde

76 1648 194 1708 Earcus
211 1646 367 1707 llausizins
383 1653 454 1706 tom.
468 1648 481 1707 4
497 1645 673 1706 Germaniae
686 1661 790 1708 sacrae
846 1644 1098 1723 Lindenbrogiuru
1118 1661 1147 1722 p.
1158 1644 1227 1705 507.
1244 1653 1276 1705 44
1285 1645 1441 1706 Barthium
1459 1653 1530 1706 tom.
1544 1647 1563 1706 2

74 1737 153 1818 Ejus
174 1737 335 1820 Epistolam
351 1738 394 1799 cd
404 1739 590 1801 Benedictum
605 1741 666 1801 Vll.
686 1744 714 1799 in
732 1757 790 1818 qua
841 1755 905 1818 pag.
924 1739 992 1803 393.
1010 1753 1072 1816 seq.
1089 1738 1140 1815 qni
1163 1737 1320 1798 'auctorem
1348 1745 1504 1799 vetustum
1531 1745 1563 1798 et

74 1833 154 1912 petit
166 1833 285 1912 pallium
300 1840 331 1892 et
345 1834 523 1914 privileginr.
532 1834 788 1894 confirmationem
843 1831 911 1892 boni
926 1834 1036 1912 ingenii
1057 1831 1187 1910 appellat
1203 1832 1306 1893 LVlll.
1322 1833 1369 1894 44.
1386 1840 1418 1892 44
1434 1833 1510 1892 clx.
1536 1833 1563 1892 4.

74 1932 104 1986 44
120 1923 339 2005 Confessionsm
350 1925 412 1986 edit
426 1925 497 2008 fidei
506 1971 512 2001 ,
528 1928 643 2004 primus
655 1927 790 2004 vulgavit
843 1933 874 1986 et
890 1929 937 1988 45.
955 1925 1116 1988 Adversas.
1129 1925 1178 1985 ubi
1192 1926 1341 2003 integrum
1354 1933 1494 1985 recenset
1508 1940 1563 1985 neo

76 2017 272 2098 Wollgangus
291 2021 396 2080 Lanius
407 2019 456 2081 tib.
472 2021 537 2081 xli.
550 2019 586 2080 de
597 2021 669 2099 hep.
685 2021 792 2081 444444·
843 2019 965 2081 dubitat·
980 2019 1129 2099 praeferre
1147 2019 1277 2098 losepho
1292 2020 1399 2079 iscaao
1416 2019 1561 2080 lisconio.

75 2127 111 2172 ua
129 2119 195 2173 4444
212 2113 273 2174 vll.
286 2129 349 2192 cap.
366 2115 392 2175 5.
411 2130 475 2192 pag.
496 2115 581 2175 4286·
599 2131 662 2192 seq.
677 2113 791 2174 indein
883 2114 1012 2174 loannes
1040 2113 1167 2187 PlNUS,
1200 2112 1388 2187 Tolosanus‚
1417 2109 1562 2171 4444444444

75 2207 166 2265 tomis
182 2206 381 2268 044444444444
400 2223 537 2269 recusam
555 2206 721 2287 praemissa
737 2211 793 2269 Be·
846 2209 911 2268 slve
924 2207 1064 2268 hircosis
1076 2208 1105 2266 in
1118 2204 1324 2284 Languedocio
1339 2206 1493 2283 superiore
1506 2207 1565 2282 (iti-

74 2297 183 2360 nedicti
201 2299 262 2360 vil.
279 2301 434 2379 Epistola,
454 2301 692 2362 emendatiorem
710 2301 793 2362 dedit
846 2305 916 2373 eux)
933 2301 1099 2378 Episcopus
1115 2299 1215 2360 floruit
1231 2300 1310 2358 circa
1327 2295 1386 2358 hu.
1411 2297 1501 2359 4500.
1529 2315 1564 2360 44

75 2391 252 2454 lambecius
267 2399 338 2454 tom.
359 2395 378 2454 2
406 2393 542 2456 Biblioth.
572 2394 699 2456 Vindob.
729 2412 793 2476 pag.
848 2401 971 2476 praetor
988 2390 1220 2453 librumdeuita
1236 2389 1564 2464 culica‚attraotatum

71 2485 140 2547 644.
157 2485 317 2564 subjuncta
334 2487 466 2568 Epistola
478 2487 629 2549 Benedicti
646 2488 706 2550 illl.
725 2504 790 2568 pag.
850 2485 886 2548 de
904 2486 999 2547 claris
1014 2483 1152 2567 foeminis
1169 2482 1283 2544 editum
1309 2489 1343 2543 ut
1370 2481 1456 2560 ajunt
1473 2484 1563 2542 Poris.

73 2575 142 2640 645.
161 2578 377 2661 consessionem
393 2579 479 2641 Fidei
503 2599 541 2642 ex
571 2581 625 2642 hac
653 2579 793 2659 Epistola
849 2579 1283 2659 thattapmtmeumqnam
1295 2574 1388 2636 citam
1399 2575 1479 2634 stibi
1491 2575 1550 2634 scri

73 2670 170 2732 babes
184 2675 272 2734 etiarn
286 2675 316 2733 in
329 2673 466 2734 biblioth.
479 2675 600 2736 Petrum
615 2681 687 2734 4444.
698 2673 791 2735 xvii.
847 2675 908 2752 psit
929 2671 1109 2735 0444444444
1125 2669 1325 2742 &annualia
1337 2668 1420 2729 hetia
1433 2667 1559 2728 Sanctor
1591 2705 1594 2712 -

72 2763 146 2824 edit·
164 2766 255 2844 lugd.
272 2783 337 2845 pag.
357 2766 425 2829 456.
846 2767 893 2834 30.
915 2767 1008 2845 April.
1027 2765 1065 2826 de
1084 2763 1233 2825 industria
1249 2763 1441 2842 praeteritam
1455 2761 1474 2836 ε)
1489 2761 1563 2820 ilem

109 2857 404 2937 rittcubottrttts
419 2877 509 2942 supra
522 2879 549 2940 p.
562 2859 632 2923 258.
645 2859 789 2922 PETRUS
845 2862 939 2922 vitam
953 2862 1087 2921 Doctoris
1101 2859 1147 2920 sui
1164 2857 1289 2934 Philippi
1302 2853 1449 2928 84444444,
1463 2855 1566 2916 84444-

69 2949 103 3012 de
124 2951 298 3033 l'illchdorf.
605 3011 606 3014 ,
844 2957 893 3016 ris.
909 2953 1041 3034 Utraque
1058 2954 1213 3014 Bononiae
1227 2948 1361 3030 prodiit,
1379 2965 1458 3009 44444
1477 2947 1564 3009 4505.

104 3043 281 3107 Matthaeus
303 3045 483 3122 PthhltD,
511 3045 788 3108 Warnestoaiensia
846 3049 874 3108 44
896 3055 1015 3127 quarto.
1038 3048 1137 3108 Etiam
1161 3043 1251 3121 huJ‘us
1272 3040 1423 3122 Epistulae
1444 3047 1475 3102 et
1495 3041 1564 3118 Epi-

68 3137 267 3214 Flander‚ex
286 3138 399 3200 abbate
418 3139 487 3200 belli
514 3141 592 3200 Preti
619 3147 650 3201 et
678 3141 787 3201 mortui
842 3149 1010 3221 grammata
1033 3139 1181 3219 quaedam
1203 3135 1239 3197 de
1274 3131 1413 3196 laudibus
1445 3132 1566 3194 Antonii

68 3231 155 3292 14444
173 3231 275 3292 libbas
295 3232 542 3294 claraevallensis
558 3234 595 3294 nb
620 3236 676 3293 hu.
700 3234 787 3294 4445.
844 3233 938 3296 Codri
957 3233 1045 3295 Urcei
1067 3249 1125 3293 una
1140 3247 1210 3292 cum
1223 3228 1310 3290 Codri
1322 3228 1461 3307 operibus
1475 3229 1563 3290 basil.

69 3323 101 3384 ad
129 3325 223 3387 4428.
255 3329 383 3404 scriptor
402 3325 516 3408 speculi
539 3325 732 3388 cantationis
759 3335 788 3387 et
843 3327 934 3388 4540.
954 3326 983 3388 4.
1003 3326 1082 3386 edita
1105 3331 1190 3385 sunt.
1213 3321 1257 3383 hd
1280 3339 1350 3382 eum
1379 3322 1442 3380 lac.
1473 3321 1564 3382 Sado-

68 3415 268 3495 dspressionis
282 3415 402 3480 Ordinis
420 3419 648 3497 Cisterciensis,
665 3427 788 3481 4444444-
842 3420 893 3480 4444
905 3420 1072 3482 cardinalis
1086 3416 1230 3497 Epistola
1241 3412 1486 3490 duodevigesima
1498 3413 1563 3474 libri

68 3514 109 3572 rit
128 3515 225 3573 etiarn
244 3512 359 3575 reditus
377 3517 520 3576 omnesh
546 3514 676 3576 diversis
705 3515 789 3592 liegi-
841 3515 951 3591 quarti.
973 3515 1016 3574 De
1040 3511 1145 3573 eodem
1162 3511 1212 3568 sic
1232 3507 1380 3568 Erasmus
1402 3507 1430 3563 44
1449 3506 1566 3565 Cicero·

66 3603 168 3666 bnset
179 3606 336 3667 9444444444
347 3609 516 3685 assignatos
529 3607 789 3686 proterendisona-
843 3611 931 3674 niano
948 3625 1017 3669 suo:
1040 3604 1288 3667 Passetlocunes
1305 3598 1400 3659 Pinus
1417 3597 1495 3658 inter
1512 3595 1565 3657 hn-

66 3698 151 3759 ribns
169 3697 361 3779 etexpensis
377 3703 555 3761 necessariis
570 3709 705 3780 tempore
732 3701 789 3761 Ca·
835 3703 891 3782 jus
912 3700 1010 3762 laudis
1026 3700 1072 3778 lde
1088 3699 1304 3762 Ciceronianae
1322 3693 1459 3754 dictionis
1477 3690 1565 3752 laude
1691 3747 1695 3754 .

66 3791 154 3869 pituli
173 3791 331 3853 Generalis
348 3793 495 3855 hbbatum
510 3795 721 3856 cisterciensis
734 3794 789 3853 Or·
845 3797 986 3875 loquitari
1005 3793 1206 3873 competitores
1237 3785 1419 3857 numerari,
1445 3784 1507 3845 nisi
1533 3790 1561 3845 et

68 3883 169 3958 diuis,
189 3901 248 3946 nna
273 3901 344 3947 cnm
365 3889 575 3948 instrumentis
602 3888 788 3966 singularum
844 3888 920 3949 hunc
932 3889 1118 3968 nepotianum
1137 3882 1331 3958 4444404444
1347 3878 1563 3942 Ecclesiastico

68 3977 284 4040 0444444444.
296 3979 370 4040 Vide
387 3980 496 4040 Viscbii
515 3981 652 4042 Biblioth.
664 3983 788 4042 cisterc.
844 3984 972 4064 dignitas
998 3983 1018 4042 4
1038 3981 1148 4043 studiis
1168 3976 1355 4040 avulsissent.
1389 3972 1464 4036 Olim
1485 3979 1565 4034 certe

69 4087 95 4148 p.
113 4071 189 4132 248.
212 4078 243 4132 44
259 4071 411 4135 Oudinum
430 4079 450 4134 t.
470 4075 487 4134 3
504 4091 533 4153 p.
550 4075 639 4136 8300.
844 4077 1037 4158 praeclarum
1055 4075 1106 4138 sui
1125 4071 1271 4154 specimen
1287 4067 1381 4144 dedit,
1394 4083 1461 4128 cum
1474 4068 1566 4128 Bono·

107 4163 267 4226 PlNlihitl
302 4163 432 4227 Thebani
461 4169 581 4228 nomiae
610 4169 703 4229 lertur
726 4165 788 4244 jam
844 4171 911 4231 4444
928 4171 1088 4233 Musarum
1104 4183 1196 4228 sacro
1213 4163 1329 4224 coleret.
1349 4162 1434 4222 Nunc
1448 4161 1565 4241 Episco-

70 4257 192 4334 pridem
214 4259 336 4340 epitome
351 4259 461 4323 Iliados
475 4263 666 4338 Homericae,
684 4265 791 4322 carnii·
842 4283 914 4346 pum
936 4265 1024 4326 audio
1043 4262 1169 4344 factum.
1190 4257 1276 4319 Fieri
1290 4262 1412 4337 potest,
1437 4261 1471 4314 ul
1494 4253 1566 4333 plus

6 4413 8 4444 p
70 4367 108 4411 ne
123 4355 241 4429 scripta
259 4355 446 4433 hexametro,
463 4357 790 4435 acprimuminlucam
845 4348 1564 4433 accesserilerudilionis,quamdipuitolis.llaec

6 4451 8 4494 t
69 4441 138 4506 data
151 4439 405 4522 (2404444444.
422 4449 544 4530 Ugoleto
569 4451 655 4512 4492.
678 4451 705 4510 4.
724 4448 792 4509 4444
846 4471 884 4514 44
905 4453 1009 4514 Vossio
1030 4467 1094 4530 pag.
1116 4448 1184 4509 964.
1203 4443 1446 4508 sammarthanis
1459 4441 1564 4502 tom.3

7 4537 8 4576 3
69 4537 142 4598 Fani
165 4540 255 4601 4505.
269 4541 356 4605 4545.
373 4546 433 4605 bh
453 4547 612 4606 Laurentio
627 4544 792 4618 hhstemio‚
849 4565 876 4625 p.
898 4545 966 4607 948.
988 4545 1127 4622 aliisque.
1394 4563 1400 4572 ·

73 4638 105 4691 ut
133 4633 268 4696 Vossius
290 4640 455 4700 4444444444.
484 4639 562 4700 llaec
579 4646 627 4699 est
644 4640 718 4699 forte
734 4636 796 4698 edi-
889 4637 1133 4700 Bartholomaeus
1164 4631 1375 4696 PlNCEhNUS
1396 4627 1433 4688 de
1466 4627 1564 4686 4444444

7 4751 9 4784 i
72 4728 441 4806 licantiquaElorentina
464 4733 492 4791 44
515 4729 728 4793 immemorata
750 4735 794 4790 44.
850 4733 956 4810 arduo,
977 4734 1171 4793 Donationem
1193 4723 1379 4788 Constantini
1399 4719 1492 4797 hlagni
1511 4719 1606 4790 La·,

8 4829 10 4864 ἰ
73 4815 207 4897 Cinello,
222 4823 296 4886 Bibl.
308 4825 438 4888 volantis
450 4825 524 4904 plut.
536 4828 599 4886 sive
612 4833 632 4886 t.
644 4826 744 4904 Vll.p.
758 4826 796 4884 66
850 4827 912 4886 tine
933 4827 1024 4886 vertit
1045 4823 1082 4884 de
1102 4823 1230 4888 Graeco,
1250 4823 1282 4876 ct
1302 4815 1378 4875 lulio
1396 4812 1430 4872 ll.
1445 4810 1563 4886 dicavit,

8 4969 9 4982 .
75 4913 796 5000 snotitutosuomenudebetorrajonoproutt
851 4936 928 4996 quae
960 4935 1027 4982 4444
1064 4918 1147 4980 haur.
1180 4911 1298 4984 vallae,
1320 4907 1382 4970 Nic.
1403 4905 1514 4966 Cosani
1535 4911 1566 4965 ct
