3368 5362
117 211 156 271 st
655 202 1075 265 MONTANABlUS

117 319 319 379 Eremitarum
343 314 373 372 S.
396 311 554 388 Augustini
586 313 663 371 circa
685 312 720 371 A.
747 311 832 372 4480.
931 309 1077 372 Antonius
1097 309 1133 371 de
1153 310 1280 372 MONTE
1304 309 1449 387 Falcone,
1472 314 1605 393 Suprat

87 448 91 458 .
117 411 244 486 Scripsit
264 406 300 466 rie
321 400 461 464 laudibus
479 400 615 483 [armillae
648 403 685 463 dc
716 404 835 482 Auria,
892 407 903 465 4
931 423 997 483 pag.
1021 405 1088 465 434.

116 505 195 583 quod
213 505 357 579 scriptum
376 505 447 556 tom.
465 498 563 558 xxlll
581 499 716 558 thesauri
734 517 834 560 rerum
931 494 1136 559 Conradusde
1152 497 1282 559 MONTE
1302 496 1482 559 Puellarum
1496 518 1605 580 ‚supra

117 600 287 659 italicarum
309 592 335 666 ιι)
357 589 496 670 publici
486 592 566 666 puris
588 609 684 670 nuper
705 592 776 652 iecit
804 594 836 652 il·
891 599 912 650 4.
936 595 947 651 4
975 610 1041 668 pag.
1063 592 1131 650 385.

116 692 221 752 lustris
235 688 424 749 Muratorius.
440 683 536 760 liujus
553 684 692 744 Montaldi
713 701 834 745 carmen
932 683 1027 744 Guido
1048 683 1083 745 de
1102 683 1231 745 MONTE
1253 683 1402 763 liocAeri,
1423 702 1519 764 supra
1537 693 1559 746 4.
1570 665 1606 748 lll

116 784 268 843 heroicum
301 779 336 839 de
363 777 503 858 passione
535 776 661 838 GHristi
687 780 836 840 Manuscr.
892 796 958 857 pag.
980 778 1048 839 425

115 887 255 939 servatur
287 879 315 933 iu
349 872 424 933 bibl.
456 871 577 931 Paulina
613 873 779 949 Lipsiensi,
802 880 836 933 ut
931 870 1095 933 Guilelmus
1115 871 1151 932 de
1171 872 1321 947 MONTE,
1343 879 1366 930 4.
1387 872 1429 933 444
1452 889 1481 950 p.
1505 873 1573 932 446

111 978 173 1051 jain
195 971 294 1030 dicere
317 985 365 1026 me
387 965 510 1025 memini
532 980 623 1042 supra
645 970 665 1023 t.
689 969 700 1027 4
728 984 755 1044 p.
785 967 838 1026 24.
930 964 1095 1027 Guilelmus
1113 966 1150 1027 de
1169 964 1300 1026 MONTE
1321 966 1461 1026 Samnio.
1478 969 1552 1026 turn.
1571 965 1608 1026 lll

154 1064 286 1140 *Longe
308 1061 394 1139 plura
426 1058 548 1135 scripsit
574 1075 666 1135 quam
687 1076 764 1138 quae
786 1059 834 1119 hic
890 1076 955 1138 pag.
979 1061 1047 1120 446.

114 1176 130 1219 a
146 1159 279 1218 Fabricio
309 1154 504 1225 indicantur3
522 1150 605 1210 dedit
622 1154 703 1212 enim
720 1151 763 1213 od
776 1153 835 1214 Ga·
928 1154 1058 1214 loannes
1078 1152 1114 1214 de
1133 1152 1275 1214 MONTE.
1297 1159 1318 1212 4.
1341 1153 1380 1212 44
1401 1169 1433 1231 ρ.
1452 1153 1522 1213 396.

90 1270 93 1275 ·
113 1251 225 1311 limium
241 1250 298 1307 lll.
316 1248 352 1306 de
365 1245 453 1306 clara
467 1245 530 1306 cito
547 1243 834 1324 44444414444444444-
926 1243 1536 1309 PetrumlacobumMONTEFALCMIUM
1544 1247 1608 1307 Vos

111 1342 169 1422 pis.
188 1340 429 1404 cohortatoriam
445 1337 487 1398 ad
502 1337 626 1398 eundem
647 1340 764 1419 Papam
776 1359 835 1420 pro
888 1343 953 1401 sius
975 1360 1002 1420 p.
1025 1342 1094 1401 664.
1114 1344 1156 1401 444
1174 1341 1290 1400 clarum
1308 1339 1342 1400 A.
1363 1338 1455 1400 4497.
1473 1340 1605 1416 reliquis-

115 1433 348 1514 Costantinopoli
362 1433 492 1493 metrice.
510 1431 558 1491 Ad
573 1432 698 1493 eurrdern
710 1434 834 1494 Pontde
888 1453 921 1495 se
942 1452 1018 1513 opus
1038 1433 1076 1494 da
1098 1433 1285 1504 vicentinis,
1305 1431 1417 1494 deinde
1450 1434 1602 1511 scripsisse

22 1556 30 1571 ·
113 1529 201 1590 claro
217 1529 280 1589 uita
306 1524 553 1587 excellentissimi
569 1525 693 1586 Arnobli
716 1526 838 1604 ltoqcrii
888 1526 925 1586 de
946 1527 1175 1604 cognominibus
1193 1528 1323 1586 Deorum
1342 1541 1378 1585 ac
1395 1525 1436 1586 da
1454 1527 1552 1587 sacris
1565 1542 1606 1585 ce·

112 1621 321 1687 Alexandriae
338 1618 537 1680 Patriarobao
553 1619 661 1680 oratio.
672 1619 834 1681 Deluudib.
890 1620 1086 1680 lebritatibus.
1101 1619 1231 1678 Libellus
1242 1617 1279 1678 de
1292 1618 1604 1696 cognominibusuoo

113 1718 198 1777 Sum.
215 1718 298 1775 Pont.
325 1713 410 1775 Sinti
436 1713 485 1771 lV.
509 1713 615 1772 oratio.
643 1711 691 1772 Ad
720 1713 835 1775 Sistum
890 1731 958 1774 rum
983 1712 1093 1791 prodiit
1117 1713 1257 1771 Perusiae
1280 1713 1369 1773 tnta.

111 1808 280 1886 Porniitcem
310 1823 443 1867 carmen.
470 1807 514 1866 De
541 1806 685 1884 passione
719 1808 838 1868 Domini
931 1809 1039 1866 Petrus
1060 1803 1096 1864 de
1117 1804 1266 1878 MONTE,
1287 1805 1444 1878 Venetus,
1467 1822 1522 1884 pro
1552 1806 1602 1865 Eo·

111 1919 234 1973 carmen
260 1903 440 1978 impressum
469 1899 585 1976 absque
610 1916 690 1960 anno
711 1905 742 1959 at
759 1900 829 1961 loco.
889 1901 1044 1981 3444444.
1067 1900 1188 1977 scripsit
1208 1901 1287 1960 circa
1308 1899 1345 1959 Α.
1369 1899 1459 1960 4433.
1483 1900 1514 1957 44
1534 1900 1598 1960 Gon·

113 2000 278 2054 tractatum
304 1992 340 2053 de
366 1990 486 2072 familia
513 1991 594 2071 Cpbo
623 1993 779 2053 Genuensi.
799 1995 835 2054 lu
889 1997 956 2055 cilio
978 1993 1141 2054 basileensi
1164 1992 1273 2053 librum
1296 1994 1345 2053 cui
1368 1993 1480 2054 titulus
1496 1994 1600 2053 auur·

113 2085 338 2166 ortoproplriam
359 2085 483 2146 loannis
500 2084 619 2144 Aretrni
642 2087 843 2167 prooemium,
889 2086 957 2147 aliia
977 2100 1126 2147 excusum
1143 2087 1254 2146 Romae
1272 2085 1362 2147 4537.
1371 2089 1439 2145 et
1433 2103 1463 2145 in
1485 2091 1598 2145 tractatu

115 2181 163 2242 De
181 2177 371 2241 laudibusB.
384 2177 536 2240 Cristinae
553 2177 589 2238 de
602 2177 833 2242 vicecomitibus.
889 2187 1053 2262 tractatum
1075 2181 1141 2238 site
1162 2180 1282 2241 044444
1297 2179 1424 2238 444444.
1443 2178 1481 2239 43
1499 2196 1525 2256 p
1543 2177 1595 2238 444.

111 2274 168 2353 Ap.
192 2272 420 2333 Bollandistas'
414 2289 442 2331 ιιι
469 2276 539 2330 tom.
563 2271 833 2334 aretinarum
888 2254 960 2336 Vide
981 2273 1091 2335 Oudin
1113 2280 1135 2333 t.
1157 2273 1226 2352 itp.
1247 2274 1340 2334 2378

112 2367 267 2429 dolorelt.
286 2365 410 2427 Marsae
419 2380 547 2442 verpims
558 2382 589 2423 m
595 2381 745 2444 passione
757 2368 833 2428 Eius
928 2366 1026 2427 *Non
1041 2367 1119 2427 alius
1134 2374 1181 2426 est
1194 2366 1232 2426 ab
1249 2383 1285 2426 eo
1302 2367 1392 2427 Petro
1408 2367 1448 2426 dc
1463 2368 1557 2427 Monte
1567 2362 1596 2422 44

109 2465 221 2542 pariter
247 2465 320 2520 sunt
350 2457 497 2519 Carmina
533 2463 642 2517 contro
670 2458 833 2520 Antonium
889 2480 950 2541 quo
968 2462 1121 2521 Fabricius
1137 2461 1222 2522 inira.
1237 2460 1312 2522 Vide
1328 2458 1596 2522 ibidemadnotatio

110 2554 297 2618 liaudensem
314 2569 417 2612 ocrem
435 2551 585 2613 instantii
600 2551 754 2613 Enniani
767 2570 834 2613 cerr·
889 2573 958 2616 nem
976 2570 1085 2614 meam.

110 2666 223 2723 sorem,
246 2663 323 2725 quae
353 2646 488 2706 carmina
509 2647 630 2724 saepius
655 2662 768 2706 excusa
789 2644 834 2705 iu·
927 2596 1594 2727 PhilippusdelanuasrvedoMONTEGo

109 2759 175 2800 cern
189 2756 317 2817 primurn
333 2737 447 2797 vidisse
468 2737 590 2798 credo
584 2757 612 2797 ιιι
631 2737 761 2798 editione
780 2740 833 2798 La
889 2741 990 2803 lario
984 2758 1014 2800 ιιι
1037 2741 1224 2818 subalpinis,
1245 2738 1352 2801 Ordin.
1385 2741 1490 2800 Minor.
1521 2741 1597 2816 Papae

109 2835 212 2894 etantii
226 2834 359 2892 Romana
376 2831 465 2893 4468.
489 2832 562 2892 Vide
585 2835 615 2892 P.
637 2832 808 2892 Gandolio
801 2850 830 2890 ιιι
887 2833 1040 2896 Benedicti
1063 2834 1113 2893 xl.
1135 2834 1215 2893 circa
1236 2830 1272 2893 A.
1294 2833 1385 2894 4336.
1415 2832 1597 2893 Paenitentia

110 2929 237 2987 Dissert.
255 2923 292 2984 de
310 2927 368 2986 CC.
384 2924 652 3002 Augustinianis.*
888 2929 973 2999 rius,
995 2927 1115 3003 scripsit
1135 2924 1362 2985 Commentaria
1383 2925 1417 2986 in
1438 2924 1558 2986 Genesin
1573 2928 1597 2981 et

149 3017 437 3089 MONTANAlilMS,
459 3016 533 3077 Vide
556 3035 648 3096 supra
670 3020 699 3077 in
718 3018 833 3079 MAXl·
888 3022 964 3080 alias
986 3017 1133 3096 quasdam
1166 3019 1196 3096 3.
1226 3013 1402 3096 ¹Scripturas
1431 3027 1549 3100 partes:
1575 3018 1597 3072 in

109 3110 240 3174 MlANO.
888 3111 1046 3174 Postillam
1063 3127 1156 3191 super
1172 3109 1341 3188 Euanpelia
1358 3110 1555 3174 Doututeatu
1567 3113 1599 3168 to

149 3201 476 3280 MONTANUSprimae
488 3202 570 3262 sodis
582 3205 752 3281 provinciae
763 3205 835 3266 Gar·
890 3206 950 3268 tius
972 3203 1064 3278 omri,
1085 3207 1114 3263 in
1131 3203 1345 3282 compendium
1369 3209 1497 3268 missam
1512 3208 1530 3266 4
1543 3203 1599 3263 lan·

110 3298 243 3375 thaginis
261 3294 417 3356 toletanus
430 3296 598 3374 Episcopus
616 3299 744 3376 praefuit
758 3299 836 3359 Gon·
890 3301 986 3360 selmo
1007 3300 1149 3372 Gauova,
1172 3297 1244 3360 Ord.
1265 3299 1372 3358 Minor.
1408 3301 1503 3380 bugd.
1526 3295 1598 3364 4544.

110 3391 177 3450 cilio
198 3392 233 3450 ll.
255 3389 397 3450 'Toletano
414 3388 449 3450 A.
468 3388 536 3449 537.
556 3391 613 3464 lai.
637 3392 704 3451 534.
727 3393 835 3451 Miraeo
892 3393 1170 3453 talnisiacum
1190 3388 1476 3469 Quadrupesimale,
1492 3400 1523 3452 et
1537 3391 1600 3451 Con·

110 3484 200 3559 524.)
221 3481 311 3559 cujus
332 3483 505 3544 canonibus
524 3486 551 3541 in
571 3485 773 3544 Consiliorum
791 3491 835 3543 to·
890 3487 992 3545 aiones
1013 3483 1049 3543 de
1071 3482 1287 3557 Eucharistia,
1309 3486 1472 3547 Sermones
1489 3485 1600 3546 chon·

112 3582 223 3638 miset
245 3577 323 3656 apud
346 3579 518 3655 Aguirrium
542 3583 613 3637 tom.
637 3578 655 3638 3
678 3595 743 3660 pag.
766 3580 835 3638 296.
890 3578 955 3638 ctis·
979 3577 1051 3637 Vide
1073 3577 1277 3656 Waddingum
1299 3596 1330 3656 p.
1350 3579 1423 3642 294.
1458 3586 1492 3641 44
1520 3575 1597 3639 Oudi·

110 3682 188 3748 serp·
209 3672 288 3730 notis
320 3672 412 3731 etiam
436 3670 604 3730 illustratae
635 3670 837 3745 subjiciuntur
892 3690 965 3732 num
987 3678 1007 3729 4.
1030 3674 1048 3731 3
1071 3671 1191 3749 psas.

109 3760 260 3842 Epistulae
281 3761 378 3836 dune,
401 3780 461 3823 una
496 3762 532 3821 ad
567 3763 676 3822 iratres
698 3762 836 3840 tiliosque
930 3765 1060 3824 loirnnes
1080 3761 1356 3826 MONTESONlUS.
1378 3765 1479 3844 Supra
1506 3761 1600 3826 totn-

111 3857 250 3916 territorii
272 3856 439 3928 Palantini,
462 3863 493 3914 et
520 3856 614 3915 altera
647 3855 684 3916 ad
716 3857 838 3916 4444444-
890 3859 964 3920 NES
986 3865 1004 3918 t.
1028 3858 1065 3917 44
1089 3875 1115 3935 p.
1138 3857 1206 3917 390.

110 3949 215 4021 bium,
237 3951 303 4006 sive
324 3949 479 4009 Turibium
515 3949 718 4020 monachum,
740 3953 757 4009 a
779 3952 837 4011 Tu·
934 3948 1076 4011 Nicotaus
1107 3949 1360 4026 MONTlGNlUS,
1397 3968 1438 4013 ex
1469 3949 1599 4016 Gannico

109 4040 185 4102 ribio
198 4042 345 4118 Episcopo
358 4085 365 4113 ,
380 4042 672 4105 Priscillianistarum
685 4061 837 4121 oppugna·
891 4045 1080 4104 viconiensis
1101 4043 1258 4104 Ecclesiae
1281 4046 1310 4103 in
1334 4046 1512 4121 Baunonia,
1530 4047 1600 4105 Prae·

111 4143 175 4195 tore
197 4134 361 4193 diversum.
379 4133 536 4194 Videndus
553 4137 745 4196 liildeionsus
763 4137 836 4197 libro
893 4144 1126 4195 monstratrnsis
1147 4135 1287 4210 Ordinis,
1311 4137 1412 4199 lactus
1439 4139 1537 4200 Abbas
1553 4136 1598 4195 Mo

111 4228 149 4288 de
174 4229 203 4289 S.
231 4229 266 4288 E.
292 4243 318 4286 c.
347 4229 374 4286 3.
393 4234 433 4285 44.
459 4229 702 4307 Martyrologium
732 4232 836 4309 Hispa-
893 4231 1014 4288 nasterii
1032 4228 1069 4288 de
1086 4228 1217 4288 Castalio
1232 4230 1262 4290 S.
1279 4232 1399 4292 Martini
1416 4231 1454 4293 ad
1472 4233 1598 4307 &arpen

110 4338 184 4383 num
203 4321 288 4380 Febr.
312 4321 359 4379 23.
891 4322 1017 4383 ssuvium
1041 4338 1131 4399 prope
1163 4322 1597 4402 Montigneam,·Tornaoeusis

149 4413 354 4475 MONTANUS
376 4413 565 4487 haereticus,
587 4423 692 4475 auctor
720 4419 835 4476 Monta·
890 4415 1056 4488 dioecesis,
1079 4418 1201 4494 scripsit
1221 4414 1356 4478 Annales
1388 4418 1522 4497 ejusdem
1549 4414 1596 4475 Mt

108 4511 281 4579 nisurum,
305 4507 471 4566 Ecclesiam
490 4508 611 4567 turbare
627 4511 726 4587 coepit
743 4509 780 4569 ab
797 4511 833 4568 A.
889 4509 1018 4569 austerii
1039 4509 1241 4586 Vicaniensis,
1262 4518 1295 4570 et
1316 4513 1485 4573 Historiam
1503 4511 1595 4584 marty·

108 4593 551 4676 41472444444444444444
584 4603 754 4679 scriptaad
778 4621 848 4663 nos,
889 4602 934 4662 rii
964 4608 993 4663 et
1023 4601 1230 4666 translationis
1264 4611 1444 4666 sanctarum
1478 4597 1591 4664 undum

75 4707 79 4714 ’
108 4700 335 4773 pervenerunt,
357 4710 456 4770 neque
478 4692 584 4754 Latine
606 4697 766 4773 scripsisse
789 4701 833 4756 vi·
888 4693 1016 4755 millium
1042 4695 1205 4774 Virpinum.
1229 4698 1272 4758 Oe
1294 4697 1453 4759 miraculis
1481 4699 1510 4758 S.
1537 4689 1589 4752 llll·

111 4786 200 4846 detur
222 4787 273 4845 sed
297 4788 419 4847 Graece.
705 4805 707 4809 ’
887 4788 934 4848 sii.
953 4788 1125 4851 Memoriole
1141 4789 1346 4872 reliquiarum
1367 4783 1585 4856 Vtcontmristr·

151 4891 176 4950 s)
194 4894 254 4944 Aeta
270 4895 347 4947 trud.
367 4893 436 4943 4765.
456 4905 516 4955 pag.
535 4891 592 4943 tto.
1638 4896 1640 4903 '
