3630 5422
512 211 574 272 DE
609 211 892 276 PRINCIPIS
924 213 1174 278 OFFICIIS

99 343 171 390 cum
187 322 225 385 de
243 321 358 402 imperii
379 324 461 380 statu
482 321 637 382 consilium
666 322 814 400 agitatur,

102 419 196 481 videri
215 431 439 495 nonnumquam
474 413 547 476 adeo
579 416 814 494 circumspecta,

100 521 134 576 et
150 527 277 575 excussa
295 528 362 572 esse
382 512 491 583 omnia,
512 517 546 571 ut
568 510 638 570 nibil
663 519 814 587 praeterea

101 606 309 689 quaerendum
328 608 376 678 sit,
391 622 450 684 quo
468 613 567 666 tamen
579 612 711 682 tempora
724 606 815 683 pluri-

102 720 153 766 ma
165 700 359 782 providenda,
376 707 406 760 et
422 699 554 760 cavenda
567 701 728 778 supersim.
740 702 812 762 Nam

101 815 172 861 curn
196 796 286 858 rebus
317 795 376 856 tuis
402 794 482 854 omni
514 811 550 855 ex
584 803 666 873 parte
697 793 815 856 abunde

102 891 312 970 prospexeris:
335 887 431 967 (quod
464 895 564 950 tamen
597 905 759 967 magnum,
780 904 816 949 ac

101 979 293 1064 perdifficile]
321 988 393 1042 tuno
427 981 464 1042 de
495 990 680 1044 caeterorum
714 983 815 1043 Italiae

104 1080 293 1158 principum,
323 1078 679 1156 Rerumquepublicarum
714 1084 816 1139 statu:

104 1181 166 1236 tam
185 1189 261 1252 quos
279 1171 351 1248 ilbi,
369 1173 395 1233 si
413 1175 541 1247 eveniat,
559 1175 670 1236 auxillo
700 1176 816 1237 Iuluros

101 1284 227 1349 speres3
245 1285 334 1347 quam
350 1267 387 1329 de
402 1286 528 1350 quorum
547 1287 615 1347 erga
633 1277 662 1330 te
681 1271 817 1332 volunta·

103 1370 134 1424 te
158 1362 295 1425 dubites:
319 1366 409 1424 immo
430 1366 519 1425 etiarn
541 1365 578 1424 de
603 1365 659 1438 bis,
684 1369 733 1444 qui
764 1384 816 1428 nec

102 1459 213 1531 amiel,
235 1475 291 1520 nec
325 1462 434 1521 Inimici
467 1469 557 1535 sunt,
585 1462 815 1525 consultandum

104 1553 182 1630 erit;
200 1555 256 1616 boo
278 1558 357 1618 enim
384 1556 570 1634 exploratum
599 1558 708 1619 babeas
739 1565 769 1618 et
787 1559 815 1616 in

103 1649 207 1722 ltalia,
225 1657 255 1710 et
272 1651 349 1727 npud
379 1660 497 1714 exterus
516 1655 665 1729 natIones3
689 1655 766 1714 sicut
787 1659 817 1715 et

103 1744 132 1803 in
157 1745 221 1823 ipso
235 1762 326 1822 regno
344 1752 395 1808 tuo
412 1755 494 1819 tres,
509 1764 585 1826 quas
602 1749 687 1809 retuli
706 1751 817 1809 animo-

101 1853 171 1898 rum
195 1840 354 1899 varietates
376 1843 511 1920 reperIri:
527 1844 617 1903 totius
634 1849 733 1908 autem
757 1842 817 1902 lere

101 1932 184 1994 orbis
211 1934 326 2012 teges,
354 1936 537 2014 populosque
573 1937 601 1995 in
633 1935 816 2016 gubernandi

103 2033 205 2089 status
221 2029 266 2089 sui
288 2028 552 2091 deIIberatIonibus
579 2029 733 2092 commoda
762 2045 816 2090 sua

106 2123 213 2200 sequi:
227 2130 256 2182 et
270 2141 304 2185 ea
319 2132 379 2185 tam
395 2125 527 2202 generis,
545 2141 634 2203 quam
651 2125 815 2199 affinitatis,

105 2222 139 2276 et
172 2218 313 2278 amicitiae
342 2218 471 2280 vinculis
502 2225 681 2296 anteponere
712 2218 817 2282 solere.

103 2309 204 2382 Quare
218 2309 245 2370 bi
267 2311 317 2371 tibi
337 2312 430 2391 pluris
444 2312 558 2374 iacendi
576 2320 674 2388 erunt,
689 2329 815 2391 quorum

101 2404 222 2466 Iortuna
238 2423 305 2466 cum
326 2411 375 2468 tua
393 2406 550 2484 conjuncta
569 2411 634 2466 est!
658 2425 747 2485 quam
766 2408 816 2486 qui

103 2498 155 2558 ilbi
174 2506 227 2559 aut
241 2503 416 2578 cognati0ne
430 2509 483 2562 aut
496 2501 551 2562 alia
567 2503 674 2579 quavis
689 2501 817 2562 necessi·

105 2591 168 2652 todi
185 2611 223 2654 ne
237 2593 367 2654 devincti
386 2604 458 2657 sunt
479 2598 651 2673 praesertim
670 2598 694 2655 si
712 2596 748 2657 ad
766 2612 818 2656 eos

105 2687 203 2765 eliqua
223 2705 259 2748 ex
277 2689 494 2752 calamitatibus
509 2693 568 2752 tuis
586 2696 764 2770 perventura
780 2694 819 2752 sii

104 2781 228 2842 utilitas.
326 2804 329 2810 ·

144 2876 221 2936 Cum
239 2881 339 2936 autem
359 2874 435 2937 duae
456 2878 577 2937 omniuo
605 2880 685 2957 regni
715 2876 817 2938 tuendi

103 2970 238 3028 retinnes
257 2971 338 3042 sint;
356 2971 466 3031 amoris
485 2989 563 3045 una,
580 2972 671 3033 altera
688 2973 815 3032 timoris:

104 3079 164 3123 non
181 3062 278 3124 solum
294 3063 470 3140 honestius,
489 3083 523 3126 ac
550 3065 742 3138 laudabilium
765 3064 817 3124 sed

104 3157 194 3218 etiam
213 3156 248 3218 ad
266 3161 493 3236 perpetuitatem
510 3160 624 3222 Iirmius
637 3168 684 3222 est
697 3163 734 3221 ita
746 3177 815 3220 cum

104 3249 234 3311 subditis
262 3267 359 3329 agere,
384 3259 417 3314 ut
446 3259 474 3312 te
504 3253 626 3332 diligere
653 3262 815 3332 cogantur:

104 3343 184 3423 quod
203 3344 323 3422 quinem
338 3347 451 3406 volenti
469 3347 640 3409 facillimum
665 3356 720 3409 est.
743 3349 814 3409 Nam

104 3437 184 3516 quod
217 3437 301 3518 ajunt
327 3441 480 3516 nonnulli3
508 3450 643 3520 oportere
675 3442 816 3503 omnibus

104 3533 141 3592 ils
169 3532 276 3610 largiri,
297 3550 423 3612 qnorum
453 3536 690 3597 benevolentiam
714 3538 814 3598 venari

104 3625 252 3701 studeas,
276 3626 302 3686 id
330 3627 435 3688 laisum
457 3636 512 3688 est.
532 3631 612 3690 Licet
628 3637 707 3691 enim
726 3631 815 3692 bene·

103 3715 177 3780 Itcos
194 3736 262 3780 esse
281 3722 428 3801 principes
445 3712 569 3786 deceat:
597 3742 686 3806 saepe
713 3732 814 3787 tamen

103 3812 141 3874 ed
159 3829 290 3875 amorem
309 3818 383 3876 satis
408 3824 473 3892 est,
491 3819 514 3879 si
533 3820 643 3881 civium
665 3819 741 3880 bona
763 3839 815 3900 per

104 3909 177 3981 viru,
187 3915 239 3970 aut
254 3907 391 3988 injurIam
409 3927 465 3971 non
477 3914 652 3990 eripiantur.
664 3913 745 3985 Quos
758 3915 815 3975 cir-

103 4019 138 4063 ca
154 4004 177 4061 si
198 4002 272 4063 iorte
286 4003 436 4078 acciderit,
455 4013 488 4066 ut
514 4013 657 4067 consueta
681 4008 814 4085 vectiga-

104 4094 187 4175 liall)
198 4097 349 4174 subitis,et
363 4100 521 4178 insperatis
532 4098 682 4161 sumtibus
694 4103 814 4162 minime

104 4191 265 4266 sufficiant,
282 4199 312 4252 et
332 4211 366 4254 en
388 4193 426 4253 de
446 4209 552 4254 caussa
573 4193 608 4254 ad
628 4194 814 4255 subditorum

104 4299 177 4363 opes
197 4285 417 4363 conlugendum
439 4289 496 4358 sit;
516 4286 613 4346 danda
635 4291 691 4347 erit
704 4303 813 4365 opera,

104 4384 139 4440 ut
160 4395 217 4437 non
241 4377 414 4445 voluntate.
436 4381 487 4440 sed
507 4383 705 4450 necessitate,
727 4388 758 4442 et
776 4384 815 4441 ir-

104 4475 196 4534 ritum
211 4489 329 4552 quoque
346 4473 381 4536 ad
394 4476 538 4536 auxillum
554 4476 717 4554 rogandum
734 4478 816 4534 veni-

105 4583 137 4628 re
170 4569 332 4645 principem
355 4569 538 4646 intelligant:
566 4571 605 4630 bt
638 4572 662 4631 si
696 4571 815 4649 quando

105 4660 270 4722 mulctandi
283 4671 371 4723 erunt
381 4663 481 4743 aliqui,
497 4665 655 4726 ostendere
669 4666 815 4743 oportebit

104 4756 270 4818 servandae
284 4755 418 4837 justitiae
432 4762 525 4839 gratia
544 4760 571 4821 id
591 4759 663 4835 lieri,
685 4777 743 4821 non
766 4777 816 4839 pe·

166 4944 203 5028 (l)
221 4933 330 5024 ri'Iopor.

1526 214 1582 279 atu

867 324 974 383 cuniae
994 323 1146 384 aviditate.
1175 324 1248 385 llam
1279 341 1349 386 cum
1383 325 1470 404 pauci
1503 327 1582 399 sint,

868 417 976 496 quibus
992 418 1101 478 auferri
1120 418 1195 479 bona
1212 420 1373 497 conIIngat,
1391 416 1469 496 apud
1484 425 1584 480 caete·

869 529 918 572 ros
938 520 1038 572 tamen
1056 529 1091 573 ea
1110 529 1158 573 res
1174 512 1273 572 odiosa
1292 529 1359 573 esse
1380 514 1545 574 consuerit.

910 598 968 672 Sed
984 625 1053 668 curn
1073 608 1166 668 multa
1189 608 1224 668 ad
1239 606 1435 687 colligendam
1459 605 1592 694 benevog

869 703 991 764 lentiam
1014 702 1150 778 valeant3
1173 703 1253 764 nulla
1275 708 1323 762 est
1356 703 1486 781 proiecto
1517 703 1586 762 laci-

869 797 922 858 Ii0r
940 799 1023 870 ratio,
1037 813 1128 874 quam
1146 796 1338 858 subditorum
1352 795 1586 858 necessitatibus

870 891 1035 970 providere,
1053 898 1083 951 et
1101 893 1130 951 In
1153 893 1381 970 primiscavere
1400 908 1436 952 ne
1456 891 1586 970 lrugum,

870 993 900 1047 et
920 1003 1056 1048 annonae
1078 987 1201 1065 penuria
1225 987 1409 1062 Invalesoat;
1434 985 1459 1046 si
1475 987 1586 1046 instare

871 1080 1030 1153 videbitur,
1051 1080 1088 1142 ab
1099 1082 1194 1142 aliens
1210 1080 1378 1161 regionibus
1395 1082 1505 1161 quovis
1524 1097 1585 1140 mo·

871 1177 909 1238 do
930 1175 1113 1255 procuranda
1130 1178 1187 1236 erit
1205 1177 1247 1234 rei
1265 1163 1476 1237 frumentariae
1491 1177 1586 1253 copia.

871 1271 944 1332 baec
953 1273 1032 1331 enim
1048 1272 1239 1349 potissimum
1252 1279 1410 1344 causaest,
1423 1272 1491 1349 quia
1503 1270 1587 1348 plebs

872 1367 1022 1437 suthem,
1039 1367 1064 1426 si
1081 1365 1157 1426 adsit
1171 1382 1178 1436 ;
1194 1373 1241 1425 ast
1260 1366 1345 1439 male,
1369 1368 1393 1425 si
1415 1384 1472 1426 non
1488 1364 1586 1442 adsit,

871 1477 973 1521 secum
991 1461 1037 1538 agi
1060 1458 1218 1537 praedtcat.
1254 1461 1452 1533 Quamobrem
1482 1475 1585 1520 eorum

872 1573 929 1616 non
946 1571 1034 1616 secus
1049 1571 1084 1614 ac
1101 1555 1226 1614 fitiorum
1240 1574 1309 1617 eura
1326 1553 1516 1632 suscipienda
1525 1561 1584 1616 est:

871 1652 1057 1730 praesertim,
1086 1652 1155 1727 quia
1185 1654 1209 1711 si
1237 1650 1379 1713 rebusad
1400 1651 1511 1711 rictum
1536 1665 1588 1709 ne·

870 1747 1008 1806 cessariis
1031 1744 1208 1819 abundant,
1228 1745 1300 1805 nibil
1326 1745 1393 1806 mali
1421 1743 1588 1806 versabunt

870 1841 978 1910 animo,
990 1842 1190 1918 etquominus
1203 1842 1345 1919 pecuniae
1357 1841 1386 1899 in
1399 1844 1585 1899 commeatus

871 1933 1073 2012 proluderint3
1095 1951 1130 1994 eo
1144 1937 1303 2014 copiosius,
1320 1935 1343 1994 si
1369 1933 1489 2011 quando
1511 1945 1585 1994 usus

870 2029 1014 2102 evenerit,
1030 2028 1080 2087 ilbi
1095 2028 1257 2088 subvenire
1274 2034 1424 2106 poterunt.
1446 2028 1507 2088 Nec
1524 2024 1584 2086 utto

871 2121 958 2181 modo
974 2122 1208 2183 commitendam
1225 2129 1291 2193 est,
1317 2128 1350 2182 ut
1371 2121 1408 2182 de
1422 2123 1501 2198 Rege
1532 2134 1587 2179 suo

873 2218 957 2293 queri
974 2216 1100 2276 ualeant.
1112 2217 1305 2278 Solentenim
1322 2216 1511 2296 querelarum
1525 2212 1585 2291 ple·

871 2311 900 2368 ni
922 2326 1077 2370 sermones
1091 2310 1126 2370 ad
1144 2327 1192 2370 res
1210 2328 1303 2372 novas
1322 2308 1485 2370 moliendas
1503 2309 1583 2368 viam

871 2405 1056 2480 patefacere:
1078 2422 1154 2482 quas
1169 2423 1237 2467 cum
1256 2403 1375 2483 aggredi
1390 2407 1583 2476 statuerunt3

871 2498 1035 2574 periculoso
1056 2515 1176 2577 semper
1196 2501 1301 2559 itinere
1316 2503 1510 2575 grassantur,
1529 2509 1584 2554 nec

872 2608 1013 2670 umquam
1032 2595 1096 2654 sine
1114 2610 1220 2671 magna
1232 2609 1332 2654 rernm
1350 2587 1585 2671 perturbatione,

871 2691 901 2746 et
922 2687 1034 2764 ingenti
1056 2687 1326 2764 dispendiosorum
1341 2684 1497 2747 conabbus
1512 2683 1585 2742 resi·

872 2781 909 2839 sti
933 2788 1050 2858 potest;
1071 2799 1139 2842 cum
1163 2781 1276 2860 absque
1310 2783 1439 2842 maxima
1470 2779 1584 2857 Regum

868 2871 984 2950 jactura
1006 2875 1116 2935 subditi
1150 2877 1245 2954 perire
1278 2881 1439 2953 nequeant.
1461 2873 1492 2934 Id
1514 2888 1585 2951 ergo

874 2984 910 3028 ne
931 2969 1065 3029 accidat:
1088 2976 1203 3030 attente
1226 2968 1444 3047 providendum
1466 2975 1529 3041 est,
1551 2971 1585 3027 ut

872 3077 960 3122 suum
983 3064 1110 3141 quisque
1127 3066 1278 3143 negotium
1297 3069 1384 3140 agat,
1401 3078 1456 3122 nec
1473 3077 1586 3120 novan-

871 3153 918 3215 dis
939 3156 1029 3218 rebus
1050 3173 1154 3218 ansam
1178 3159 1269 3218 ullam
1291 3157 1406 3218 babeat.
1434 3155 1520 3217 Plura
1552 3159 1586 3214 ut
1614 3141 1619 3156 ⁸

871 3248 926 3310 bac
946 3250 983 3310 de
1005 3269 1036 3311 re
1059 3251 1267 3330 loqueremur,
1298 3251 1432 3331 producti
1455 3265 1583 3310 sumus:

870 3343 950 3422 quod
974 3345 1044 3405 licet
1065 3351 1094 3405 in
1117 3347 1233 3418 Ironte,
1256 3363 1313 3407 non
1336 3347 1434 3424 magni
1458 3345 1584 3405 Iortasse

871 3438 1027 3518 ponderis,
1048 3457 1064 3501 a
1086 3440 1265 3519 quibusdam
1294 3439 1467 3517 judicetur,
1491 3437 1585 3498 maxi·

870 3549 984 3595 morum
1007 3541 1108 3594 tamen
1131 3542 1266 3596 motuum
1287 3533 1377 3596 cardo
1398 3535 1427 3594 in
1449 3549 1484 3594 ea
1519 3547 1585 3610 per·

869 3644 958 3705 saepe
978 3633 1115 3690 vertitur.

909 3724 939 3784 Si
963 3741 1033 3784 vero
1055 3742 1106 3804 pro
1128 3724 1240 3786 tuendo
1261 3731 1342 3786 statu
1364 3722 1469 3785 exules
1491 3720 1583 3800 oliqui

869 3815 936 3878 lacti
960 3818 1088 3880 luerint:
1111 3819 1199 3895 dies,
1221 3827 1384 3898 noctesque
1405 3817 1444 3879 ab
1464 3816 1510 3878 eis
1535 3831 1585 3876 ca·

868 3911 999 3974 vendunt
1021 3915 1099 3990 erit,
1120 3930 1176 3975 nee
1198 3932 1340 3992 umquem
1363 3912 1530 3990 suspitIone
1549 3908 1584 3972 Ii·

868 4006 920 4068 ber
943 4009 1062 4069 animus
1085 4024 1154 4070 esse
1184 4008 1323 4069 debebit:
1354 4007 1515 4085 quonlam,
1548 4009 1584 4064 ut

867 4117 986 4179 semper
1006 4104 1105 4164 visum
1126 4110 1194 4178 est,
1214 4111 1246 4163 et
1268 4106 1295 4162 in
1319 4103 1383 4163 dies
1402 4103 1506 4179 magis,
1519 4115 1582 4160 ma·

866 4197 970 4272 gisque
991 4201 1195 4274 cognoscitur:
1219 4199 1235 4256 ii
1258 4196 1378 4258 assidue
1400 4195 1579 4273 invigilant,

868 4304 923 4348 nec
945 4305 1086 4366 umquem
1110 4291 1244 4351 meditari
1266 4290 1431 4367 desinunt,
1452 4305 1511 4368 qua
1535 4304 1581 4348 ra-

868 4385 947 4443 tione
981 4384 1168 4446 adversarios
1203 4385 1364 4461 invadere,
1397 4391 1427 4444 et
1462 4381 1580 4444 laedere

868 4484 994 4557 queant:
1020 4497 1100 4540 nuno
1121 4498 1223 4542 eorum
1245 4481 1475 4561 gubernationes
1502 4477 1583 4538 calu-

869 4571 1030 4646 mniando,
1052 4591 1131 4635 nuno
1152 4577 1235 4636 cives
1257 4576 1372 4654 magnis
1399 4573 1584 4650 pollicitatio·

870 4669 959 4728 nibus
979 4670 1183 4731 sollicitando:
1206 4687 1282 4748 quae
1303 4673 1327 4730 si
1346 4667 1581 4746 contempserIs,

870 4762 972 4824 laoiles
994 4764 1040 4825 bis
1062 4766 1151 4826 rebus
1172 4764 1285 4826 aditum
1303 4765 1483 4843 pateiecies,
1504 4777 1581 4842 quas

870 4867 957 4920 antea
992 4877 1028 4921 ne
1059 4864 1223 4939 cogitasses
1254 4861 1396 4940 quidem,
1430 4867 1460 4920 et
1492 4874 1582 4936 saepe

869 4956 1030 5031 contingit,
1053 4962 1086 5016 ut
1107 4972 1184 5033 quae
1204 4964 1317 5019 temere
1339 4960 1485 5016 attentata
1500 4959 1582 5030 sunt,
