3368 5362
145 212 204 272 iao

144 335 179 378 ac
200 331 290 393 sarpa
311 312 491 390 separatim,
513 319 543 369 rt
574 312 689 369 loanne
710 326 726 368 a
749 309 863 370 Fuchie

144 415 288 481 curante,
318 403 481 465 Helmstad.
515 404 601 465 toas.
625 402 653 465 b.
676 408 707 462 et
730 405 758 461 in
791 406 864 463 Dav.

31 491 37 501 ⁸
144 501 289 564 Thomani
311 500 348 560 ab
370 499 538 577 Hagelstein
557 498 642 557 Actis
657 496 784 575 publicis
803 514 865 555 mo·

144 595 266 656 notariis
288 594 336 652 ti
358 610 423 669 pag.
444 591 512 651 tii.
534 591 689 667 Augustae
708 590 795 650 4692.
816 589 862 648 iol.

182 689 280 746 toan
300 692 346 745 est
365 684 457 747 Solus
479 701 546 743 mea
562 687 597 744 at
615 681 737 756 veniat,
760 684 865 743 Sermo

141 780 177 842 Α.
201 780 288 841 teat.
319 794 419 837 coram
455 776 572 838 Urbano
594 777 628 835 V.
649 782 681 834 et
702 774 864 835 cardinali-

142 874 199 934 bus
220 872 362 946 habitus,
385 872 438 948 qui
459 869 497 930 ab
518 869 616 928 Flacio
649 868 767 945 illyrico
788 869 865 928 Cen-

145 969 287 1027 turiatore
310 967 338 1023 in
361 962 537 1038 catalogum
569 963 693 1020 testium
727 962 865 1020 veritatis

140 1060 255 1119 relatus
275 1063 344 1131 est,
365 1073 432 1134 pag.
455 1055 523 1114 878.
545 1054 620 1114 edit.
639 1055 753 1131 primae
780 1059 811 1112 et
834 1055 862 1111 in

141 1138 213 1212 tom.
237 1155 248 1211 i
276 1150 438 1210 lectionum
461 1148 698 1208 memorabilium
721 1151 766 1207 Jo.
782 1147 862 1206 Wol-

141 1243 170 1304 di
192 1260 259 1322 pag.
280 1243 349 1300 ata.
382 1243 544 1319 separatim
578 1256 699 1318 quoquc
725 1239 861 1299 editusa

142 1336 202 1397 Sal.
223 1332 358 1393 Gesnero
379 1334 501 1393 Witteb.
523 1334 611 1393 titt.

183 1424 319 1505 Epistola
340 1423 473 1503 Luciferi
487 1426 524 1484 ad
537 1425 690 1485 Praelatos
703 1421 861 1498 Ecclesiae,

142 1520 222 1581 edita
243 1537 260 1579 a
282 1518 388 1577 Placia.
411 1516 544 1594 Magdeb.
568 1516 655 1577 ists.
678 1518 706 1577 8.
725 1523 756 1576 et
775 1518 802 1576 in
818 1519 863 1577 lo.

142 1612 244 1672 Woliii
267 1613 346 1671 Lect.
371 1611 554 1691 memorabil.
578 1618 648 1693 tom.
672 1615 684 1671 l
713 1629 741 1689 p.
764 1610 831 1670 aar.

182 1708 341 1765 Tractatus
372 1702 407 1762 ile
445 1701 647 1779 Antichristo,
678 1701 746 1780 ejus
780 1705 865 1764 llini-

140 1801 231 1870 siris‚
252 1796 408 1869 adventu,
430 1798 526 1875 signis
547 1798 724 1874 propinquis
756 1805 788 1856 et
818 1813 865 1855 rr-

141 1895 232 1953 motis
240 1938 248 1968 ,
263 1899 294 1951 et
306 1892 334 1952 S.
348 1893 502 1969 Scriptura
515 1935 522 1963 ,
534 1891 635 1950 editus
650 1891 687 1949 ab
703 1888 864 1960 Edmundo

140 1988 272 2046 Mariana
295 1990 317 2043 t.
339 1985 380 2043 lX
404 1988 671 2045 monumentorum
695 1999 725 2058 p.
749 1981 837 2042 itit.

181 2075 351 2137 drismtelis
373 2073 496 2135 Politice
516 2081 548 2134 et
571 2071 763 2134 Oeconomico
793 2091 863 2135 oum

141 2170 381 2232 Glossematibus
401 2168 513 2228 Gallice
534 2183 643 2240 versa,
667 2169 802 2229 Lutatiae
834 2171 863 2228 in

141 2264 189 2324 iol.
201 2280 281 2324 anno
292 2261 585 2325 ueccctxxxvi.
608 2260 687 2338 apud
699 2262 863 2322 Antonium

140 2356 318 2417 Verardum.

183 2450 293 2509 Decem
326 2447 390 2508 libri
425 2446 598 2507 Elliicornm
625 2445 865 2522 Aristotelis,rt

137 2545 240 2623 plures
275 2542 340 2602 libri
386 2540 604 2601 Ciceronis-et
637 2543 764 2602 aliorum
811 2557 865 2600 au-

138 2643 255 2697 ctorum
299 2635 412 2695 Gallice
459 2637 561 2708 versi,
609 2636 743 2695 Lutatiae
784 2650 863 2692 anno

136 2729 455 2791 dcccclxxxviii.
477 2728 556 2805 apud
580 2727 731 2800 eundern,
750 2725 802 2786 iol.

179 2820 339 2880 Francisci
352 2819 535 2881 Petrarelioe
552 2820 589 2880 dc
606 2819 746 2880 remediis
768 2813 883 2879 uiriu-'

137 2932 213 2992 sque
236 2915 374 2973 fortunae
396 2915 490 2988 liber,
512 2914 624 2974 Gallice
647 2929 779 2985 versus,
800 2911 862 2972 edi-

139 3014 190 3068 tus
213 3008 348 3067 Lutetiae
369 3024 448 3067 anno
470 3006 663 3067 leXXXlV.

178 3101 339 3160 Tractatus
368 3096 404 3157 de
435 3097 573 3178 Spiraera
593 3098 706 3159 Gallice
733 3114 860 3177 versus,

139 3194 173 3252 Ι..
193 3192 292 3269 capita
313 3191 490 3265 continens,
514 3191 649 3251 Lutetiae
671 3207 749 3273 anpo
772 3189 858 3251 titia.

139 3284 218 3364 apud
240 3283 394 3345 Simonem
416 3284 593 3361 Lignaaum.

431 3376 569 3438 ineditas

177 3474 336 3534 'tractatus
347 3470 383 3532 de
394 3471 664 3534 communicatione
672 3471 860 3546 ldiomatam

137 3568 166 3625 in
189 3566 326 3627 Biblioth.
349 3566 512 3641 Vaticana3
533 3568 704 3639 Navarrae,
728 3571 759 3623 et
779 3564 859 3625 alibi.

752 200 1045 264 Nicotaus

919 327 1002 384 nam,
1016 308 1136 380 ibidem,
1146 303 1236 384 cujus
1255 305 1397 366 meminit
1408 306 1623 370 Mirandulsnas.

959 405 1117 463 Tractatus
1137 398 1174 459 de
1191 395 1361 459 maauaie
1380 399 1567 478 Formarum,
1583 403 1625 462 ibi·

919 495 989 556 dem
1012 503 1043 556 et
1065 496 1095 553 in
1117 492 1299 553 Bibliotheca
1320 492 1494 553 navarriae

960 591 1121 650 'tractatus
1141 584 1177 646 de
1203 584 1276 644 ira
1294 583 1499 667 Praedicondi
1507 632 1517 661 ,
1545 589 1573 647 in
1589 589 1626 649 iii

919 683 1068 743 bliotbeca
1090 680 1195 740 Sancti
1216 678 1355 737 Victoris.

960 777 1120 835 Tractaius
1130 770 1167 832 de
1182 767 1272 832 liniis
1285 768 1424 833 oeotmis
1441 789 1534 853 super
1545 771 1630 835 licata

919 868 1019 939 tiam,
1042 866 1163 926 ibidem.

960 959 1102 1021 Rationes
1125 964 1155 1018 et
1170 974 1283 1019 consae
1294 957 1435 1041 plurium
1462 951 1632 1021 demtus

919 1053 950 1112 in
968 1053 1111 1124 Natura,
1134 1051 1255 1112 ibidem.

958 1142 1637 1222 PluraandlibetortdiversaeQuoestionesib

956 1237 1632 1318 TractatusdeConfipnratianeQaalitotumib.

958 1333 1110 1409 Scriptum
1126 1337 1233 1392 contra
1249 1330 1516 1404 medicationem,
1530 1332 1634 1392 ibidem.

958 1427 1119 1486 Tractatus
1136 1425 1173 1486 de
1192 1424 1399 1506 Uniformitate
1416 1430 1448 1484 et
1462 1425 1635 1502 Differmita

919 1524 947 1579 te
968 1517 1186 1592 Intents'anam,
1204 1518 1325 1579 ibidem.

958 1614 1076 1673 Deeisio
1093 1613 1308 1684 Quaestionis,
1330 1612 1442 1671 Ubnm
1458 1615 1592 1690 oporteat
1610 1610 1635 1668 is

918 1703 999 1764 amsii
1010 1721 1086 1767 casu
1096 1703 1230 1784 judicem
1236 1701 1380 1781 judicare
1393 1701 1635 1764 emanantia·

917 1804 991 1877 pata
1012 1802 1043 1858 et
1058 1795 1211 1877 probata,
1228 1796 1353 1858 ibidem.
1506 1784 1516 1793 ”

960 1894 1121 1953 Tractatus
1152 1890 1188 1951 de
1218 1888 1416 1970 Proportinne
1453 1888 1633 1953 ieiunans

921 1985 951 2045 in
979 1983 1107 2046 molibus
1120 2032 1133 2063 ,,
1155 1987 1185 2045 ln
1204 1982 1388 2045 Bibliotheca
1408 1983 1564 2045 Navarrisi
1580 1982 1636 2044 Gol-

921 2080 1002 2157 legii,
1020 2087 1051 2139 at
1067 2079 1357 2157 Augustinianorum
1376 2078 1589 2138 Parisieasium
1604 2075 1634 2136 ad

921 2176 1045 2235 Pontem
1068 2174 1197 2233 Novum.
1451 2241 1454 2245 ,
1529 2188 1532 2193 ·

927 2259 928 2263 ’
961 2271 1122 2328 'tractatus
1143 2264 1179 2326 de
1201 2261 1405 2338 immanius
1425 2263 1547 2326 ibidem.

961 2363 1076 2422 Sacrae
1097 2356 1259 2421 Ganeianes
1276 2360 1306 2417 in
1325 2374 1422 2419 unum
1440 2358 1580 2421 volumen
1595 2373 1633 2416 re·

920 2455 1046 2526 deame,
1067 2469 1193 2516 numero
1215 2456 1331 2512 centum
1352 2458 1381 2512 et
1405 2450 1592 2530 qaindecim,
1607 2452 1632 2509 ia

920 2547 1104 2608 Bibliotheca
1117 2546 1406 2623 Augustiaianarum
1422 2545 1633 2609 Parisieosinm

919 2643 1031 2702 Horum
1066 2655 1258 2710 sermonum⁸
1283 2637 1364 2717 tituli
1399 2647 1432 2699 et
1467 2641 1633 2718 argumenta

918 2733 1001 2813 apud
1023 2732 1192 2812 Launojum
1212 2749 1242 2810 p,
1264 2733 1331 2810 liiii.
1347 2729 1412 2808 sed.
1432 2729 1599 2792 videantur.

958 2824 1148 2886 Nicotaus
1164 2822 1399 2887 Panormitaaos
1415 2825 1446 2882 in
1462 2823 1563 2887 Sicilia
1574 2822 1635 2901 api

918 2934 1052 2997 scopus,
1075 2918 1178 2989 inira,
1200 2908 1343 2977 Nicolaus
1357 2913 1393 2976 de
1413 2901 1564 2976 Tudescis.

955 3009 1150 3074 NlGOLAUS
1172 3007 1208 3069 de
1230 3004 1423 3087 Penimsorii,
1439 3015 1548 3070 auctor
1562 3021 1636 3068 suro·

915 3121 983 3164 mae
1004 3102 1221 3180 Tbeologicae‚
1242 3118 1333 3180 quam
1356 3102 1493 3180 cangius
1513 3100 1636 3175 evolvis

916 3213 950 3257 sa
983 3213 1017 3256 sa
1039 3197 1140 3256 innuit
1174 3197 1203 3255 in
1235 3193 1420 3255 Bibliotheca
1447 3195 1640 3275 sangerman-

916 3291 1024 3362 nensi,
1047 3289 1155 3350 Codice
1177 3288 1246 3348 525.
1268 3289 1371 3349 Notior
1391 3286 1425 3348 S.
1442 3283 1641 3365 tiaymuaius

915 3381 953 3441 de
965 3381 1157 3452 Peouaiorti‚
1174 3380 1212 3442 de
1227 3377 1317 3458 cupis
1334 3379 1548 3458 liapmundioa
1562 3392 1641 3438 sum·

917 3492 965 3535 ma
986 3475 1114 3550 aliisque
1136 3473 1375 3551 seriptisinira,
1399 3468 1629 3533 PENNAFORT.

960 3565 1152 3628 nicolaus
1184 3567 1330 3626 Perottus.
1353 3565 1506 3626 Francisci
1539 3565 1569 3625 i.
1589 3577 1650 3621 es*

177 3662 337 3720 Tractatus
358 3658 394 3718 de
415 3658 484 3718 Dici
502 3656 538 3718 de
555 3655 816 3732 omniinliiainis‚
831 3659 858 3716 in
916 3661 1032 3719 tinctus
1052 3656 1087 3718 Α.
1111 3657 1201 3719 itit.
1222 3658 1270 3718 l3.
1290 3657 1450 3719 Decembr.
1481 3657 1561 3717 baoa
1590 3669 1641 3713 oo-

136 3751 320 3811 Biblioibaca
344 3749 564 3835 victorina,de
586 3766 646 3827 quo
668 3752 860 3809 Passerinus.
917 3758 1020 3812 scetm
1040 3767 1080 3809 ex
1102 3750 1158 3810 hoc
1180 3752 1275 3828 ipsius
1295 3748 1449 3828 epitaphio
1469 3748 1549 3827 apud
1571 3748 1642 3807 Bao·

180 3844 340 3901 Tractatus
361 3840 397 3899 de
421 3841 663 3905 Divinationibus
688 3849 794 3903 cantra
809 3845 864 3902 lu·
919 3847 1002 3905 vium
1024 3842 1060 3904 ad
1082 3842 1213 3902 eundem
1236 3859 1350 3904 annum
1374 3860 1404 3901 n.
1426 3841 1476 3910 itii.
1498 3840 1534 3899 D.
1549 3837 1581 3899 0.
1600 3833 1640 3896 Ι-

139 3930 281 3992 diciariar
298 3931 509 4011 astronomos,
530 3944 562 3995 et
586 3937 740 4015 Principes
767 3937 796 3995 in
819 3943 863 3996 ta-
917 3934 1044 3998 Nicolaa
1063 3936 1181 3996 Perotto
1197 3932 1451 4015 Saaeoserraiensi
1479 3929 1516 3992 ab
1543 3943 1641 3991 recon‘

139 4024 274 4084 libasse
303 4034 509 4103 occupantes:
532 4030 597 4089 sive
620 4037 723 4090 utrum
746 4045 796 4091 res
817 4029 863 4088 iu·
918 4030 1010 4091 alitam
1033 4024 1253 4102 eruditionem,
1275 4026 1451 4106 linguarum
1471 4022 1637 4105 principa·

140 4122 227 4176 turae
247 4118 364 4193 possint
385 4119 526 4193 praesciri
544 4111 818 4200 per'dstrologiam.
831 4121 861 4178 in
915 4123 1061 4202 peritiam
1077 4169 1084 4199 ,
1098 4121 1342 4202 srirpularemque
1369 4117 1565 4200 saorsrsrtiam¹
1587 4121 1637 4172 Μ

143 4206 248 4268 eadem
262 4207 454 4280 Bibliotheca,
466 4208 556 4286 cujus
577 4214 863 4273 memineruntTho·
919 4233 978 4276 aaa
999 4215 1133 4277 illustria
1167 4215 1215 4276 rei
1240 4213 1411 4275 litterariae
1430 4211 1631 4274 monumento,

141 4317 208 4363 mas
226 4300 424 4367 lexoviensis
435 4307 466 4361 et
477 4304 861 4387 iaPicusblirandulanus.
918 4309 1144 4371 BESSdeONl
1161 4312 1187 4385 a)
1203 4305 1342 4388 inprimis
1357 4300 1629 4383 Caruentanam

185 4397 344 4455 Tractatus
365 4392 400 4454 de
427 4394 670 4476 proportionibus
696 4400 865 4482 proportio·
922 4402 985 4464 tiss.
1008 4402 1123 4463 eximie
1143 4401 1254 4470 altaro:
1276 4405 1339 4461 tum
1360 4395 1560 4461 narnatino
1586 4386 1624 4452 ill·

152 4593 179 4654 ι)
190 4598 306 4644 Perottus
318 4596 472 4645 itemsrlonis
485 4592 558 4662 card.
570 4596 757 4646 contubernalis
769 4601 795 4646 in
806 4598 869 4648 Con·
917 4604 1013 4650 minem
1029 4602 1141 4652 admitti.
1151 4602 1240 4652 Blasio
1253 4598 1346 4650 deinde
1358 4603 1429 4649 sisto
1441 4601 1483 4647 ii.
1495 4592 1622 4647 amasi,
1674 4586 1676 4595 '

136 4669 200 4720 alsrl
214 4674 271 4731 post
284 4669 355 4720 Pauli
367 4672 399 4719 ti.
416 4669 515 4719 obitum
524 4669 587 4733 (non
605 4672 643 4719 Pii
657 4673 687 4719 it.
699 4679 728 4720 ut
740 4674 869 4733 ttensgtus
914 4681 976 4725 itera
989 4713 997 4731 .
1015 4677 1099 4737 inquit
1111 4710 1119 4735 ,
1131 4679 1247 4735 Porotta,
1261 4677 1440 4739 intempestivo
1452 4672 1579 4723 amatoria
1588 4663 1621 4736 iij

136 4756 163 4804 P·
180 4743 209 4791 lii
230 4744 370 4797 lectionum
380 4747 414 4795 ‘in
428 4745 537 4795 cumen
553 4746 605 4791 iil.
623 4744 795 4805 Pairsraliaa.)
817 4751 868 4794 tres
915 4752 957 4800 die
976 4758 1004 4800 tu
1015 4751 1078 4799 mibi
1088 4751 1189 4811 tiaram,
1201 4750 1246 4799 tibi
1260 4751 1375 4810 galerum
1387 4748 1512 4798 ademisti.
1525 4736 1619 4792 ildsli'

136 4817 281 4883 cardinales
294 4822 441 4872 bessarione
453 4821 485 4870 da
496 4818 619 4882 suffragio
632 4832 677 4869 sua
689 4821 819 4873 aderanda
830 4821 868 4870 sl·
917 4826 1028 4888 nagisns
1042 4830 1101 4873 iam.
1119 4825 1144 4873 t.
1162 4838 1220 4887 pag.
1244 4823 1298 4873 im.
1316 4831 1378 4877 torn.
1395 4821 1411 4872 i
1426 4832 1486 4886 psa.
1510 4809 1616 4869 limi*l

138 4889 267 4945 locuturos
279 4897 379 4958 repulit,
392 4903 523 4947 caussatus
532 4896 565 4945 ab
574 4908 603 4945 ea
616 4893 706 4946 studiis
717 4897 814 4946 intento
827 4908 869 4946 ns·
917 4904 995 4948 amsi.
