3368 5362
165 192 225 252 060
809 187 1022 248 rs'rltus

167 316 234 378 pag.
247 298 313 359 066.
333 296 381 356 ubi
401 310 556 372 perperam
571 309 720 354 excusum
741 295 823 354 Petri
837 297 889 356 110-
946 295 1123 372 legationem
1136 296 1294 355 obiretdx
1306 297 1443 356 auctoris
1451 296 1650 359 Codllanuscr.

168 389 298 452 manerii
317 403 467 448 sermones
489 385 524 445 dc
545 384 638 465 sestis.
947 389 1026 465 typis
1038 389 1145 466 prodiit
1156 405 1225 448 cum
1239 389 1306 448 aliis
1318 391 1649 468 lterumllungaricaruu

209 481 353 544 PETRUS
375 477 548 556 0000001100
569 479 705 556 dnglus,
724 480 890 559 Theologus
945 483 1141 560 scriptoribus
1153 483 1277 542 loannis
1292 481 1650 561 Sambuci,Tirnaviensis,

167 587 201 637 et
216 575 456 638 iurisconsultus
474 573 680 634 Ordinlllinor.
695 575 724 632 in
741 575 890 638 Coenobio
945 575 1000 632 riri
1018 573 1213 635 eruditissimi
1235 576 1320 634 curis
1342 582 1375 636 et
1397 575 1521 649 studio,
1542 577 1650 636 Viennae

166 671 340 745 liorvlcensi
363 669 429 727 Sec.
459 668 524 726 XV.
545 667 667 743 scripsit
692 673 770 726 teste
793 668 889 726 Pitseo
946 667 1086 726 nustriae
1117 669 1204 727 1558.
1235 667 1283 726 101.
1307 670 1385 728 Tum
1416 676 1523 745 postea
1549 675 1650 728 curante

166 784 231 843 pag.
251 765 317 822 890.
339 762 379 820 lle
395 759 451 831 iis,
469 777 546 838 qaae
567 757 609 817 ott
621 759 676 818 lus
695 765 724 818 et
738 759 890 820 iodicium
943 761 1057 818 loanne
1075 760 1256 836 Bongarsio,
1285 760 1423 820 Francoi.
1450 760 1489 820 ad
1517 762 1649 833 lloenunr,

166 862 319 936 spectent,
335 854 472 913 ordinate
495 850 669 930 diripendis.
690 851 890 913 Directorium
945 854 1025 929 typis
1042 851 1171 912 Vectrelii
1187 851 1273 921 1600.
1292 852 1341 911 101.
1354 851 1442 922 Quod
1455 868 1532 930 opus
1549 853 1651 913 Samba-

163 950 249 1010 deris
273 951 301 1007 in
324 949 384 1008 loro
404 948 616 1008 Conscientiae
638 952 668 1005 et
684 946 840 1021 iudiciali,
863 951 890 1023 a)
944 961 999 1004 cus
1011 945 1136 1022 epistola
1148 944 1184 1005 ad
1197 945 1436 1006 Masiurilianum
1450 963 1550 1026 regem
1564 964 1582 1024 p
1598 947 1649 1006 rot.

165 1041 250 1103 libris
267 1043 313 1103 lv,
337 1042 379 1100 Dc
401 1056 519 1101 samma
544 1039 688 1100 Trinitote
710 1046 737 1100 00
755 1039 813 1119 fide
833 1041 891 1101 Co-

166 1135 274 1197 000000
296 1142 327 1194 01
349 1134 384 1194 de
407 1144 520 1212 septem
536 1133 762 1194 Sacramentis.
783 1135 823 1192 De
841 1133 891 1192 iis-

164 1231 230 1291 dem
240 1229 446 1292 sacrementis
458 1225 890 1305 ministrandisctaccipiendis:

164 1333 195 1384 et
212 1323 248 1383 de
265 1318 443 1382 criminibus
455 1337 533 1398 quae
547 1320 568 1377 d
580 1318 784 1380 sacramentis
802 1320 892 1398 impe

164 1417 266 1490 dicent,
289 1421 319 1491 et
334 1413 370 1474 de
384 1413 487 1492 poenis
509 1411 613 1472 iisdem
635 1410 830 1492 injunpendis.

184 1509 331 1570 l‘ETllUS
342 1509 509 1579 ltaveeeos,
519 1505 597 1566 idam
608 1520 678 1567 cum
692 1505 782 1565 Petro
795 1504 891 1583 Chry-

163 1602 260 1681 000000
281 1601 318 1660 00
336 1617 395 1677 quo
413 1616 504 1677 supra
517 1607 539 1658 t.
554 1602 580 1659 0.
596 1617 623 1677 p.
636 1600 704 1659 350.
717 1616 733 1658 0
747 1607 769 1660 0.
780 1601 809 1658 5.
820 1600 890 1660 000.

204 1696 220 1729 “
231 1698 299 1756 Fuit
310 1702 340 1753 et
357 1692 435 1754 alter
452 1694 559 1753 Petrus
572 1693 741 1765 Ravennos,
757 1693 807 1769 qui
823 1697 891 1770 post

164 1789 296 1849 medium
322 1790 405 1848 Sacc.
435 1786 499 1845 XV.
521 1787 631 1845 floruit.
646 1788 767 1846 Praeter
781 1791 890 1847 tracta·

163 1882 289 1954 tunr‚Dc
300 1881 512 1954 memoriaque
526 1877 644 1937 valebat
655 1878 691 1938 ad
707 1880 885 1939 miraculum
911 1895 915 1904 ·

163 1974 245 2034 dedit
267 1972 506 2050 Utriusquedur.
522 1969 715 2048 compendio,
735 1971 889 2032 Commen-

163 2065 277 2124 tarium
291 2066 319 2122 in
334 2064 431 2135 feuda,
445 2062 530 2121 luris
544 2060 740 2139 0100000000
756 2069 785 2122 00
799 2064 888 2124 inter·

158 2147 342 2235 prolationes
363 2153 479 2233 amplas
502 2154 532 2213 in
549 2152 696 2233 quosdam
710 2155 797 2233 juris
812 2155 888 2217 Pou-

88 2316 93 2324 .
140 2280 143 2285 ·
162 2248 246 2326 tificii
254 2247 454 2308 restitutiones
471 2248 512 2308 ait
525 2247 697 2309 Pancirolus
709 2249 795 2311 Libro
813 2250 841 2309 0.
858 2268 883 2309 0,

164 2342 228 2400 038.
254 2342 409 2401 Pelbartus
434 2344 463 2400 in
486 2342 617 2419 pomario
646 2344 784 2403 meminit
802 2345 881 2403 Petri

160 2434 323 2496 cuiusdam
348 2435 591 2494 Ravennatensis
608 2436 695 2495 cuius
722 2442 786 2495 erat
808 2435 882 2495 liber

159 2527 194 2588 de
209 2528 302 2606 pestis
313 2523 504 2587 laetabilibus.
521 2525 578 2586 An.
591 2527 669 2587 idem
690 2529 730 2586 sit
742 2543 811 2588 cum
831 2527 885 2588 hoc

157 2618 237 2679 luris
255 2617 377 2678 doctore
400 2618 526 2695 ambigo.
550 2617 622 2677 Vide
638 2615 747 2678 ibidem
767 2632 881 2675 sermo-

160 2726 229 2769 nem
252 2710 290 2768 00
312 2710 342 2770 S.
376 2709 547 2769 Catherina.
579 2710 661 2769 luter
687 2709 761 2769 haee
795 2725 882 2787 opera

38 2833 40 2837 ν
159 2805 241 2879 typis
262 2799 406 2882 prodiisse
417 2803 628 2863 constatluris
640 2800 833 2880 alphabetum
852 2803 879 2859 in

161 2894 189 2950 8.
212 2889 267 2950 An.
291 2891 378 2949 0510.
402 2891 466 2948 sine
488 2890 561 2950 loco.
679 2928 682 2933 -

198 2983 347 3043 PETllUS
369 2981 548 3056 Raimundi,
566 2983 603 3042 de
632 2984 734 3045 lnsula
752 3000 879 3063 grassa,

158 3077 285 3148 Gallus,
312 3073 539 3136 Carmelitarum
566 3076 603 3135 ab
621 3074 708 3136 Anno
735 3077 823 3137 0303.
844 3076 882 3154 00

160 3170 248 3231 0355.
270 3167 427 3229 Generalis
445 3171 564 3246 scripsit
582 3170 613 3229 in
636 3169 653 3228 l
657 3172 685 3230 V.
704 3165 798 3230 00000
811 3173 883 3232 Sen-

158 3263 327 3323 tentiarum.
348 3261 420 3322 Vide
435 3260 632 3324 Trithemium
650 3281 718 3342 cap.¹
731 3266 798 3326 603.
815 3265 883 3325 Ale-

160 3360 258 3436 grium
277 3374 343 3434 pag.
359 3356 428 3416 090·

198 3450 346 3525 sarnus
359 3451 521 3509 ltonsauos
539 3451 604 3510 sive
622 3453 786 3511 Ronzaeus
802 3451 884 3511 nobi·

157 3544 194 3602 lis
224 3544 473 3615 l’anormitanus,
506 3543 648 3615 Siculus,
677 3542 748 3602 Ord·
780 3542 882 3602 Praed.

157 3635 274 3696 Siculae
291 3636 606 3713 Provinciaapraeiuit
618 3636 655 3696 ab
665 3635 700 3695 Α.
714 3635 801 3696 tter.
815 3637 884 3713 Epi-

157 3745 268 3806 scopus
298 3730 490 3788 Luceriensis
512 3729 549 3788 ab
581 3729 616 3789 A.
647 3729 736 3789 0078.
757 3729 825 3789 1000
846 3728 883 3788 00

157 3821 312 3883 Matthiam
336 3822 501 3882 Corvinum
525 3823 694 3902 Hungariae
712 3825 822 3900 Regem
842 3821 883 3879 le-

946 1038 1059 1114 prolixc
1089 1054 1132 1098 src
1153 1037 1366 1098 commendat:
1390 1038 1449 1099 Hic
1470 1054 1542 1098 0000
1566 1045 1650 1101 aneni

948 1133 1114 1191 1100οα000
1140 1148 1195 1209 per
1223 1129 1334 1192 indices
1358 1131 1509 1211 quosdam
1531 1133 1650 1210 000000

946 1222 1081 1283 dentrice
1098 1222 1159 1284 sibi
1171 1223 1297 1284 Viemroe
1311 1225 1399 1285 elatos
1417 1242 1462 1284 em
1477 1224 1577 1285 iisdem
1592 1224 1650 1284 ande

947 1317 1097 1396 Bonfinius
1111 1335 1169 1378 suo
1187 1318 1410 1396 descripserat,
1429 1319 1442 1376 i
1445 1324 1476 1378 00
1488 1317 1613 1394 deducit,
1628 1321 1651 1375 ut

945 1410 1000 1488 qui
1009 1409 1045 1469 de
1055 1409 1334 1490 rebrrsllanporicis
1345 1409 1650 1493 alrputdprodidemut,

945 1502 1029 1563 nullo
1061 1523 1102 1565 00
1133 1510 1221 1585 porte
1241 1505 1282 1566 sit
1307 1493 1541 1586 postponendas.
1559 1503 1649 1564 010000

945 1594 1001 1656 000
1009 1594 1264 1657 brevitotecuncta
1274 1596 1428 1677 elepantos
1440 1596 1648 1678 estcomplexes,

944 1705 981 1747 00
994 1687 1071 1748 0100
1081 1688 1161 1769 quod
1171 1689 1201 1748 in
1212 1689 1342 1750 historia
1354 1690 1544 1771 requiratur,
1556 1689 1647 1768 rapient

932 1772 1053 1842 omisit.
1071 1782 1171 1862 rltqne
1194 1781 1247 1842 000
1265 1783 1383 1844 nomine
1406 1782 1456 1845 liic
1478 1786 1601 1864 scriptor
1616 1782 1649 1843 001

940 1873 1105 1952 praecipue
1133 1875 1373 1953 capnoscendus,
1397 1876 1481 1956 quod
1510 1876 1604 1956 aliquo
1628 1874 1648 1931 in

944 1967 1075 2046 Bonfinio
1085 1966 1134 2027 001
1144 1967 1371 2049 interruptauel
1380 1968 1524 2031 mendoso
1536 1967 1647 2029 librario·

943 2078 1014 2132 rum
1035 2060 1156 2136 incuria
1173 2079 1241 2121 ram
1258 2064 1338 2137 sint,
1357 2061 1406 2123 000
1428 2065 1559 2124 omnimo
1572 2062 1648 2138 adne-

942 2154 1027 2228 neri,
1041 2160 1071 2214 et
1080 2172 1138 2213 non
1144 2171 1257 2233 parum
1268 2153 1311 2214 od
1320 2155 1476 2216 sinceram
1487 2163 1517 2218 00
1529 2159 1647 2235 00000000

936 2247 1077 2326 00000110
1093 2247 1286 2325 captationem
1300 2249 1417 2328 juvari
1432 2268 1587 2330 00000000.
1601 2248 1647 2309 ,100

940 2339 1052 2400 idcirco
1076 2346 1173 2401 tomen
1201 2341 1353 2421 Bonfinius
1376 2324 1441 2423 ipse
1460 2342 1643 2423 0090900000,

939 2434 994 2513 qui
1008 2433 1190 2516 amplissime
1204 2452 1253 2495 res
1268 2450 1388 2516 puoque
1405 2442 1554 2512 exterma
1566 2452 1645 2518 prese

940 2532 1027 2586 cretus
1039 2533 1085 2587 est
1101 2572 1107 2601 ,
1119 2526 1174 2588 sed
1183 2524 1220 2587 00
1239 2525 1417 2590 brevitatem
1431 2529 1481 2591 010
1492 2531 1579 2591 etiam
1590 2547 1645 2589 cou-

947 2616 1141 2694 meutlabilis,
1157 2625 1184 2679 ct
1205 2619 1235 2678 in
1248 2618 1432 2699 quidusdam
1450 2608 1567 2682 omnino
1577 2639 1644 2703 prae·

938 2710 1092 2791 [erardus.
1108 2713 1169 2788 Qui
1181 2731 1248 2774 cent
1263 2712 1316 2774 die
1334 2713 1477 2776 intuisset
1493 2719 1507 2792 (
1514 2716 1561 2775 uti
1570 2714 1644 2774 edlac

937 2803 1056 2886 relr'que
1067 2806 1132 2884 ejus
1143 2805 1357 2867 desiderantur
1368 2853 1375 2880 ,
1387 2809 1500 2889 quippe
1513 2811 1644 2888 quinum·

937 2895 978 2958 les
995 2897 1134 2958 omnium
1149 2905 1316 2979 temporam
1337 2899 1425 2962 alios.
1449 2905 1511 2963 LX.
1538 2909 1565 2963 et
1587 2902 1643 2961 lunc

941 2994 1014 3051 llil.
1038 2997 1066 3052 et
1093 2992 1230 3053 ultimam
1257 2992 1438 3073 reliquerit)
1463 2995 1489 3061 ,ὰ
1509 3014 1555 3058 me
1573 3012 1643 3075 opero

936 3084 1127 3162 quorundam
1142 3086 1311 3146 amicorum
1325 3083 1456 3167 deer'qae
1471 3087 1564 3150 lucem
1583 3087 1643 3167 ospi-

936 3174 996 3250 cit,
1017 3176 1139 3255 0100000
1159 3180 1301 3258 quiante
1322 3180 1443 3261 Bonfini
1460 3181 1586 3246 0000000
1603 3200 1641 3260 op

935 3270 1109 3348 paruisset..
1133 3273 1216 3344 Quae
1234 3291 1272 3334 ex
1291 3270 1446 3339 Sambuco
1464 3276 1557 3355 refert
1574 3276 1642 3353 Sigis-

938 3363 1072 3424 mundus
1090 3367 1245 3426 Ferrarius
1266 3366 1338 3427 Ord·
1361 3366 1472 3430 Praed.
1495 3369 1563 3430 Hist
1575 3382 1640 3448 pror.

939 3455 1035 3533 Hurtp.
1049 3473 1076 3533 p.
1096 3457 1164 3518 050.
1183 3460 1246 3519 Non
1265 3458 1474 3522 omittendum
1487 3464 1544 3523 etsi
1562 3480 1593 3521 ex
1607 3461 1641 3516 iis

939 3547 1007 3607 dem
1027 3549 1158 3610 lontibus
1178 3560 1238 3611 tam
1259 3548 1443 3629 Ranzauus,
1460 3567 1551 3633 quam
1567 3549 1640 3615 Bouli-

940 3645 1087 3705 niussuos
1099 3646 1248 3706 ediderint
1259 3653 1513 3725 commentarios,
1524 3636 1638 3712 neutrum

938 3738 975 3796 ab
1006 3739 1099 3798 altero
1128 3728 1305 3817 accepisse,
1337 3737 1493 3821 siquidem
1524 3742 1638 3822 aequales

937 3838 1023 3888 erant
1036 3874 1042 3903 ,
1055 3831 1294 3892 licetltanzanus
1306 3836 1395 3910 paulo
1409 3840 1513 3899 senior
1525 3845 1636 3898 mortuus

155 3920 244 3990 gatus
262 3931 315 3990 per
333 3913 516 3992 triennium,
543 3915 623 3976 diem
651 3917 722 3977 obiit
735 3914 770 3976 Λ.
794 3914 881 3986 0000.
935 3938 1014 3981 0000
1032 3924 1119 3984 1000.
1135 3941 1205 3984 curu
1219 3925 1440 3989 Bonsmiumad
1455 3934 1542 3993 1095.
1557 3944 1636 4009 perse

156 4003 194 4062 de
215 4020 274 4079 quo
297 4003 455 4081 diligenter
480 4015 514 4067 ut
542 4010 618 4069 solet
636 4009 785 4069 Antonius
799 4009 880 4069 llon·
935 4016 1016 4074 nisse
1033 4025 1164 4076 narrent.
1185 4017 1285 4077 ludica
1303 4013 1429 4082 xxvn'ss
1445 4020 1633 4085 110000000οί1

156 4096 233 4173 gitor
250 4101 321 4152 tom.
340 4096 524 4158 0100110010.
543 4102 661 4163 Siculae
680 4120 707 4179 p.
728 4104 795 4163 055.
813 4117 876 4177 seq.
933 4122 966 4167 se
994 4109 1104 4168 llumae
1132 4109 1283 4184 adfuisse,
1300 4129 1370 4172 cunr
1385 4114 1479 4191 jussu
1500 4117 1597 4178 Nicolai
1609 4111 1632 4168 l'·

156 4194 188 4248 et
206 4187 335 4247 Jacobus
350 4188 453 4257 Ouetii
462 4199 531 4251 tom.
549 4197 575 4254 1.
594 4212 658 4272 pag·
677 4196 744 4255 876.
759 4212 822 4272 seq.
839 4213 877 4254 es
931 4200 949 4258 0
964 4209 1128 4278 purpurato
1146 4203 1350 4265 cardinalium
1363 4217 1475 4271 senatu
1486 4210 1630 4285 solemnitas

155 4282 753 4378 quonotitiamscriptorumejusreierre
769 4290 876 4367 placet.
931 4299 962 4352 et
991 4294 1148 4372 magnifice
1174 4298 1281 4356 loanni
1311 4298 1446 4376 Huniadi
1469 4309 1627 4382 parentatum

119 4384 122 4391 “
196 4376 224 4435 0.
248 4373 487 4436 Gonnnrtarios
508 4377 543 4437 ilc
564 4379 662 4440 liedes
693 4380 876 4458 nonpartcss
930 4393 1079 4447 estauno
1103 4389 1624 4457 1050110000001000000000-

153 4468 294 4529 110011000
308 4467 437 4527 Corvino
456 4467 626 4549 Hungariae
645 4475 704 4551 regi
722 4490 876 4551 nuncupa·
931 4496 1001 4539 nam
1016 4484 1219 4545 caeterisunt
1236 4485 1378 4547 Sambuci
1394 4490 1543 4565 ,scribere
1558 4505 1584 4548 se
1596 4491 1623 4541 10

155 4567 215 4634 tus,
229 4562 302 4623 dum
315 4559 392 4639 apud
407 4579 476 4621 eum
490 4560 876 4640 regisSiciliachrdinandi
931 4580 1029 4634 statur
1046 4592 1126 4635 anno
1145 4575 1231 4637 0088.

169 4703 196 4763 a)
208 4703 335 4790 Velamen
346 4705 451 4767 100000,
459 4713 484 4755 et
494 4708 581 4768 stylus
593 4701 701 4770 praeter
713 4713 880 4766 sortiturum
924 4716 1052 4768 Toletano.
1066 4724 1100 4767 lte
1119 4720 1177 4769 ollls
1191 4722 1327 4773 Codlclbus
1341 4727 1520 4792 llunnscrlptls
1531 4728 1578 4779 0100
1589 4726 1622 4770 Ol·
1677 4713 1679 4729 ’

151 4780 369 4829 consuetudinem
382 4781 492 4843 0100000
501 4784 587 4844 judice
599 4784 738 4848 weddinge
752 4789 878 4850 000080.
925 4792 1088 4844 dtnumtom.
1108 4796 1132 4843 5.
1148 4807 1206 4858 pag.
1221 4795 1290 4847 1168.
1375 4826 1378 4832 ·

150 4853 195 4910 qul
208 4851 301 4901 evolvit
313 4857 339 4901 ln
352 4855 471 4905 stollam.
484 4859 604 4909 vatlcsna
616 4864 640 4908 et
653 4863 878 4912 Franctscanorum
