3368 5362
147 219 208 281 aot
793 206 1012 269 raritas

143 324 302 402 Fulgentio
320 322 385 380 sine
403 321 530 391 litteris,
549 318 585 375 de
605 333 664 394 quo
683 315 744 375 dixi
775 331 866 392 supra
922 315 996 374 torte
1017 313 1098 373 enim
1122 312 1195 372 baec
1216 311 1425 373 additamenta
1448 319 1526 372 sunt
1545 315 1635 390 prioris

144 425 216 478 tom.
235 418 254 475 2
272 432 336 493 pag.
356 412 424 471 stt.
444 412 547 482 Qualis
564 411 604 468 sit
622 409 695 468 liber
707 408 742 468 dc
758 408 866 467 Grum·
921 408 1041 484 operis,
1063 422 1141 483 quae
1162 407 1276 465 auctori
1299 407 1340 465 illi
1365 406 1553 465 tribuuntur.
1572 407 1587 439 ¹

146 510 256 571 metica
270 551 277 581 ,
291 506 328 565 do
345 520 404 581 quo
419 503 623 576 trithemius,
643 501 691 560 vel
705 498 865 579 Speculum
961 499 1108 559 PETBUS
1125 497 1322 578 Bipposensis
1340 498 1517 559 Canonicus
1535 500 1562 556 in
1578 515 1637 576 agro

146 600 297 662 Ecclesiae
313 598 454 672 scriplum
482 597 637 664 carmine,
665 594 743 670 quod
775 610 867 652 manu
922 592 1102 652 Eboracensi
1122 594 1201 651 circa
1217 591 1274 651 An.
1295 591 1386 676 4190·
1407 594 1446 652 ad
1476 592 1635 652 Galireduro

145 700 301 754 exaratum
331 696 431 749 exstat
460 690 488 746 in
508 688 632 765 Angliae
655 686 866 758 Bibliotbocis,
919 685 1141 746 Eboracensem
1160 684 1432 763 archiepiscopum
1465 683 1637 764 scripsitds

146 787 226 846 dicet
246 786 296 860 qui
320 781 430 842 viderit
453 789 484 841 et
504 782 663 840 evolverit.
917 778 981 838 vito
999 781 1029 837 et
1044 773 1202 837 miraculis
1217 778 1249 837 S.
1274 775 1411 856 tt'r'trridi
1425 776 1636 855 archiepiscopi

186 878 202 911 ³
224 879 319 937 lluius
340 874 429 934 Petri
453 874 489 934 de
518 873 594 951 41194
624 873 751 932 celebris
772 873 801 930 in
824 870 869 928 bi·
920 870 1140 942 Eboraeensis,
1158 869 1292 930 defuncti
1316 869 1377 931 An.
1392 870 1465 932 741.
1481 873 1637 949 etBippone

147 973 237 1030 storia
269 971 397 1028 literaria
429 968 502 1027 liber
528 974 595 1041 est,
616 965 654 1025 de
679 981 738 1043 quo
766 964 868 1042 plures
923 965 951 1023 iu
976 965 1176 1038 monasterio,
1199 963 1279 1040 quod
1299 963 1637 1041 ipseeondiderat‚se

145 1069 246 1140 agunt.
270 1058 412 1132 Quaestio
434 1077 505 1119 vero
522 1065 571 1118 est
587 1073 697 1135 anceps
714 1073 752 1116 an
772 1061 866 1114 totam
923 1056 1035 1135 pullus.
1048 1054 1121 1115 Vide
1135 1056 1257 1116 Baleum
1271 1055 1324 1115 lll.
1335 1057 1387 1117 33.
1400 1059 1537 1117 Pitseum
1550 1055 1635 1134 phil.

148 1157 328 1232 scripturam
348 1155 473 1212 metrice
504 1153 697 1229 exposuerit,
719 1150 784 1207 sive
805 1164 891 1236 por-¹
964 1144 1289 1226 PETliUSBoperiss,
1306 1149 1635 1227 supraCLEBENSVl.

64 1312 67 1316 ,
146 1250 257 1306 tionem
282 1244 509 1319 tantummod03
532 1245 647 1318 reliqua
670 1257 742 1298 vero
764 1241 869 1298 Petrus
925 1241 1004 1319 Papa
1024 1243 1074 1301 tt
1109 1258 1136 1318 p.
1164 1242 1232 1302 365.
1262 1248 1293 1300 et
1315 1239 1538 1304 GREGOlilUS
1558 1243 1637 1302 Xtt.

146 1339 291 1417 hegidius
322 1339 516 1415 suppleverit.
550 1336 621 1395 Phil.
654 1334 754 1393 Jacob.
785 1335 871 1393 Lam·
925 1336 1031 1412 3pag.
1054 1335 1102 1392 91.
1666 1396 1669 1402 Δ

146 1433 267 1493 bacher.
291 1433 322 1490 V.
345 1447 370 1490 c.
393 1434 422 1488 in
445 1447 499 1489 sua
521 1429 594 1489 Bibl.
616 1428 740 1503 antiqua
763 1423 871 1484 Vindo-
964 1428 1108 1488 l’ETBUS
1122 1425 1157 1486 cte
1174 1426 1381 1508 Boscolruym,
1399 1427 1564 1489 dionoclrus
1578 1424 1635 1487 ltel-

147 1526 218 1585 bon.
236 1525 330 1584 civica
353 1539 416 1600 pag.
441 1523 488 1582 68.
519 1526 643 1581 annotat
671 1520 699 1578 in
730 1516 869 1577 Codicem
926 1518 1063 1594 licensis,
1085 1519 1141 1598 qui
1170 1519 1300 1580 Biblium
1322 1522 1449 1583 metrice
1471 1507 1635 1602 composuit.

146 1615 242 1678 eiusd.
261 1615 398 1675 Bibliotli.
417 1615 586 1691 pertingere
598 1611 755 1674 authorem
773 1627 870 1687 usque
925 1613 981 1673 An.
1006 1613 1094 1673 1464.
1117 1613 1246 1674 traditur
1266 1614 1348 1674 diem
1371 1617 1485 1676 obiisse
1507 1618 1537 1674 in
1554 1629 1638 1673 necm-

147 1710 183 1771 ad
206 1709 315 1769 librum
344 1707 445 1782 Buth3
468 1707 536 1768 dein
569 1704 731 1766 succedere
755 1705 785 1762 iu
807 1703 870 1764 lau·
925 1706 1001 1781 logio
1024 1709 1195 1764 monosterii
1220 1709 1251 1765 B.
1273 1709 1384 1768 Mariae
1398 1706 1635 1787 Virginis,rulgo

147 1804 215 1865 dem
238 1805 270 1862 B.
291 1805 327 1863 M.
350 1802 383 1861 V.
410 1818 532 1860 carmen
563 1801 695 1878 elegans.
727 1800 802 1858 Tum
834 1798 868 1857 N.
925 1797 961 1858 ad
984 1798 1090 1857 Sestos
1112 1799 1243 1859 Viennae
1266 1800 1469 1874 Austriae,in
1487 1802 1521 1861 V.
1541 1800 1571 1859 C.
1587 1799 1636 1858 llis

148 1897 332 1956 Testamenti
359 1894 513 1953 historiam
544 1890 753 1956 tantummodo
779 1905 871 1948 cvan-
925 1894 1044 1968 ronymi
1068 1893 1212 1951 Peztom.
1230 1895 1459 1971 l.scriptorum
1478 1892 1635 1954 recumbe

146 1989 271 2068 gelisam
293 1987 434 2063 adiungi3
456 2003 493 2044 es
516 2001 576 2061 quo
600 1984 707 2043 inferre
729 1999 766 2041 sc.
783 1997 870 2058 posse
925 1987 1102 2045 striacarum
1126 2001 1189 2064 pag.
1211 1970 1392 2048 sasleium
1414 1988 1456 2047 de
1472 1988 1530 2047 boc
1550 1988 1634 2058 Petro,

149 2097 207 2139 non
236 2078 421 2156 improbabili
453 2079 625 2138 coniectura
647 2081 771 2149 censet,
794 2075 871 2132 intra
925 2078 1085 2137 Mellicensi
1108 2080 1138 2137 in
1160 2077 1281 2140 dustria
1303 2080 1398 2141 Ordin
1422 2081 1535 2142 Bened.
1557 2081 1635 2142 dictu

148 2189 201 2231 eos
225 2172 301 2231 sines
321 2173 442 2231 Petrum
466 2187 533 2230 sese
554 2170 762 2242 continuisse,
791 2164 870 2243 quod
927 2187 979 2231 rus
1002 2172 1057 2231 luit
1079 2172 1125 2230 vir
1147 2173 1224 2232 alter
1243 2173 1467 2235 celeberrimus
1483 2171 1635 2236 Beroardus

149 2271 180 2323 et
200 2265 359 2325 confirmat
389 2264 572 2325 authoritate
604 2265 721 2323 llenrici
755 2258 872 2319 Ganda-
927 2265 1003 2338 Pez,
1026 2281 1116 2340 quem
1150 2267 1304 2343 superiore
1336 2265 1543 2328 Anno'l735.
1572 2266 1637 2325 bisce

151 2360 256 2418 vensis
277 2356 314 2416 de
336 2359 438 2435 script.
471 2357 585 2417 Eecles.
607 2374 633 2415 c.
655 2356 705 2416 22.
726 2351 872 2412 tradentis
928 2356 1035 2415 litteris
1056 2364 1193 2434 ereptum
1216 2358 1419 2419 vehementer
1444 2359 1596 2431 dolemus,
1614 2359 1635 2414 in

147 2455 268 2513 Petrum
282 2453 441 2528 scripsisse
454 2453 482 2508 in
494 2449 716 2528 Eptateucbum
727 2448 804 2508 duos
817 2446 873 2503 Be·
926 2448 1107 2523 Bibliotheca
1118 2466 1208 2527 quarn
1222 2452 1340 2529 paravit
1352 2451 1558 2513 benedictina.
1568 2451 1636 2511 ldem

146 2563 218 2624 gum
246 2550 277 2605 ot
309 2544 481 2622 Evangelia.
514 2543 609 2603 Aniba
632 2559 703 2601 vero
724 2550 755 2600 et
775 2539 869 2600 codex
929 2549 1000 2601 tom.
1024 2543 1051 2602 2.
1075 2543 1212 2602 Bibliotb.
1235 2546 1383 2605 asceticae
1397 2563 1466 2624 pag.
1484 2546 1519 2607 81
1541 2546 1576 2604 st
1589 2542 1637 2603 edi

147 2649 178 2699 et
199 2641 346 2699 llenricns
376 2637 511 2698 eiusdem
543 2654 611 2696 eum
642 2638 728 2695 Petro
759 2633 874 2694 saeculi
927 2637 971 2696 dit
993 2654 1156 2699 sermonem
1178 2637 1245 2718 rJ'us
1277 2641 1357 2699 circa
1379 2638 1437 2699 hu.
1461 2638 1637 2701 143811411-

147 2740 229 2791 sunt.
252 2732 403 2790 Carminis
423 2729 461 2789 de
482 2732 515 2789 B.
537 2730 569 2788 V.
592 2745 680 2788 nemo
708 2728 786 2787 alius
807 2742 870 2784 me·
926 2738 989 2792 sum
1011 2730 1047 2791 de
1063 2737 1144 2792 statu
1165 2737 1245 2793 visae
1266 2731 1453 2792 monasticas
1473 2732 1636 2810 1111811111-

148 2825 253 2898 minit3
274 2826 346 2899 quio
369 2829 399 2881 et
420 2822 527 2881 deesse
547 2823 634 2880 aitio
653 2828 769 2898 septem
788 2817 867 2879 MSS.
923 2823 990 2900 ris,
1013 2842 1110 2902 neque
1142 2826 1244 2904 plures
1270 2844 1310 2886 ex
1343 2826 1540 2886 sermonibus
1572 2826 1635 2885 illius

147 2915 239 2975 Codd.
262 2915 398 2975 eiusdem
420 2932 465 2991 op.
488 2915 538 2992 qui
563 2915 591 2971 in
625 2915 770 2973 Caesarea
799 2913 869 2970 Vin·
925 2919 1016 2976 variis
1037 2917 1202 2978 Trithemio
1220 2934 1283 2996 cap.
1300 2918 1369 2978 739.
1392 2918 1432 2977 de
1453 2921 1487 2980 S.
1508 2921 1543 2981 E.
1563 2926 1591 2978 et
1608 2918 1634 2977 ll.

147 3008 254 3067 debon.
275 3007 456 3068 Bibliotheca
489 3012 696 3066 asservantur.
726 3003 869 3066 Eiusdem
926 3011 994 3070 537.
1016 3011 1124 3072 illustr.
1146 3010 1332 3071 Benedictio.
1353 3011 1439 3072 etde
1455 3013 1637 3086 luminaribus

148 3101 292 3160 carminis
314 3096 467 3178 prologum
492 3098 600 3158 ibidem
623 3101 739 3159 recitat.
757 3099 789 3158 ln
805 3097 870 3157 cod.
925 3103 1103 3164 Germaniae
1121 3121 1185 3183 cap.
1209 3107 1274 3165 tos.
1291 3105 1426 3166 laudatis
1448 3106 1637 3185 profiteturss

147 3195 216 3253 688.
241 3195 345 3253 Latino
367 3193 544 3252 Taurinensi
567 3209 644 3253 saec.
677 3194 755 3254 Xlll.
787 3198 871 3252 extat
927 3199 955 3256 in
974 3197 1636 3266 BibliothecissiveBavaricissiveAustria·

147 3289 267 3366 pariter,
285 3302 361 3364 opus
380 3285 458 3346 istud
476 3287 553 3345 Petri
569 3286 607 3346 de
621 3287 703 3365 biga,
718 3286 770 3346 sed
783 3286 870 3364 longe
926 3290 969 3349 cis
991 3293 1125 3367 potuisse
1159 3292 1299 3369 reperire.
1331 3292 1462 3354 Caetera
1484 3310 1562 3372 quae
1588 3293 1637 3351 Tri-

147 3382 285 3454 auctius,
307 3392 397 3456 quam
431 3381 471 3437 sit
503 3381 531 3438 in
565 3377 636 3440 Cod.
670 3379 894 3453 Germanic03·
927 3383 1060 3442 themius
1075 3391 1221 3443 memorat
1237 3384 1315 3443 Petri
1333 3386 1448 3462 scripta
1465 3385 1637 3464 subvorsos

149 3491 218 3534 nam
242 3480 362 3552 praeter
383 3473 491 3533 librum
524 3472 604 3532 Both
628 3478 712 3532 estat
733 3473 771 3531 ibi
794 3473 872 3548 pari·
926 3475 1103 3549 metricum,
1125 3476 1243 3537 hicelao
1275 3477 1506 3557 Dnuclrelspule
1533 3474 1636 3557 rogante

148 3576 195 3627 ter
217 3567 291 3627 liber
314 3565 442 3642 Tobiae,
464 3566 616 3638 Danielis,
638 3564 762 3636 ludith,
783 3565 873 3623 Ester
927 3572 1072 3648 scriptum
1095 3568 1131 3630 ad
1154 3571 1314 3629 Dominum
1336 3572 1492 3634 Brandam
1515 3572 1636 3634 Gordius·

149 3665 176 3720 in
199 3660 376 3720 cuiuslibet
399 3658 458 3718 fine
480 3658 688 3719 sidscribitur
720 3655 809 3717 tiber
828 3673 874 3716 sc-
928 3664 986 3722 lem
1010 3663 1041 3723 S.
1063 3663 1248 3736 Clementis,
1271 3666 1421 3742 Legatum
1449 3666 1633 3745 spostolicae

146 3759 222 3813 etos
242 3756 354 3830 Beyum
376 3749 513 3830 explicit.
533 3753 609 3811 Tum
636 3750 747 3810 dantur
777 3749 874 3809 Maca·
930 3758 958 3814 in
982 3755 1119 3829 dustria,
1143 3772 1234 3835 super
1267 3759 1361 3818 totius
1393 3759 1509 3819 Bibliae
1539 3759 1633 3836 capita:

148 3846 235 3919 basi,
264 3849 314 3923 qui
349 3845 534 3905 clauduntur
565 3844 620 3904 bae
651 3844 873 3904 admonitione:
928 3851 1053 3909 Boreum
1064 3844 1634 3931 memorioleDivinorum.lncip.rtslrt'·
1678 3894 1680 3901 .

147 3937 272 4015 explicit
280 3943 366 3998 vetus
376 3939 602 3998 Testamentum.
616 3936 790 3998 Secundum
801 3936 873 3996 baec
925 3947 1028 4020 potens
1046 3939 1158 4000 coelum
1170 3947 1292 4000 terrum.
1304 3943 1421 4004 Deinde
1437 3943 1570 4005 Historia
1578 3946 1633 4001 tes·

149 4037 217 4105 post
245 4032 457 4105 praelationem
491 4033 717 4109 subiunguntur
744 4036 874 4106 quatuor
923 4051 1035 4112 porum
1057 4032 1208 4095 sectabilis.

148 4120 304 4196 evangelia
319 4125 450 4181 carmine
465 4123 616 4183 adstricta.
629 4125 706 4182 Pone
721 4124 872 4199 sequitur:
968 4129 1047 4188 *Ba
1069 4135 1149 4206 quae
1171 4127 1208 4187 de
1230 4129 1378 4206 scriptore
1400 4130 1461 4191 isto
1492 4128 1628 4192 memorias

151 4211 256 4274 Passio
288 4214 321 4270 b.
354 4213 390 4271 N.
410 4216 436 4273 J.
471 4216 503 4277 C.
536 4216 705 4278 Secundum
736 4220 868 4296 quotuor
928 4221 1084 4281 bominum
1099 4237 1132 4280 se
1151 4218 1339 4299 proditurum
1359 4225 1523 4302 spopondit
1537 4227 1565 4285 P.
1579 4225 1626 4281 Ber

49 4331 52 4336 ’
150 4303 369 4383 livoripclislcs.
394 4307 426 4365 ln
449 4308 526 4367 line:
550 4309 686 4387 Emplicit
707 4311 743 4370 N.
774 4311 872 4369 Testa·
928 4312 1041 4385 nardus
1074 4315 1151 4387 Ber,
1173 4331 1208 4373 eo
1231 4316 1405 4391 importuno
1429 4318 1489 4377 iate
1517 4316 1623 4377 sublato.

149 4398 873 4482 inmmmeontinuoaddnur:lirctptumeoepo-
927 4406 1082 4483 evulgavit
1103 4409 1134 4466 Ρ.
1165 4409 1309 4467 Martinus
1340 4409 1440 4486 limps
1463 4413 1492 4469 in
1515 4402 1621 4470 Biblini.

150 4493 273 4554 sitiones
292 4491 380 4551 totius
400 4489 472 4550 libri
487 4500 516 4553 et
528 4494 627 4572 primo
655 4496 718 4557 siue
744 4497 780 4556 Λ.
807 4497 871 4567 Qua
925 4498 1120 4558 benedictino
1132 4499 1293 4559 blellicensi
1306 4518 1398 4578 quam
1413 4503 1552 4580 produxit
1562 4501 1622 4560 Vico

151 4586 288 4645 absoluta
310 4587 439 4664 epitome
461 4585 726 4649 addunturidetes
750 4590 871 4668 Aposte
926 4608 983 4650 nae
1005 4591 1062 4651 An.
1095 4593 1182 4652 1748.
1206 4594 1234 4650 in
1265 4593 1293 4653 4.
1320 4592 1442 4653 Obiisse
1474 4597 1618 4672 scriptorem

152 4676 257 4737 lorum.
280 4680 326 4739 Ex
350 4677 405 4738 hoc
433 4678 504 4739 Cod.
527 4681 698 4740 coniectura
724 4680 804 4743 haud
829 4685 872 4741 in·
927 4683 1006 4742 hunc
1027 4702 1065 4743 ex
1085 4687 1257 4761 coniectura
1275 4691 1382 4744 censet
1403 4688 1495 4762 paulo
1515 4693 1577 4747 ante
1596 4678 1618 4736 l·
1678 4728 1680 4736 .

150 4787 281 4844 congrua
294 4769 464 4830 traheretur
480 4770 640 4849 aegidium
657 4778 772 4836 nonnisi
786 4792 872 4835 rccu-
926 4776 1013 4834 1440.
1044 4778 1203 4855 scripsisse
1224 4793 1296 4837 vero
1320 4778 1363 4835 ait
1392 4778 1499 4856 plura,
1520 4792 1584 4856 quae
1599 4771 1616 4824 it

148 4860 350 4938 pititletiooem
366 4868 393 4921 ct
409 4869 494 4923 ochis
505 4862 710 4942 Apostolorum
728 4867 866 4932 dedisse:
924 4867 1014 4927 Codd.
1043 4870 1264 4932 Mellieensibus
1296 4869 1381 4930 MSS.
1411 4871 1510 4934 adhuc
1539 4879 1616 4945 susti·
