3368 5362
600 138 873 251 blottubls
906 187 1205 252 cantaras

150 194 209 256 oct

151 314 209 367 tur.
230 303 347 374 Quanta
362 298 441 356 enim
457 293 801 375 detrimenta.quantas
816 313 866 356 ca·
921 298 1010 376 genili
1039 307 1131 374 sunt;
1165 300 1221 361 hac
1253 302 1446 379 ignoratione
1478 303 1614 382 plectantur,

151 400 322 463 lamitates,
358 396 504 470 quantum
539 391 601 468 agri
633 389 869 464 desolationem,
965 392 1064 472 Siqui
1088 412 1155 454 vero
1177 396 1205 453 in
1230 403 1426 477 mercaturae
1449 403 1615 476 quaestuels

150 500 264 574 quanta
286 505 376 565 saepe
396 482 553 545 amittendi
576 486 666 544 totius
696 484 787 562 llegui
822 503 870 563 pe·
925 486 1039 562 burare,
1060 496 1091 549 et
1112 490 1261 549 excellere
1283 490 1475 567 studebunt,
1493 511 1545 554 non
1560 498 1618 557 nodo

153 585 243 650 ricula
265 582 375 643 bellum
397 578 520 654 aderat3
543 594 630 638 nemo
657 576 718 638 lere
752 578 868 657 credit3
924 580 960 640 ad
981 580 1008 639 id
1027 598 1078 641 eos
1097 581 1231 654 hortari,
1252 591 1283 642 et
1304 585 1411 644 lavore
1428 590 1574 665 prosequl3
1587 590 1621 650 et

153 681 208 740 nisi
230 679 280 756 qui
302 680 445 751 expertus
467 672 565 732 luerit.
598 670 696 743 Quare
725 671 762 731 dc
794 671 869 733 bello
923 676 1024 746 etiarn,
1047 679 1071 734 si
1105 675 1165 735 steri
1190 680 1310 754 poterit,
1333 680 1381 738 eis
1404 683 1621 760 pecuniaeque

153 773 241 834 verba
260 768 380 849 quidem
397 766 459 826 beri
478 765 637 843 aliquando
651 768 869 843 concesserim;
924 769 1030 830 altene
1052 768 1176 829 decebit.
1210 769 1255 830 dd
1289 774 1518 834 sustentandas
1543 780 1622 855 quipp

151 867 203 930 sed
227 874 326 926 tamen
349 867 463 923 attenta
484 859 651 921 cavendum
674 866 744 932 est,
766 878 803 920 ne
832 860 869 920 ad
924 864 1063 921 civitates
1086 862 1234 923 fructuosa
1257 872 1307 923 est
1341 870 1527 945 negotiatr03
1554 872 1627 932 etad

152 962 179 1023 id
215 957 383 1020 necessario
418 953 642 1032 suscipiendum
680 970 769 1015 causa
810 953 868 1016 ulla
924 953 1174 1033 suppeditandam
1197 974 1312 1028 rerum,
1334 960 1456 1037 quibus
1483 981 1573 1041 egeas,
1596 983 1629 1026 eo

152 1054 337 1137 praebeatur.
351 1051 424 1111 Nam
443 1065 531 1126 saepe
548 1050 634 1126 quasi
655 1047 786 1109 miraculi
805 1048 868 1109 loco

152 1158 184 1211 ct
204 1148 335 1224 antiquis
357 1141 559 1221 temporibus,
582 1150 612 1201 et
633 1149 731 1202 aetate
766 1151 865 1203 nostra

151 1245 302 1322 cognitum
325 1245 394 1312 est,
421 1239 472 1315 qui
507 1237 621 1314 primus
652 1235 866 1301 discordiarum

150 1352 259 1399 causas
278 1331 431 1407 attulerit,
454 1347 522 1390 eum
547 1347 604 1389 non
629 1329 714 1389 modo
745 1331 773 1389 in
805 1333 868 1391 acie

152 1431 304 1509 superari,
327 1442 432 1486 verum
454 1427 545 1484 etiam
567 1424 752 1501 gravioribus
771 1422 869 1503 jactu·

152 1526 213 1595 ris,
234 1518 494 1597 acerbioribusque
511 1516 645 1578 cladibus
661 1518 769 1595 ailligi3
788 1519 866 1597 quod

152 1615 272 1696 quidem
296 1632 347 1693 pro
367 1613 595 1673 evidentissimo
615 1622 791 1690 argumento
819 1615 868 1674 ba·

152 1710 212 1770 beri
234 1715 345 1786 potest,
372 1706 427 1767 boc
449 1706 611 1783 injustitiae
629 1723 725 1783 genus
747 1708 868 1768 Divinae

152 1801 299 1880 ldajestati
323 1801 404 1861 nullo
428 1798 513 1862 modo
536 1799 660 1878 placere.

191 1897 266 1957 lluic
287 1897 369 1973 pacis
390 1894 533 1954 beneficio
554 1895 722 1971 proximum
744 1900 791 1954 est
820 1901 868 1970 ju·

154 1998 307 2051 rentutem
329 1988 487 2068 diligenter
509 1990 709 2067 perscrutari,
735 1996 766 2049 et
796 2004 867 2066 quo·

153 2102 219 2146 rum
241 2085 377 2162 ingenia,
412 2099 594 2161 corporaque
627 2083 668 2142 rei
700 2083 817 2143 militari
839 2100 870 2144 a·

154 2182 247 2258 ptiora
271 2178 446 2252 videantur3
475 2193 527 2236 eos
547 2184 599 2237 aut
619 2175 774 2256 stipendiis
805 2195 871 2255 pro-

162 2274 233 2352 priis
253 2270 417 2348 adjuvare,
445 2279 497 2331 aut
520 2271 625 2330 alienis
646 2270 792 2342 ducibus,
813 2271 870 2332 sub

156 2383 282 2447 quorum
304 2365 457 2444 disciplina
479 2364 587 2426 erudiri
622 2368 756 2444 possint,
786 2381 871 2426 corn·

156 2461 315 2522 mendam:
340 2459 477 2520 cedomi
500 2461 590 2519 vitam
622 2475 731 2537 segnes
763 2461 871 2520 transi·

154 2563 244 2635 gant:
267 2556 464 2634 nequeenim
487 2552 668 2631 sperandum
696 2560 742 2613 est
765 2552 870 2631 guber·

154 2651 262 2714 bandis
276 2650 413 2729 praediis,
430 2656 483 2709 aut
498 2649 633 2710 culturae
650 2665 787 2727 agrorum
803 2649 869 2727 ejus

154 2747 272 2824 generis
293 2744 428 2804 homines
448 2743 564 2803 deditos
583 2745 652 2804 lore.
667 2746 723 2816 Qui
743 2763 813 2807 vero
831 2745 868 2806 ad

155 2841 269 2918 negotia
291 2838 419 2917 gerenda
443 2839 538 2898 idonei
557 2838 780 2915 iudicabuntur,
815 2841 869 2901 bos

153 2951 271 3014 quoque
294 2933 341 2994 vel
363 2949 378 2993 a
401 2935 534 3011 principe
555 2935 618 3011 ipso
639 2936 770 2995 exerceri
799 2951 869 2994 cou-

152 3031 272 3102 veniet3
300 3027 347 3087 vel
369 3026 446 3106 apud
474 3029 581 3105 llegem
604 3030 794 3107 quempiam,
815 3037 868 3091 aut

152 3123 373 3199 liempublicam
395 3123 549 3183 collocari:
571 3123 620 3183 ubi
648 3125 868 3202 llagistratibus

153 3215 292 3294 gerendis
310 3213 502 3294 spectandam
521 3217 662 3275 virtutem
679 3233 763 3277 suam
784 3234 868 3295 prae·

152 3310 261 3371 beant:
290 3309 345 3370 bac
377 3312 456 3369 enim
480 3311 592 3369 ratione
615 3327 669 3370 uec
689 3314 748 3370 otio
770 3319 868 3391 torpe·

153 3414 257 3479 scent,
280 3414 311 3465 et
333 3407 416 3467 lacile
438 3408 466 3465 in
488 3407 584 3466 claros
606 3408 687 3467 viros
717 3409 866 3471 evadent:

152 3518 220 3562 cum
244 3501 423 3573 bonoribus,
444 3507 475 3560 et
495 3501 532 3561 ali
556 3502 687 3580 ingenia,
709 3510 739 3562 et
767 3505 866 3580 augeri

152 3597 277 3657 soleant.
298 3599 487 3673 Magistratus
509 3613 580 3655 vero
603 3598 682 3675 ipsos
703 3605 763 3656 tam
786 3606 867 3674 tuos,

153 3707 241 3768 quum
265 3690 418 3769 publicos,
441 3693 496 3750 etsi
519 3709 578 3768 quo
604 3691 739 3768 pluribus
770 3691 869 3752 distri-

925 1049 1003 1126 piam
1027 1049 1228 1110 accomodata.
1250 1050 1389 1131 ldeoque
1406 1055 1545 1133 pluribus
1557 1060 1632 1119 verbis

924 1141 961 1203 de
983 1159 1017 1203 ea
1039 1141 1254 1220 disputandum
1270 1162 1344 1207 esse
1362 1153 1488 1212 censui.
1504 1153 1569 1213 llam
1581 1170 1631 1214 cun

924 1245 1029 1297 natura
1052 1238 1162 1297 sterilia
1186 1254 1336 1318 persaepe
1359 1242 1429 1304 loca
1450 1245 1594 1307 videamus
1604 1266 1632 1308 er

924 1337 1122 1392 mercatorum
1145 1329 1291 1393 industria
1324 1337 1479 1397 omnibus
1500 1340 1578 1399 rebus
1599 1342 1631 1401 al-

924 1424 1040 1498 lluere;
1063 1425 1155 1485 multo
1178 1429 1294 1504 magis,
1320 1430 1381 1488 nisi
1405 1436 1494 1492 cives
1525 1434 1629 1494 tuosad

926 1517 953 1577 id
975 1519 1197 1578 exercitationis
1221 1537 1323 1597 genus
1350 1525 1498 1601 institui,
1527 1544 1558 1586 ac
1583 1545 1633 1588 eru·

924 1611 978 1671 dm
1001 1613 1173 1689 curaveris3
1195 1614 1320 1675 aliunde
1344 1618 1510 1679 institores
1539 1620 1570 1680 ad
1597 1638 1636 1698 op

923 1703 989 1782 plda
1013 1711 1061 1765 tua
1084 1714 1285 1783 concurrent,
1311 1721 1553 1792 perceptamque
1575 1716 1636 1775 utili·

923 1805 1015 1860 tatem
1032 1817 1089 1859 non
1107 1801 1193 1861 aliter
1206 1803 1234 1860 in
1252 1806 1387 1877 patriam
1400 1823 1493 1868 suam
1510 1809 1634 1878 auferent

923 1909 1012 1970 quam
1035 1896 1202 1971 sylvestres
1215 1896 1381 1958 culumbae
1405 1901 1519 1974 solent,
1539 1906 1633 1981 quaes

923 1986 1042 2064 quando
1062 1986 1098 2047 ad
1126 1991 1348 2065 peristeronem
1375 1995 1574 2070 alliciuntur,
1599 1998 1632 2056 rbi

923 2083 1090 2158 appositum
1112 2082 1211 2142 cibum
1235 2083 1385 2163 depastae
1409 2100 1508 2165 sunt,
1533 2090 1568 2150 ad
1594 2093 1633 2169 pr'e

925 2175 1020 2234 stinas
1042 2175 1176 2237 redount.
1200 2177 1419 2243 Laborandum
1440 2193 1490 2244 est
1508 2188 1631 2264 igitur,ul

924 2268 1001 2344 apud
1022 2276 1090 2329 tuos
1106 2273 1130 2329 is
1148 2271 1265 2333 lructus
1283 2285 1434 2353 maneat3
1451 2282 1569 2340 etiamsi
1582 2293 1625 2354 ops

924 2362 1032 2436 luerit,
1050 2364 1128 2442 quod
1145 2365 1217 2427 lucri
1236 2366 1438 2432 dulcedinem
1458 2377 1623 2450 gustarent

924 2472 975 2516 eos
997 2464 1047 2518 tua
1065 2476 1120 2536 ope
1139 2460 1242 2534 luveri,
1260 2468 1355 2538 atque
1372 2470 1559 2527 sustentari.
1575 2465 1626 2538 col

924 2568 941 2612 a
973 2551 1179 2614 liberalissimo
1207 2564 1334 2632 parente
1361 2565 1421 2620 tuo
1455 2561 1543 2623 bisce
1571 2562 1631 2622 arui

923 2649 1040 2724 egregie
1062 2647 1172 2708 factum
1195 2656 1262 2725 est;
1284 2653 1338 2728 qui
1356 2656 1540 2732 cumplures
1556 2672 1633 2719 onere

923 2745 1002 2815 riaS,
1022 2743 1230 2819 actuariasque
1253 2761 1350 2805 naves
1374 2753 1501 2829 magnis
1533 2751 1634 2826 sumpti·

922 2832 979 2894 bus
1000 2833 1036 2894 ad
1059 2852 1127 2894 eum
1151 2835 1310 2897 dumtaxat
1333 2856 1429 2902 usum
1464 2843 1632 2911 aedificavit,

924 2936 957 2989 ut
984 2930 1124 3007 negotiari
1160 2929 1331 2993 volentibus
1363 2933 1567 3013 deserviant;
1592 2953 1633 2998 uet-

921 3022 1000 3084 allud
1028 3040 1066 3083 ex
1089 3023 1145 3083 illis
1176 3023 1281 3086 faenus
1309 3040 1533 3107 comparatur,
1562 3048 1632 3112 quau

923 3124 956 3178 ut
976 3118 1066 3178 Cives
1088 3117 1255 3195 navigando
1277 3138 1342 3180 rem
1360 3123 1420 3183 sibi
1443 3127 1492 3186 vel
1511 3141 1634 3204 quaerere

923 3210 971 3271 vel
992 3227 1101 3288 augere
1119 3214 1241 3287 possint.
1264 3214 1325 3275 Nec
1344 3217 1433 3293 ipsas
1452 3220 1542 3280 modo
1559 3233 1634 3280 naves

922 3305 1062 3367 omnibus
1087 3309 1281 3367 armamentis
1315 3309 1490 3375 instructas
1521 3330 1634 3376 commo

922 3398 994 3474 dat3
1018 3416 1123 3460 verum
1146 3402 1235 3459 etiam
1258 3401 1396 3478 alumen,
1420 3411 1635 3481 triticumcae

923 3501 1061 3572 terasque
1084 3496 1112 3554 in
1137 3510 1191 3554 suo
1213 3496 1313 3573 llegno
1338 3509 1508 3563 nascentes
1535 3514 1635 3563 merces

921 3604 1024 3648 eorum
1047 3587 1113 3648 fidei
1136 3588 1242 3648 credit.

961 3682 1025 3754 Quo
1046 3684 1185 3744 ellectum
1201 3690 1259 3751 est.
1280 3700 1351 3746 cum
1370 3690 1526 3766 prioribus
1542 3689 1632 3752 scalis

151 3783 267 3860 pueris,
288 3801 323 3844 eo
346 3784 438 3864 major
458 3789 594 3865 aequitas
627 3786 720 3846 videet
753 3791 866 3865 possit:
922 3776 993 3836 nulli
1009 3784 1125 3854 praeter
1139 3781 1358 3840 transmarinos
1372 3782 1403 3842 in
1416 3788 1630 3863 regionibusno

151 3885 251 3940 tamen
274 3896 342 3939 cum
365 3895 416 3940 eos
437 3882 632 3957 praesertim,
663 3884 713 3958 qui
746 3880 867 3958 majoris
920 3872 991 3931 siris
1011 3873 1256 3948 conspicerentur
1269 3882 1470 3954 mercatores3
1486 3880 1548 3959 jam
1569 3895 1627 3942 nuuc

152 3980 224 4034 sunt
255 3971 416 4052 ponderis,
447 3973 610 4052 prudenter
640 3991 657 4034 a
688 3973 866 4051 quibusdam
920 3966 1075 4044 indigenae
1098 3966 1183 4026 multi
1215 3970 1445 4047 emptionibus,
1474 3974 1623 4036 venditioni

152 4067 347 4144 fideliterque,
369 4075 399 4126 et
430 4066 465 4128 ad
494 4076 585 4140 tuam,
617 4068 866 4147 subditorumque
920 4061 1037 4139 busque
1058 4058 1166 4135 dediti,
1191 4060 1384 4141 plurimaque
1416 4066 1454 4127 ad
1487 4087 1553 4130 eam
1580 4081 1619 4129 reu

151 4162 319 4237 utilitatem,
338 4161 520 4222 ethonorem
536 4163 646 4239 optime
663 4162 865 4223 administrari
919 4156 1075 4232 aptissima
1092 4155 1209 4225 navigia
1228 4157 1448 4220 inveniantur.
1465 4170 1498 4223 et
1520 4165 1592 4241 plura
1604 4163 1621 4217 iu

150 4258 341 4336 cognoveris;
364 4272 415 4315 eos
436 4272 506 4334 ergo
533 4257 579 4316 vel
613 4273 786 4334 nunquam,
822 4256 865 4317 rel
921 4248 987 4309 dies
1006 4248 1295 4309 fabricentur:adeo
1312 4257 1347 4311 ut
1364 4253 1394 4312 in
1414 4255 1532 4318 ultimis
1545 4259 1623 4319 orier-

151 4352 268 4411 nonnisi
298 4367 363 4410 sero
390 4349 550 4410 mutandos
580 4367 648 4410 esse
679 4352 866 4411 censuerim:
921 4345 979 4420 lia,
1000 4341 1230 4421 occidentisque
1262 4342 1376 4406 fluibus
1413 4358 1564 4412 nostrates
1589 4351 1622 4408 bo

151 4462 290 4523 quoniam
325 4446 349 4504 si
382 4444 468 4504 aliter
500 4443 610 4505 laetum
648 4444 736 4505 luerit
765 4448 867 4506 evenit
923 4439 1019 4498 minet*
1036 4435 1156 4496 assidue
1169 4439 1370 4514 negotientur.
1384 4442 1621 4524 Speroquebretl,

152 4541 345 4619 plerumque,
368 4547 401 4600 ut
422 4546 492 4599 ante
513 4538 550 4598 ab
583 4538 742 4598 honoribus
773 4539 867 4599 disca·
920 4538 1069 4610 quantum
1093 4529 1162 4590 buic
1183 4531 1283 4610 Regno
1306 4536 1457 4611 profuerit
1478 4557 1512 4601 ea
1540 4533 1620 4598 resti

150 4632 241 4705 dant„
263 4650 352 4711 quam
375 4631 410 4692 ad
433 4633 520 4693 officii
551 4648 653 4692 curam
688 4634 865 4708 pertinentia
922 4625 993 4685 nihil
1015 4624 1094 4685 aliud
1118 4626 1183 4696 nisi,
1205 4624 1240 4685 ad
1264 4628 1460 4693 subditurum
1490 4635 1617 4695 utilitates

150 4730 264 4807 negotia
287 4727 396 4788 callere
417 4728 588 4805 caeperint3
604 4727 810 4804 elllciturque,
832 4736 865 4790 ut
919 4722 956 4782 ab
974 4724 1036 4798 ipso
1060 4726 1181 4797 parente
1198 4726 1251 4780 tuo
1266 4727 1464 4801 excogitata3
1482 4729 1563 4788 tacite
1576 4741 1618 4784 ou

149 4838 217 4882 cum
241 4823 386 4898 imperitis
406 4839 525 4900 semper
547 4822 743 4899 imperitiores
764 4838 867 4882 succe-
921 4815 1008 4877 nibus
1030 4822 1132 4873 nolum
1157 4813 1227 4871 fore·
1250 4814 1425 4895 itidemque
1457 4821 1495 4882 ab
1526 4837 1558 4879 eo
1585 4831 1618 4896 prt

149 4913 242 4977 dant:
263 4923 294 4975 et
325 4931 374 4974 res
406 4922 493 4987 tuae,
524 4922 555 4975 et
584 4930 655 4976 cum
685 4914 733 4975 alii
764 4916 866 4990 cives,
921 4905 1134 4971 introducenda
1150 4906 1266 4968 lanificii
1280 4918 1349 4971 arte
1370 4914 1485 4977 lactum
1503 4913 1616 4975 estdu

150 5011 214 5068 tum
237 5023 308 5069 vero
328 5007 442 5082 infimi,
468 5009 519 5087 qui
551 5008 632 5071 uullo
663 5009 750 5071 modo
777 5010 869 5091 negli-
924 5023 993 5070 cum
1014 5015 1152 5080 magnam
1172 5002 1236 5062 auri
1259 5006 1324 5067 vim
1340 5005 1381 5069 ob
1398 5024 1559 5090 pannorum
1572 5008 1615 5066 iuv
