3368 5362
681 181 933 244 RHAGlUS
1493 183 1553 245 373

58 298 125 369 Quo
140 293 247 355 ordine
260 309 334 353 vero
348 291 378 350 iu
393 290 519 368 siugulis
531 290 702 368 regionibus
714 306 780 349 ver·
835 289 917 369 prid.
941 290 1005 350 llal.
1035 292 1105 351 444.
1126 293 1153 365 4)
1188 290 1282 367 Aiunt
1311 305 1432 369 quaque
1453 291 1552 367 ipsum

59 396 148 451 satus
171 387 282 457 luerit,
304 386 466 463 ignoratur.
493 384 553 443 lloc
573 389 690 444 certum
713 389 781 460 est,
839 383 975 443 Doctoris
995 382 1172 459 'theologiae
1193 382 1339 460 dignitate
1361 382 1501 457 fulsisse,
1523 389 1554 441 ct

60 484 165 560 ipsum
182 481 212 539 iu
229 478 333 550 ltalia,
347 483 378 536 44
391 478 502 537 Romae
518 478 692 556 praecipue,
710 477 783 537 iuis-
836 477 865 535 iu
887 492 922 535 ea
945 493 1003 534 non
1022 476 1130 535 leviter
1147 476 1239 535 luisse
1257 484 1423 536 versatum.
1443 475 1554 537 Conler

59 592 114 647 se,
138 573 188 634 ubi
210 571 320 631 iacebo
340 571 578 648 Ouestenbergio
601 570 782 631 familiariter
836 570 909 628 lian.
931 569 1038 628 Fidleri
1061 567 1133 629 diss.
1157 569 1339 645 singularem
1362 568 1400 628 de
1416 571 1462 628 lo.
1479 569 1555 629 44444-

60 682 160 739 usus,
180 670 213 724 44
234 664 329 736 44444,
351 664 445 741 ipsius
466 663 627 741 auspiciis,
648 663 780 722 lauream
836 662 883 739 giu
910 662 1145 738 AEsticampiauo
1173 660 1252 738 Lips.
1284 660 1371 720 4730.
1399 666 1431 718 44
1455 660 1554 721 llanlii

58 757 410 821 Poetieamaeuntttrce
428 762 608 816 nactusest.
631 756 676 816 Ex
699 754 782 814 ltalia
838 753 989 813 lusatiam
1014 755 1075 812 Vll.
1098 755 1124 813 4.
1156 753 1344 829 Scriptorum
1377 752 1457 813 illius
1478 754 1555 811 uoti-

59 850 218 931 protectus
238 855 287 907 est
308 850 337 907 in
358 848 504 920 Galliam,
523 850 551 921 a)
574 847 623 908 uhi
647 838 781 905 Lutetiae
837 848 909 905 tiam
932 852 1112 922 sequentem
1134 843 1311 922 suppedito:
1655 914 1658 921 .

56 941 249 1021 aliquamdiu
271 940 376 1000 haesit.
404 939 477 999 lude
504 956 635 1018 auguror
663 938 783 997 Fribur-
845 976 848 981 -
881 939 906 997 4.
924 937 1076 1018 Praefatio
1091 938 1122 998 in
1138 934 1419 1016 Epistobrshibauii
1431 953 1448 998 a
1463 938 1555 997 Fran·

59 1051 136 1114 gum
159 1035 189 1093 iu
211 1034 397 1111 Brisgoviam
424 1031 603 1102 devenisse,
625 1029 674 1090 ubi
704 1035 781 1087 teste
832 1032 917 1089 cisco
940 1030 1121 1091 Zambicario
1145 1029 1252 1090 Latine
1280 1044 1464 1105 conversas,
1483 1046 1500 1090 a
1522 1030 1556 1088 li-

60 1124 290 1201 llrhauollegio
305 1124 574 1200 ,aulamCaesaris
588 1128 785 1190 secutusest,
836 1124 942 1183 brariis
964 1124 1040 1183 male
1064 1124 1199 1197 habitas,
1221 1140 1237 1182 a
1259 1140 1292 1183 se
1315 1139 1388 1182 vero
1412 1120 1554 1183 emenda-

58 1228 93 1283 44
113 1218 219 1299 procul
246 1216 336 1276 dubio
369 1218 407 1278 ab
439 1219 494 1278 boc
523 1219 612 1277 etium
645 1215 776 1276 lauream
837 1223 925 1276 taset
936 1218 1125 1294 argumentis
1139 1218 1312 1276 instructas.
1327 1216 1556 1275 Craeou.lbill.

55 1315 213 1375 Politiuam
234 1311 427 1387 impetravit:
450 1326 519 1370 uam
542 1309 652 1386 duplici
681 1308 782 1368 laurea
835 1313 861 1368 4.
885 1309 1037 1369 Dedicatiu
1059 1307 1096 1367 ad
1118 1309 1272 1368 llattbiam
1293 1308 1487 1383 Drabieium,
1512 1323 1559 1366 re-

62 1411 206 1465 oruatum
228 1402 342 1474 luisse,
361 1408 491 1462 testatur
506 1398 710 1478 Epitaphium.
727 1401 784 1459 Co·
837 1404 886 1478 gni
905 1401 1042 1460 Palaniae
1060 1402 1083 1458 V
1087 1400 1343 1460 icecaucellarium
1359 1399 1474 1461 directa
1486 1405 1556 1468 est,

61 1498 163 1559 louiue
183 1497 282 1573 ipsum
300 1493 394 1554 bonas
416 1495 532 1554 litteras
548 1492 705 1565 docuisse,
724 1498 784 1551 tra·
837 1511 927 1570 quem
945 1499 1069 1570 ,utpote
1084 1493 1238 1553 literarum
1255 1495 1415 1553 Patronum
1429 1492 1558 1566 ,debitis

57 1589 106 1651 dit
124 1590 215 1653 fleur.
232 1588 323 1670 Corn.
338 1587 477 1665 Agrippa.
495 1588 538 1647 lte
556 1585 649 1665 Spiru
664 1593 783 1663 practer
838 1586 977 1646 laudibus
993 1585 1107 1647 evehit.
1121 1587 1249 1646 Sumtus
1265 1586 1336 1647 44444
1351 1590 1398 1645 Jo.
1411 1586 1557 1663 Clymes,

58 1680 259 1760 Epitaphium
278 1679 352 1740 nibil
374 1680 523 1739 novimus.
545 1679 721 1756 Sequuntur
743 1679 784 1737 lo
838 1678 994 1756 bibliopola
1012 1685 1045 1737 et
1060 1679 1138 1736 civis
1154 1680 1374 1739 cracoviensis.
1392 1677 1491 1738 Editio
1509 1677 1558 1738 illa

61 1789 123 1848 ca,
144 1774 175 1833 in
196 1771 308 1849 quihus
329 1778 470 1833 versatus
490 1778 538 1837 est
560 1772 711 1850 Rheginos,
732 1771 783 1831 ad·
838 1773 990 1831 rarissima
1014 1788 1094 1831 nunc
1116 1770 1214 1831 denua
1236 1771 1370 1832 exhibita
1391 1778 1438 1831 est
1454 1787 1472 1831 a
1490 1772 1558 1830 lliru

58 1866 127 1927 dite
143 1864 234 1925 simul
251 1881 340 1924 auno.
357 1864 415 1924 An.
431 1865 518 1926 4504.
538 1866 672 1925 Basileae
691 1866 784 1926 Ceba·
839 1867 911 1925 lter.
930 1866 975 1924 4ο.
991 1865 1103 1924 Christ.
1127 1864 1235 1924 Wolfio
1252 1864 1288 1924 ad
1307 1864 1419 1923 calcem
1440 1865 1559 1942 Episte

59 1959 104 2017 tis
125 1956 259 2019 tabulam
280 1957 424 2035 praelegit
440 1963 472 2016 et
488 1958 643 2035 explicuit.
665 1956 711 2018 hb
733 1959 783 2017 illo
841 1958 936 2019 larum
957 1958 1067 2018 libanii
1083 1958 1180 2019 hmst.
1199 1956 1286 2018 4738.
1304 1974 1321 2017 4
1338 1973 1372 2015 se
1388 1955 1558 2039 editarum,

61 2058 201 2128 tempure
218 2051 248 2109 iu
265 2047 428 2109 Academia
443 2049 638 2111 Craaouieusi
651 2094 658 2125 ,
672 2056 705 2111 et
722 2067 785 2111 ma·
839 2051 1094 2129 quemadmodum
1123 2059 1194 2112 ante
1223 2053 1251 2110 in
1275 2051 1365 2129 praei.
1388 2049 1426 2110 ad
1446 2051 1559 2112 (14444-

60 2142 141 2220 juris
156 2140 280 2219 Collegii
295 2141 480 2218 collegiatus
497 2142 570 2216 4444,
588 2142 784 2220 quemadmo-
841 2148 913 2206 riam
928 2147 1131 2224 Epistolarum
1148 2147 1280 2220 Libanii,
1298 2146 1378 2222 Lips.
1396 2141 1485 2204 4744.
1498 2142 1560 2203 edl-

61 2234 140 2297 dum
161 2240 316 2312 praeterea
333 2237 445 2295 artium
467 2235 635 2296 liberalium
652 2237 784 2314 Magistri
839 2245 960 2313 tarum,
979 2238 1048 2316 ejus
1069 2240 1203 2316 aliquam
1226 2240 1411 2298 mentionem
1440 2236 1559 2296 lecerat.

62 2334 97 2389 et
119 2342 275 2389 sacrarum
297 2327 463 2389 litterarum
486 2328 676 2390 Baccalaurei
697 2331 784 2390 titulo
841 2331 883 2391 lbi
905 2347 939 2390 se.
961 2338 1051 2391 vocat
1071 2335 1116 2389 4ο.
1142 2329 1416 2390 Somrnerleldium.

62 2436 142 2483 usus
154 2425 222 2493 est,
236 2421 308 2497 quia
322 2419 433 2485 ibidem
447 2422 600 2502 Epistulae
617 2422 728 2483 libanii
747 2422 784 2483 ah
880 2424 907 2482 2.
924 2422 1152 2499 Epigrammata
1161 2418 1559 2500 prodieruntbipsiaelbii'.

63 2515 136 2592 ipso
153 2511 333 2575 emendatae
353 2519 385 2573 44
404 2514 503 2576 editae
524 2521 608 2576 suut.
628 2515 674 2575 hu
699 2517 785 2577 45446.
842 2516 868 2575 i.
889 2515 927 2574 ibi
945 2530 979 2573 se
1002 2522 1090 2573 vocat
1110 2517 1256 2574 loannem
1279 2512 1558 2587 AEsticampiauum.

63 2612 98 2667 st
112 2611 218 2685 postea
232 2644 243 2675 ,
255 2606 440 2668 Francoiurti
455 2606 493 2669 ad
507 2608 651 2669 Viadrum
666 2610 696 2669 iu
710 2610 785 2669 Aca·
858 2660 864 2667 .
882 2609 909 2668 3.
926 2605 1166 2669 Commentarius
1181 2604 1212 2665 ia
1226 2601 1464 2663 Grammatioum
1478 2602 1561 2661 llar-

62 2698 166 2761 demia
183 2714 263 2761 nova
278 2696 398 2776 docuit,
414 2707 446 2761 et
464 2702 632 2763 lluttenum
654 2701 786 2780 discipu·
842 2699 919 2760 tiuui
939 2697 1077 2780 Capellae
1098 2704 1128 2759 44
1147 2697 1258 2757 Donati
1279 2695 1422 2775 sigarus.
1444 2699 1472 2758 i.
1493 2696 1560 2755 siue

63 2795 130 2855 lum
144 2789 536 2866 mauritaniarum.
552 2812 605 2874 per
620 2797 782 2856 triennium
842 2795 995 2855 mentione
1011 2795 1102 2868 anui,
1121 2799 1169 2853 est
1187 2794 1216 2851 iu
1235 2789 1419 2852 Bibliotheca
1435 2789 1562 2849 Franco-

64 2887 185 2964 bipsiae
205 2882 309 2943 docuit
328 2884 422 2947 bonas
442 2886 578 2961 litteras,
596 2897 628 2947 44
647 2896 787 2949 auctores
843 2885 1089 2949 lurtaViadrina.

61 2977 222 3059 iuventuti
241 2978 406 3056 praelegit,
427 2980 577 3054 Plinium,
595 2981 733 3041 Plautum
755 2987 787 3041 et
884 2982 911 3039 4.
934 2981 968 3041 44
988 2980 1137 3058 quasdam
1159 2979 1256 3040 Plauti
1273 2977 1455 3038 Comoedias
1473 2983 1505 3035 44
1526 2975 1562 3035 li·

64 3073 152 3134 alios.
169 3070 246 3142 Quia
266 3087 336 3131 vero
353 3071 478 3133 barbara
493 3072 603 3133 ibidem
618 3075 736 3149 ingenia
754 3074 788 3134 li·
843 3073 913 3133 bros
925 3074 1077 3134 oratorios
1089 3073 1242 3135 Ciceronis
1255 3076 1562 3137 commentatus-esse

65 3173 151 3227 teras
161 3163 357 3225 humaniores
367 3180 553 3242 concoquere
567 3182 625 3227 nou
639 3172 786 3243 poterant,
841 3164 952 3225 dieitur
965 3165 1100 3225 Gesnero
1113 3207 1121 3238 ,
1134 3182 1240 3241 quaea
1258 3182 1307 3225 me
1322 3167 1388 3223 visa
1405 3179 1464 3225 nou
1479 3167 1561 3222 suut.

64 3257 147 3337 apud
164 3258 280 3318 Ducem
298 3257 458 3335 Georgium
477 3258 504 3318 id
522 3266 670 3336 egerunt,
689 3266 722 3318 ut
743 3258 787 3319 di·
885 3259 913 3317 5.
937 3256 1043 3317 Oratio
1071 3256 1101 3315 iu
1122 3257 1220 3317 studio
1247 3257 1393 3335 lipsiensi
1416 3255 1563 3327 recitata,

65 3351 262 3426 mitteretur,
281 3355 332 3424 44,
352 3368 448 3428 quum
469 3355 499 3410 iu
520 3353 654 3413 oratioue
680 3353 785 3413 ultima
843 3367 939 3430 quum
963 3350 1092 3425 lipsiam
1112 3348 1213 3408 valere
1227 3347 1367 3424 juberet,
1384 3347 1465 3407 edita
1482 3353 1564 3407 esta

63 3442 167 3523 paullo
198 3441 323 3503 liberius
350 3444 443 3505 verba
471 3445 611 3518 lecisset,
634 3444 786 3522 relegatus
845 3445 920 3504 bau.
944 3441 1062 3503 Fidlero
1083 3439 1141 3501 sub
1162 3440 1252 3500 linem
1281 3440 1504 3500 dissertationis
1524 3440 1564 3499 cl-

64 3540 115 3597 usi
128 3534 169 3610 cl.
189 3534 249 3596 Au.
271 3528 549 3614 teth‘lutbergam
567 3539 671 3610 venit,
690 3553 784 3601 svasu
844 3543 944 3612 tatae,
967 3536 1018 3613 qui
1040 3534 1120 3594 illam
1142 3550 1159 3593 a
1182 3535 1251 3592 Viro
1272 3534 1417 3608 Summo,
1433 3533 1564 3591 Ernesto

64 3628 259 3706 potissimum
277 3628 386 3689 Nicolai
404 3630 588 3691 llausmauui
606 3637 638 3692 44
654 3631 784 3692 duorum
843 3629 1004 3692 Salomone
1027 3628 1196 3706 Cypriane,
1219 3634 1328 3687 nactas
1349 3626 1457 3687 iuerat.

65 3719 244 3783 Consulum.
266 3720 407 3783 scholam
436 3724 569 3783 Latinam
592 3731 623 3783 44
643 3722 787 3786 Christia·
883 3723 911 3781 6.
935 3719 1125 3784 Carmentis
1146 3718 1285 3794 lusatia,
1307 3718 1388 3797 quod
1413 3716 1564 3779 444444444-

64 3828 136 3875 uum
161 3812 201 3873 ihi
226 3815 364 3890 aperuit,
390 3820 421 3873 et
447 3814 645 3892 juventutem
676 3819 707 3877 in
734 3817 786 3877 de·
841 3817 915 3876 thou
937 3814 1106 3888 basileam,
1124 3821 1159 3873 ut
1176 3811 1397 3884 excuderetur,
1419 3811 1562 3881 miserat,

63 3905 297 3967 clamatiouihus
322 3906 425 3969 italico
447 3924 529 3967 mare
549 3911 694 3970 exercuit.
716 3910 787 3969 Post
844 3910 946 3968 nescio
979 3923 1040 3985 quo
1074 3907 1154 3979 lato,
1175 3906 1284 3982 periit,
1304 3911 1335 3964 et
1356 3902 1489 3965 noudum
1517 3918 1562 3961 re

66 3998 233 4059 trieuuium
247 4014 265 4057 a
280 3997 447 4075 Friderico,
463 4001 617 4061 84444444
632 4000 784 4077 Electore,
840 4007 963 4080 partum
986 4007 1044 4060 est.
1494 3982 1504 4001 “

62 4092 140 4151 satis
157 4088 271 4151 liberali
289 4089 439 4168 stipendio
456 4091 674 4171 Wittebergam
697 4110 786 4154 voca-
884 4094 913 4152 7.
935 4091 1088 4153 Marciani
1101 4089 1243 4172 Capellae
1260 4088 1418 4152 Rhetorice
1434 4090 1563 4151 444414

61 4188 132 4254 ost,
153 4180 183 4257 dl
204 4181 303 4258 ibique
324 4181 459 4243 docendo
480 4190 605 4247 strenue
630 4188 784 4265 perrexit,
841 4184 1060 4265 illapiiEpist.
1073 4185 1110 4245 ad
1125 4187 1172 4245 4ο.
1186 4184 1419 4264 etVulgangum
1433 4184 1565 4246 devita-

61 4273 220 4352 usquead
241 4274 297 4337 An.
321 4272 409 4337 taso.
438 4290 501 4354 quo
534 4278 604 4339 lutis
630 4281 784 4341 concessit
840 4286 926 4354 turn,
946 4279 1095 4339 Buhemos
1121 4280 1202 4356 lips.
1221 4275 1309 4338 44449.
1328 4278 1382 4338 iol.
1395 4275 1474 4355 apud
1487 4278 1563 4337 llar-

102 4418 131 4475 4)
149 4421 266 4468 restatur
288 4417 351 4469 illud
367 4419 480 4482 ltplstals
500 4422 556 4472 urb.
572 4424 643 4484 ttegtl
662 4425 694 4474 ad
719 4424 788 4473 44444-
834 4429 909 4484 gente
927 4426 1063 4487 praecipuo
1080 4425 1209 4486 negotium
1226 4427 1293 4473 liter.
1310 4428 1432 4477 ltmsero,
1448 4423 1476 4466 ut
1493 4414 1567 4465 duest

53 4495 273 4556 gimo-uestrum,
289 4505 367 4554 quam
383 4496 410 4543 tn
426 4498 531 4545 4444444
545 4494 715 4548 ltlblluthsess
730 4502 785 4547 ,44-
834 4501 918 4547 444444
935 4497 1131 4546 llamslmsuuus
1147 4499 1175 4548 44
1192 4500 1254 4546 4444
1271 4495 1373 4544 ltusehlt
1390 4495 1454 4553 opp.
1471 4502 1497 4551 p.
1508 4487 1565 4538 295.

53 4566 240 4627 ussherssusls
255 4567 336 4619 edidit
352 4572 411 4618 4444.
427 4570 571 4621 wiltseblus
586 4585 611 4634 p.
629 4572 684 4623 ilii.
831 4576 875 4636 qui
888 4563 1565 4634 seronostrumperpessmsoestbonqtesmpisssn.

96 4641 128 4703 h)
145 4638 209 4689 44444
235 4642 264 4690 Ρ.
288 4642 418 4704 vigilantii
441 4648 570 4705 suusque
589 4644 785 4709 descriptionem
876 4646 907 4708 d)
923 4648 991 4697 illes.
1006 4645 1126 4697 wallerus
1150 4648 1176 4695 44
1192 4643 1285 4692 libello
1302 4654 1330 4703 p.
1346 4638 1387 4688 74.
1403 4635 1472 4689 tdds
1487 4636 1564 4687 Andr.

48 4717 122 4769 urhis
132 4720 161 4767 44
170 4712 335 4768 seadesmtse
344 4719 617 4780 Frsnekopbsrdlensls
627 4733 654 4782 p.
669 4719 693 4768 4.
705 4720 729 4769 l.
746 4718 785 4770 444.
830 4720 924 4771 Mulieri
943 4719 1080 4768 Theatrum
1095 4718 1258 4776 ertbergense
1276 4715 1292 4762 l.
1310 4725 1335 4775 p.
1351 4712 1407 4761 adi.

96 4790 125 4854 4)
142 4788 274 4852 Epistulae
289 4791 390 4841 44444444.
408 4794 522 4843 virerum
540 4800 558 4844 4.
575 4796 595 4842 4.
612 4804 670 4856 pag.
691 4793 730 4842 dd.
743 4792 784 4844 dt.
877 4795 904 4854 e)
920 4793 1046 4841 lutherus
1062 4794 1141 4853 llplst.
1159 4796 1220 4837 tom.
1239 4790 1258 4836 1.
1277 4801 1303 4849 p.
1319 4787 1359 4837 49.
1376 4784 1433 4834 9449.
1516 4804 1521 4812 ·

47 4870 153 4931 Electus
172 4870 261 4914 sutem
277 4864 352 4916 simul
371 4878 429 4916 eum
445 4870 589 4919 normanno
608 4868 786 4926 timebimus·
