3654 5408
699 186 1030 252 nonantulis·
1195 255 1198 262 ,
1557 201 1617 266 313
1684 216 1724 246 ‚·

110 288 331 369 Lugdunensis.
348 288 434 366 Opus
451 286 506 350 boc
523 291 581 352 ES.
597 291 724 356 habetur
742 295 769 353 in
787 295 834 354 Bt·
888 296 990 358 aisse:
1010 311 1087 373 quae
1105 311 1177 354 vero
1188 295 1401 360 Volaterranos
1416 306 1446 362 et
1457 301 1613 380 Gyraldus

106 384 146 446 bl.
161 385 191 446 S.
207 383 349 444 Germani
364 380 401 441 dc
417 381 525 446 Pratls.
542 385 581 444 Le
597 388 678 466 Laog
695 387 770 450 bibl.
786 389 833 448 ili-
888 405 947 448 non
969 389 1068 464 magni
1091 389 1176 466 pretii
1199 404 1267 448 esse
1286 389 1432 466 judicant.
1455 393 1488 454 ln
1507 396 1616 458 Biblio-

107 479 242 555 starique
258 475 295 536 de
310 475 336 538 la
354 477 468 538 Franco
487 493 553 554 pag.
570 478 642 540 257.
659 482 731 542 944.
748 480 834 542 Adde
888 478 978 541 'theca
1009 481 1126 542 Ducum
1151 481 1337 544 Urbinatium
1360 485 1494 550 Porcellii
1518 487 1616 566 Opera

106 571 233 632 Gelliam
252 569 455 630 Christianam
471 574 492 628 4.
512 569 559 630 tv.
579 589 607 649 p.
625 572 695 634 464.
888 580 1017 650 quatuor
1056 574 1260 636 voluminibus
1295 580 1500 670 exstiterunt,
1536 599 1616 660 quae

144 662 379 736 POEEARIUS,
403 662 504 724 hbbas
536 665 721 742 Lirinensis,
754 667 833 728 circa
894 666 996 748 procul
1018 669 1098 726 omni
1130 667 1222 729 dubio
1243 670 1272 727 in
1305 670 1478 734 vaticanam
1503 674 1615 752 perlata

107 776 133 817 a.
169 757 237 818 ist.
268 757 319 833 qui
349 752 523 816 Caesarium
556 765 623 835 post
653 759 835 838 Episcopum
894 767 976 820 sunt.
1010 761 1087 822 Haec
1109 761 1210 825 omnia
1233 762 1384 824 debentur
1405 767 1564 828 4444444444
1586 771 1615 828 44

104 849 359 910 Arelatensem'in
373 851 590 910 monesterium
603 867 698 912 sunm
715 854 837 930 recepit,
893 854 1086 930 praefatione.
1119 855 1272 930 Porcellii,
1298 858 1396 918 Basilii
1425 865 1456 918 et
1477 861 1615 929 Trebanii

105 942 580 1020 andelrequensipsiusinvita
600 943 734 1006 Caesarii
754 961 837 1006 men·
893 948 972 1021 (non
1006 946 1154 1022 Thebani,
1187 955 1220 1010 ut
1240 957 1288 1008 est
1319 951 1397 1029 apud
1425 952 1614 1032 Gesnerum)

106 1040 156 1097 tio.
189 1035 265 1112 Ejus
297 1041 413 1113 prostat
434 1033 569 1114 Epistola
591 1035 628 1096 ad
652 1037 836 1109 monachos,
893 1039 1612 1124 opusculas.poemata,diligentiaChristuphori

105 1129 254 1207 4444444444
286 1128 428 1190 dicuntur
450 1131 479 1186 in
502 1128 610 1190 Codice
632 1131 705 1191 Bibl.
727 1132 836 1208 liegiae
892 1131 1113 1194 Preudbomme
1132 1135 1329 1196 Earrodneani
1349 1137 1429 1200 edila
1450 1149 1542 1211 sunt,
1563 1141 1615 1200 Pa-

71 1233 77 1243 '
104 1225 276 1294 44444444,
309 1227 387 1280 teste
408 1221 629 1284 hontlaucomo
652 1223 727 1284 Bibl.
751 1223 837 1285 MSS.
868 1224 972 1296 Ι444444
993 1225 1071 1302 apud
1095 1225 1246 1288 Simonem
1268 1227 1463 1307 Colinaeum,
1489 1233 1565 1292 4539
1583 1233 1612 1294 8.

105 1333 133 1395 p
153 1317 254 1392 44438)
276 1316 406 1393 primum
427 1314 509 1374 edila
533 1316 560 1373 in
580 1316 744 1394 Opusculis
762 1333 835 1394 quo·
892 1323 925 1378 ut
946 1323 994 1376 est
1011 1318 1090 1396 apud
1108 1321 1308 1382 blaittairium.
1327 1323 1407 1383 lliud
1422 1331 1526 1402 poema
1544 1323 1614 1384 Por-

104 1408 234 1470 rnudam
268 1411 390 1468 Petrum
413 1413 465 1485 per
486 1405 631 1468 Thamam
662 1410 832 1482 Galletum,
890 1409 987 1482 cellii,
1009 1410 1100 1488 'quod
1123 1411 1161 1470 ibi
1183 1411 1297 1474 editum
1330 1421 1398 1489 est,
1420 1415 1495 1496 alias
1522 1417 1614 1476 etiam

103 1501 201 1580 Lugd.
237 1502 325 1561 4645.
359 1505 427 1577 post
449 1501 479 1558 in
513 1493 731 1580 Supplemento
757 1503 830 1562 Bibl.
890 1502 1037 1564 bottaeus
1069 1502 1198 1578 dicitnr,
1220 1507 1289 1584 quia
1311 1509 1447 1566 continet
1472 1496 1612 1570 Carmina

103 1597 158 1656 PP.
182 1601 256 1655 tom.
274 1597 299 1654 4.
322 1611 350 1671 p.
370 1593 439 1654 834.
461 1593 582 1654 atinde
605 1593 633 1653 in
655 1595 729 1655 Bibl.
747 1596 832 1658 Cola-
890 1597 919 1653 in
942 1596 1083 1670 lseltom,
1107 1599 1290 1676 sigismundi
1309 1600 1475 1678 Pandulpbi
1494 1603 1613 1664 Malate-

104 1689 204 1748 aiensi
230 1693 261 1746 ot
287 1685 481 1763 Lugdunensi
505 1690 639 1765 repetita.
662 1689 749 1748 AElas
772 1687 833 1749 4444-
890 1697 977 1763 stae,
999 1687 1125 1750 Arimini
1148 1693 1286 1767 Domini,
1309 1695 1463 1754 amasiam.
1485 1698 1613 1772 Prosper

100 1783 196 1842 eloris
217 1787 248 1840 et
268 1780 422 1858 Epistulae
440 1777 500 1841 huc
520 1797 619 1857 usqae
637 1782 716 1840 inter
738 1782 833 1840 incer·
890 1782 1063 1846 hlandosius
1091 1784 1163 1844 Bibl.
1186 1785 1335 1846 Romanae
1357 1789 1481 1848 Centur.
1502 1787 1535 1846 V.
1562 1788 1611 1848 29.
1663 1835 1667 1841 .

102 1882 150 1936 tos
162 1875 260 1954 posita
272 1878 330 1946 est,
345 1871 442 1932 donec
456 1871 640 1950 Anonymns
651 1872 831 1934 bellicensis
887 1876 980 1950 addit,
994 1877 1092 1955 ipsum
1106 1876 1142 1938 de
1158 1876 1322 1939 uirtutibus
1339 1878 1525 1958 Sr'pismunrli
1542 1880 1612 1940 444-

100 1968 139 2028 de
157 1969 263 2044 script.
281 1966 395 2028 Ecclns.
414 1982 441 2026 c.
456 1967 503 2026 58.
524 1974 688 2044 utrumque
705 1966 830 2028 detexit.
887 1969 1012 2030 lalesloe
1030 1971 1179 2048 Epistulas
1192 1973 1259 2032 Xll.
1271 1975 1390 2051 egregio
1405 1975 1538 2044 carmine
1550 1972 1612 2047 edi-

99 2061 188 2122 Adde
203 2063 277 2120 llist.
299 2059 435 2122 litanda
457 2060 486 2122 la
508 2063 619 2122 Franco
641 2067 712 2120 tom.
736 2061 772 2120 ll.
800 2077 830 2137 p.
886 2063 987 2126 disse:
1010 2062 1206 2126 Fredericum
1228 2082 1348 2143 quoque
1372 2067 1473 2126 Urbini
1496 2068 1610 2128 Ducem

102 2153 174 2214 687.
187 2160 218 2212 et
230 2151 354 2214 Galliam
368 2153 570 2214 Christianam
585 2160 606 2214 t.
624 2154 675 2214 444.
695 2171 722 2231 p.
743 2154 829 2214 4494.
884 2172 934 2216 444
965 2172 1037 2217 suas
1067 2159 1104 2218 ab
1125 2174 1160 2216 eo
1181 2157 1323 2218 celebrari
1347 2158 1489 2218 voluisse.
1521 2156 1609 2218 Aliud

141 2247 229 2308 Alius
252 2247 407 2308 Pcraarius
424 2249 502 2308 circe
519 2245 610 2306 tinem
629 2263 681 2308 sec
703 2247 751 2308 444.
768 2247 829 2310 nh·
883 2265 1005 2309 carmen
1017 2296 1026 2324 ,
1039 2268 1098 2330 quo
1113 2248 1284 2328 Deploratis
1296 2247 1402 2310 ltaliae
1418 2252 1610 2324 inscribitur,

100 2341 155 2402 bas
167 2341 198 2404 S.
218 2343 317 2402 llilarii
336 2342 542 2401 Pictaniensis.
559 2339 749 2414 hiphilionius
766 2357 827 2401 sec.
883 2349 1041 2428 memorat.
1074 2343 1192 2404 Titulus
1214 2346 1330 2419 integer
1352 2351 1419 2402 est:
1440 2341 1610 2422 Deploratis

101 2435 122 2493 l.
142 2434 254 2494 Bened.
271 2452 299 2512 p.
318 2432 365 2493 97.
380 2433 474 2494 Gallia
486 2433 600 2495 Christ.
614 2439 635 2492 4.
649 2435 684 2494 ll.
698 2453 727 2513 p.
741 2435 827 2496 test.
886 2431 993 2494 ltaliae
1013 2434 1162 2513 poscentis
1179 2451 1285 2512 pacem
1307 2453 1328 2494 a
1354 2435 1428 2496 Diuo
1452 2434 1550 2496 Paulo
1569 2436 1608 2494 44.

142 2530 264 2590 Tertius
276 2527 343 2592 ‘luit
367 2526 470 2588 itidem
494 2526 595 2588 Abbas
617 2527 782 2588 Lirinensis
810 2545 827 2587 4
883 2526 919 2586 P.
947 2528 986 2586 44.
1013 2527 1191 2610 Triumphus
1212 2525 1331 2607 alfonsi
1350 2527 1437 2606 444944
1458 2527 1612 2604 4444944444

102 2623 262 2684 Saracenis
279 2638 306 2681 4.
323 2619 392 2680 730.
409 2637 478 2683 cum
501 2623 566 2679 suis
585 2620 824 2704 interiectus,de
885 2617 1003 2680 deviclc
1023 2618 1168 2698 Neapoli,
1190 2625 1290 2680 444444
1311 2621 1383 2682 hlSt.
1408 2621 1436 2678 in
1459 2620 1531 2680 Bibl.
1553 2621 1610 2680 Do·

99 2733 160 2793 quc
194 2716 268 2776 Phil.
299 2714 388 2776 Elssii
410 2709 657 2776 Eunomiasticon'
681 2713 825 2791 Augusti·
882 2714 1099 2774 minicanorum
1131 2713 1308 2772 Florentiae.
1331 2711 1418 2772 Earn.
1446 2711 1483 2772 de
1516 2714 1610 2772 44444-

101 2811 225 2869 niarium
241 2827 268 2887 p.
282 2808 455 2868 292.Gallia
468 2805 578 2866 Christ.
592 2811 614 2866 t.
630 2807 679 2867 ill.
693 2809 824 2884 444494.
883 2803 989 2864 iancea
1023 2807 1095 2866 Bibl.
1119 2806 1370 2867 bibliothecarum
1390 2807 1450 2874 448.
1476 2823 1502 2883 p.
1535 2805 1606 2866 44444.

139 2902 381 2976 PORCELLUS,
401 2900 449 2960 vel
467 2902 566 2978 potius
585 2897 827 2976 PORCELLlUS,
886 2897 1017 2958 Carmen
1033 2899 1065 2958 in
1086 2897 1204 2958 landem
1227 2899 1384 2960 Francisci
1408 2897 1541 2980 Ssortice
1554 2945 1561 2974 ‚
1576 2901 1606 2958 in

101 2995 336 3074 Neapolitanus,
358 2995 499 3074 quamvis
521 2994 584 3070 ipse
604 2993 758 3054 Romanus
780 2981 830 3072 pa
884 2991 959 3052 Bibl.
976 2994 1066 3071 Regia
1085 2994 1226 3054 Parisino.
1245 2993 1303 3052 ibid
1318 3011 1346 3070 p.
1360 2992 1428 3052 764.
1441 2992 1526 3053 Adde
1539 2993 1606 3052 Dia·

101 3079 161 3152 tius
173 3087 234 3148 dici
247 3079 354 3162 veluit,
371 3089 457 3148 Poeta
471 3092 502 3145 et
519 3083 666 3164 alphonsi
682 3086 701 3145 i.
720 3086 831 3146 utrius·
885 3087 963 3146 rium
976 3086 1141 3161 Venetam,
1152 3085 1291 3147 Giornale
1306 3084 1502 3146 de'Letterati
1517 3083 1605 3145 d'lta·

101 3181 298 3260 questoriae
319 3178 526 3258 llegisScriba
545 3179 830 3252 siveSecretarius,
887 3177 927 3238 lia
949 3188 1023 3238 tom.
1045 3180 1096 3240 tx.
1120 3195 1148 3256 p.
1172 3179 1239 3240 tt8.
1263 3196 1347 3257 seqq.

101 3293 118 3336 4
139 3291 202 3354 quo
224 3290 252 3336 4.
276 3274 366 3336 itta.
387 3273 525 3334 fervente
542 3271 620 3332 bello
642 3273 720 3332 inter
737 3271 834 3331 44444-
928 3271 944 3307 *
966 3272 1086 3332 Porcelli
1109 3274 1174 3350 (sic
1194 3274 1274 3332 enim
1297 3273 1377 3350 lego)
1395 3271 1538 3350 epistolas
1558 3289 1610 3350 ge·

104 3377 150 3430 tos
169 3375 203 3428 et
226 3366 465 3430 Mediolanenses
483 3367 512 3425 in
534 3371 633 3426 castra
649 3365 830 3425 Venetorum
888 3366 986 3426 minas
1007 3364 1091 3424 dedit
1111 3364 1179 3424 Em.
1200 3364 1289 3426 Card.
1311 3363 1457 3434 Quirinus
1487 3366 1517 3423 iu
1549 3365 1609 3424 col·

101 3465 216 3524 missus
237 3469 286 3522 est
301 3505 308 3536 ,
326 3467 360 3522 ut
377 3459 517 3539 singula,
538 3475 616 3536 quae
636 3459 674 3518 ibi
693 3476 832 3537 genereo·
887 3459 1015 3518 lectione
1036 3457 1197 3536 Epistolar.
1220 3458 1267 3516 Fr.
1290 3456 1419 3518 Barbari.
1442 3457 1476 3516 ln
1500 3457 1535 3514 iis
1556 3473 1608 3514 ve·

101 3563 170 3632 tur,
205 3557 365 3617 nunciaret
396 3555 433 3628 4).
456 3553 623 3630 Descripsit
650 3554 740 3628 igitur
775 3553 831 3613 hoc
886 3569 919 3612 ro
939 3558 1099 3631 postquam
1121 3550 1370 3611 commemoravit
1390 3550 1519 3624 scriptos
1539 3563 1556 3607 a
1574 3562 1607 3608 se

100 3647 389 3727 bellnm‚sequenti
409 3647 516 3706 titulo.
533 3644 756 3707 Commentario
776 3645 831 3708 Co·
885 3645 1118 3706 commentarios
1155 3643 1193 3705 de
1233 3643 1370 3720 Scipione
1408 3643 1606 3719 imperatore,

101 3742 181 3802 444444
200 3740 309 3802 1444444
335 3739 469 3802 Picinini
488 3740 588 3801 uocati
606 3739 755 3818 saepicule
776 3735 831 3799 444·
885 3755 1014 3815 quarum
1036 3744 1068 3799 et
1091 3737 1228 3798 meminit
1249 3735 1297 3796 hic
1314 3733 1487 3801 Fabricius,·
1507 3730 1608 3792 adiicit

100 3831 328 3911 alcamenes
342 3833 478 3894 etmissa
495 3831 644 3912 Alphenor
660 3831 733 3909 44494
751 3829 831 3889 Ara·
887 3835 1016 3894 vertisse
1039 3848 1072 3893 ee
1093 3831 1130 3894 ad
1152 3827 1361 3890 celebrandam
1385 3825 1543 3886 versiculis
1566 3823 1607 3885 44·

97 3943 218 4006 ponam.
253 3930 362 3990 Exstat
392 3925 512 3986 libellus
536 3925 696 4002 inscript.
729 3940 830 3983 rerum
887 3926 999 3986 millam
1033 3925 1242 3986 harbarorum.
1275 3923 1348 4000 4494
1379 3919 1480 3998 4449444
1506 3917 1606 3978 ailad

8 4043 10 4096 ;
101 4022 272 4086 italicarum
295 4021 447 4082 lluratorii
470 4027 541 4079 tom.
564 4017 626 4079 XX.
650 4036 677 4096 p.
701 4016 750 4078 at.
774 4016 831 4076 Ve-
887 4023 992 4082 Frena.
1014 4020 1199 4091 Barbarum,
1209 4015 1347 4096 primurn
1376 4011 1605 4092 de'eopaumine

101 4131 193 4176 ronne
223 4114 379 4176 adservari
406 4114 448 4172 ait
480 4111 560 4171 idem
595 4107 833 4173 Commentarios
884 4128 1072 4192 proauorum
1096 4116 1215 4170 tuorum
1235 4105 1400 4170 uersiculos
1421 4113 1478 4167 etc.

100 4206 227 4271 4444444444
244 4206 321 4266 anni
335 4205 371 4266 de
385 4204 477 4284 944444
498 4203 646 4283 Scipionis
667 4199 827 4274 Pichinini,
932 4206 1058 4284 scripsit
1086 4211 1239 4282 praeterea
1263 4207 1373 4282 septem
1396 4198 1550 4260 uolumina
1570 4197 1606 4260 de
1701 4245 1704 4250 .

98 4299 145 4361 ad
156 4301 180 4359 F
181 4299 351 4360 4444444444
364 4296 498 4372 Perconi,
517 4298 692 4356 Venetorum
706 4296 829 4355 Ducem.
887 4295 1029 4377 felicitate
1048 4300 1214 4374 temporam
1231 4298 1277 4358 Pii
1298 4297 1343 4370 ll,
1362 4301 1396 4355 ut
1410 4295 1474 4373 ipse
1488 4293 1607 4354 Porcel

100 4397 157 4455 lllo
171 4393 246 4454 bello
265 4409 324 4452 non
340 4390 503 4452 admodum
523 4390 618 4450 multa
635 4396 721 4468 gesta
737 4396 832 4464 suot,
887 4391 938 4452 lus
959 4396 1089 4451 testatur
1112 4392 1140 4450 in
1164 4389 1297 4468 Epistola
1320 4387 1357 4450 ad
1378 4389 1510 4448 Marcum
1531 4387 1606 4446 Fus-

99 4487 158 4548 srd
179 4487 339 4548 Porcellius
356 4490 463 4545 tamen
485 4485 640 4561 eleganter
661 4484 761 4542 omnia
779 4480 830 4541 de·
885 4499 1068 4560 scamnum,
1090 4501 1127 4544 ex
1154 4501 1215 4562 qna
1242 4482 1342 4544 adhuc
1372 4480 1483 4555 inedita
1515 4477 1606 4538 verba

100 4581 232 4659 scripsit.
265 4575 388 4656 Elegiae
419 4583 449 4638 et
482 4576 713 4657 Epigrammata
748 4575 829 4635 illius
886 4576 1037 4654 quaedam
1057 4575 1141 4638 dedit
1160 4578 1198 4638 cl.
1227 4574 1363 4654 Angelus
1392 4573 1429 4632 ll.
1460 4570 1605 4642 Quirinus

8 4671 9 4722 1
100 4672 237 4736 siendum
260 4669 516 4733 videnturlucem
536 4669 683 4750 publicam
702 4683 828 4746 conspe·
885 4667 973 4730 Gard.
996 4673 1025 4729 iu
1047 4669 1175 4731 diatriba
1196 4664 1397 4747 praeliminari
1427 4661 1463 4724 ad
1497 4663 1606 4740 episto·

144 4885 173 4944 a)
189 4887 321 4950 reipsum
339 4887 439 4936 vossins
456 4885 517 4934 duos
535 4895 566 4934 cx
576 4877 773 4936 unoPcroolltos
786 4877 825 4926 44·
877 4882 929 4939 att,
946 4892 1055 4942 quorum
1068 4882 1138 4941 prior
1150 4881 1301 4940 4444444444
1312 4875 1472 4942 temporibus
1486 4873 1601 4926 4444444444

1311 4985 1362 5046 494
