3542 5424
721 241 937 306 uotiuis
1520 251 1540 310 8

95 349 197 423 4144444,
214 356 244 410 44
262 349 319 409 4444
339 361 418 426 qnae
452 345 590 409 Viooniae
621 347 785 410 adservari·
839 351 902 412 lom
923 350 961 413 de
983 353 1110 428 444444,
1130 352 1279 414 lledicum
1302 355 1516 433 praecipuum:
1538 365 1569 417 et

95 443 226 503 44414444
245 439 425 522 loannes'le
446 440 533 518 Paige
552 440 581 499 io
603 441 784 503 bibliotheca
840 442 1111 524 Hippocratem-de
1133 448 1455 526 prognosticationibus
1475 453 1571 529 44444-

95 534 372 596 Praemonstrotensis
387 531 511 594 Ordinis
527 549 596 612 pag.
612 534 681 596 307.
699 536 785 597 Vale·
844 537 985 599 tudinum
1008 539 1177 602 secundum
1199 547 1315 602 motum
1338 542 1449 602 Lunae.
1472 542 1572 603 Procli

94 631 142 688 rins
158 628 285 688 Andreas
305 642 372 705 pag.
386 627 466 688 032.
486 627 537 705 qui
554 626 589 686 Α.
605 627 692 688 1303.
712 643 782 689 eum
846 629 938 692 etiem
966 631 1109 706 Platonici
1132 631 1301 710 Philosophi
1322 631 1360 694 de
1381 635 1569 698 Providentia

93 721 205 782 loruisso
223 725 383 781 testantur.
406 717 644 782 Addit-Vossius
664 737 696 799 p.
716 721 785 783 704.
846 729 877 784 44
906 739 941 783 eo
963 723 1042 801 qnod
1065 726 1094 785 44
1118 725 1221 786 nubis.
1243 726 1400 806 vulgarum
1421 745 1439 790 4
1461 747 1509 790 me
1536 733 1570 791 T.

92 815 196 893 elogium
228 811 307 875 illius
338 813 524 893 praeclarum
556 820 678 875 exstare
704 813 783 894 apud
844 815 927 877 viii.
948 815 1022 877 Bibl.
1047 815 1180 878 Graecae
1207 833 1272 895 pag.
1306 820 1373 880 iiiii.
1402 837 1440 880 ex
1461 821 1571 883 Codice

93 907 260 986 lnouymum
280 909 332 987 qui
353 907 549 968 viconienses
564 907 700 969 Annales
713 925 786 988 sep-
846 908 1058 969 ilolstenieno:
1080 917 1111 970 et
1128 911 1236 972 librum
1258 909 1297 971 de
1317 909 1422 972 decem
1453 913 1572 974 dubita·

92 1003 174 1082 plevii.
845 1001 978 1062 tionibus
996 1003 1078 1063 circa
1101 1002 1344 1079 Providentiam,
1366 1011 1397 1066 et
1418 1007 1510 1068 alium
1532 1007 1571 1067 de

122 1095 311 1156 'bouasterii
328 1092 516 1174 Vigouiensis
537 1093 707 1156 historiam¹
726 1111 786 1155 uon
843 1095 991 1158 malorum
1014 1096 1222 1157 subsistentia.
1245 1097 1407 1176 Utriusque
1428 1107 1569 1178 excerpta

92 1191 214 1267 integrant
229 1186 354 1266 quidem
375 1189 560 1267 llontignius
581 1189 715 1267 scripsit·
733 1187 788 1249 sed
845 1187 914 1249 dedi
937 1186 1007 1248 ibid.
1028 1203 1094 1267 pag.
1116 1187 1185 1248 tie.
1208 1189 1276 1252 602.
1299 1205 1362 1266 seq.
1385 1192 1483 1254 Etiam
1512 1194 1573 1254 ele·
1603 1195 1609 1204 “

91 1283 310 1361 supplementum
329 1280 541 1342 tantummodo
561 1281 600 1342 ab
613 1281 674 1341 444.
697 1281 789 1344 4217.
845 1282 1062 1342 mentationem
1083 1281 1182 1366 Procli
1195 1281 1406 1361 Theologicam
1425 1287 1573 1346 44444141-

91 1391 168 1453 usquo
182 1373 216 1435 ad
234 1380 458 1450 sustempora3
473 1380 539 1435 tum
555 1375 646 1435 etiam
661 1377 691 1433 44
705 1389 790 1453 prae·
849 1389 899 1434 444
928 1372 966 1434 64
993 1374 1131 1435 1144144444
1154 1376 1259 1436 Latine
1280 1391 1399 1437 versam
1430 1385 1514 1438 notet
1539 1379 1571 1438 il·

91 1465 323 1528 aientibisimia
348 1465 387 1526 ab
407 1467 473 1526 eliis
490 1468 604 1545 scripta
626 1457 790 1545 interpola-
844 1468 953 1529 lustris
972 1467 1137 1528 leibnitius
1154 1475 1227 1528 tom.
1251 1470 1262 1528 i
1285 1469 1487 1548 Epistularum
1507 1488 1572 1549 pag.

91 1563 169 1620 iones
181 1559 327 1638 quasdam
342 1558 459 1620 adiecit.
478 1559 622 1639 vulgavit
636 1560 712 1622 baec
726 1575 791 1620 om·
846 1561 915 1622 124.
932 1567 1024 1640 atque
1043 1562 1072 1620 44
1088 1559 1282 1622 Bibliothecis
1296 1561 1426 1640 0441444,
1448 1563 1572 1642 4441444
1662 1557 1668 1568 ’

92 1655 166 1718 4441.
185 1656 315 1714 44444444
340 1654 587 1714 retilooumt
607 1653 790 1730 144444.
842 1660 874 1714 44
891 1654 1073 1714 Germaniae
1094 1653 1193 1714 adbuc
1215 1657 1330 1714 serrari
1352 1656 1432 1717 illam
1460 1659 1574 1717 versio-

119 1745 242 1808 nutris
262 1745 372 1808 sueri
389 1745 578 1823 Chionium,
596 1761 687 1825 supra
702 1743 793 1808 CON-
849 1763 918 1806 oem
940 1748 1058 1806 notavit
1075 1746 1215 1808 Oudinus
1236 1756 1311 1806 4444.
1327 1749 1355 1808 3.
1377 1765 1442 1827 pag.
1460 1751 1525 1810 469.
1542 1757 1574 1809 et

91 1837 192 1902 llllltlS
211 1837 479 1919 nomomensis
498 1846 571 1900 tom
592 1842 617 1900 i.
640 1855 660 1917 p
681 1837 751 1899 383.
848 1838 981 1901 lacobus
999 1839 1104 1910 Quotil
1118 1843 1190 1899 tomi
1210 1842 1221 1900 i
1245 1857 1312 1919 pag.
1330 1842 1398 1902 300.
1412 1845 1463 1918 qui
1481 1845 1572 1903 eiiam

121 1935 215 1994 144444
239 1932 277 1994 ds
298 1933 402 1995 4104144
415 1978 425 2009 ,
445 1935 700 2008 Beneventanus,
722 1933 793 1992 Gar·
850 1939 1013 1993 tractatum
1041 1932 1182 1993 Guilelmi
1208 1927 1358 1994 ‘ineditum
1388 1933 1425 1994 de
1450 1941 1519 1996 orie
1546 1940 1577 1996 44

91 2021 176 2086 4444144
187 2027 337 2088 Diaconos
352 2027 390 2088 ab
405 2027 442 2089 Α.
459 2027 548 2090 iiie
562 2025 601 2087 ad
620 2027 708 2088 1246.
720 2025 796 2088 scri-
849 2023 976 2086 srr'eniio
999 2024 1191 2086 Geomontioe
1211 2034 1436 2088 commemoret.

90 2119 136 2194 psit
150 2117 344 2200 iiphobmrm
358 2119 651 2184 oireiiiotiunarium
670 2119 705 2178 in
719 2116 795 2177 Arte
889 2118 1020 2178 ioonneo
1040 2115 1261 2191 llOltELLUS,
1283 2119 1454 2180 eanonicus
1478 2121 1575 2199 11444-

88 2211 291 2274 Soeirocr'ooodr'
302 2215 568 2292 ,blanoscriptum
591 2213 620 2274 44
640 2213 731 2273 variis
746 2210 797 2271 iii-
849 2212 922 2272 14444
939 2212 969 2272 S.
992 2212 1127 2288 Dionysii
1148 2211 1327 2285 lismensis,
1346 2213 1474 2291 scriptor
1495 2214 1576 2274 Vitoe

90 2301 235 2366 blioibecis.
249 2305 324 2367 Vide
338 2306 492 2367 Ondiuum
506 2314 578 2366 tom.
591 2306 610 2366 2
626 2320 692 2384 pag.
706 2303 796 2365 4724.
849 2305 880 2366 S.
897 2303 1052 2364 Ermiorbe
1066 2305 1166 2365 varias
1181 2306 1314 2363 visiones
1331 2311 1363 2363 et
1375 2307 1576 2384 apparitiones

89 2411 141 2475 seq.
153 2405 183 2459 et
197 2399 234 2461 de
252 2400 330 2461 libro
343 2397 545 2460 1044444044
561 2395 726 2458 1444444444·
738 2394 794 2456 111.
848 2397 888 2460 Α.
906 2397 995 2460 ieie.
1017 2398 1058 2458 illi
1080 2398 1174 2458 laotos
1195 2397 1340 2457 reterens.
1361 2397 1577 2460 1444444044-

24 2539 26 2550 ,
89 2505 129 2566 per
150 2495 300 2556 4144444444
330 2493 455 2556 collecto
474 2492 510 2552 G.
531 2492 696 2570 losepbum
713 2489 795 2570 liges
849 2493 934 2552 sonis
954 2489 1061 2552 de'illo
1080 2489 1228 2568 judicium
1250 2505 1285 2550 ae
1306 2506 1436 2552 censura
1464 2493 1575 2570 legitur

24 2627 25 2668 .
89 2583 112 2642 14
128 2601 249 2665 purpura
266 2586 357 2648 docta
377 2593 450 2646 torn.
469 2588 496 2648 4.
514 2599 580 2664 pag.
603 2583 671 2646 422.
849 2591 922 2644 tom.
953 2585 979 2643 4.
1002 2583 1078 2662 Opp.
1099 2582 1171 2643 edit.
1194 2599 1291 2642 novoe
1312 2599 1380 2661 pag.
1408 2585 1456 2644 83.
1485 2593 1577 2662 atque
1690 2611 1693 2618 ·

25 2729 27 2756 ,
118 2675 794 2758 emmenrnouiiiuiiseopratipies.
851 2678 918 2739 ideo
947 2677 1060 2739 biorelli
1089 2676 1144 2737 boe
1171 2677 1235 2736 loco
1262 2678 1445 2738 mentionem
1478 2677 1575 2738 lacere

118 2771 271 2835 Guilelmus
298 2772 336 2834 do
360 2771 564 2847 1403014114,
589 2771 791 2833 brabantinos
848 2771 931 2832 volui
963 2783 1134 2847 quanquam
1161 2769 1275 2833 Gallice
1303 2768 1352 2828 ille
1380 2785 1438 2828 non
1471 2771 1575 2831 Latius

88 2864 143 2924 044.
161 2867 261 2929 Praed.
284 2867 451 2928 Clementis
472 2867 519 2928 iv.
541 2872 573 2926 et
587 2861 736 2943 Gregorii.
753 2865 791 2925 Χ.
848 2865 1015 2941 scripserit.

25 2995 26 3012 .
90 2957 337 3036 loeoitentiam'us,
358 2969 392 3021 et
411 2959 520 3021 6444444
541 2958 793 3037 44441441444444
890 2955 966 3017 Otho
982 2955 1161 3032 4101444114,
1180 2955 1303 3016 botheri
1326 2957 1375 3018 111.
1397 2961 1429 3016 44
1445 2954 1575 3018 conradi

89 3051 201 3114 Corinthi
219 3058 254 3114 Α.
275 3055 364 3118 4230.
381 3056 408 3130 4)
425 3055 597 3133 linguarum
615 3051 746 3111 Graecae
763 3057 796 3111 et
849 3050 884 3110 ll.
901 3051 990 3127 liegis
1009 3052 1139 3128 legatus
1156 3051 1277 3128 scripsit
1292 3049 1457 3138 Historiam
1470 3065 1575 3112 reruni

89 3139 208 3208 Arabicae
222 3150 342 3226 peritus
352 3193 362 3224 ,
379 3153 412 3206 44
428 3144 645 3223 Philosophus,
659 3145 708 3204 cui
731 3141 794 3207 Wi-
845 3141 1051 3205 Louciocelum
1070 3145 1120 3218 (in
1141 3144 1259 3204 Duoetu
1278 3143 1511 3218 Mediolanensi)
1528 3143 1576 3204 444

89 3235 214 3300 4144444
236 3240 544 3304 tristitudinem
571 3239 791 3316 perspectivam
855 3237 996 3296 nltimam
1022 3251 1145 3296 manum
1175 3235 1290 3298 addidit
1316 3235 1414 3310 144444,
1440 3233 1577 3297 Acerdos

89 3343 175 3408 suem,
201 3336 268 3396 sive
290 3335 383 3396 libros
403 3335 508 3395 decem
538 3331 681 3410 Optices,
712 3329 793 3390 Veri·
848 3327 1576 3390 404444.14444444444441444444444444

27 3475 28 3480 ,
90 3423 144 3483 ioiir
169 3433 336 3496 4444444444
366 3435 398 3486 et
428 3423 648 3487 uniuersalibus
679 3422 792 3483 4444144444
848 3435 951 3501 gestae
987 3419 1177 3481 auriserico
1209 3422 1229 3479 1.
1263 3423 1446 3499 imperatore
1473 3424 1511 3481 ab
1542 3423 1576 3481 Λ.

27 3527 28 3540 ’
91 3529 174 3578 onore
187 3519 321 3582 4444444444
338 3518 507 3580 winomari
525 3518 610 3586 illum
627 3521 794 3594 uuricopat.
850 3515 940 3576 1453.
960 3513 1113 3577 4414448.
1134 3513 1217 3572 Hauc
1238 3515 1355 3590 primus
1375 3513 1469 3573 edidit
1485 3520 1577 3590 atque

27 3627 28 3630 ’
90 3605 257 3687 horatium
288 3611 424 3673 Thomas
443 3610 612 3690 iqumatts
639 3611 676 3670 Α.
699 3607 793 3671 4273.
850 3606 979 3669 eruditis
1002 3609 1082 3666 notis
1104 3604 1267 3665 illustravit
1287 3605 1369 3664 Felix
1390 3606 1578 3681 Osius‚lle-

92 3715 178 3764 onnes
192 3705 285 3766 libros
305 3702 476 3766 Aristotelis
497 3703 534 3764 de
556 3703 670 3764 Graeco
691 3703 721 3762 iu
741 3703 795 3762 La·
850 3699 1053 3771 diolaneusis,
1082 3697 1236 3758 Professor
1256 3697 1440 3771 Paiovinus,
1470 3699 1576 3760 Venei·

92 3793 477 3870 iuun,verhumeverbu
492 3796 688 3858 transtulisse
705 3795 798 3856 tredi—
853 3793 940 3854 1639.
971 3793 1019 3853 iol.
1050 3793 1127 3853 Cum
1151 3789 1257 3850 iisdem
1282 3805 1388 3851 recusa
1410 3791 1521 3870 legitur
1545 3794 1577 3852 io

94 3891 131 3946 tor
147 3905 204 3969 prin
224 3889 428 3953 ensentium·
442 3887 604 3952 84441444
625 3886 725 3948 adhoc
747 3885 797 3946 144-
854 3893 934 3944 tomo
957 3887 1045 3945 tertio
1067 3883 1201 3946 thesauri
1222 3883 1447 3961 Antiquitatum
1475 3885 1577 3948 ltaliae

94 3977 181 4043 darno
204 3984 253 4045 dis
281 3987 411 4044 44444144
431 3983 464 4043 ii
484 3980 618 4057 Scholia,
644 3983 670 4054 ai
700 3982 799 4057 inquit
852 3978 1034 4050 Graeviani,
1052 3984 1084 4038 et
1104 3978 1170 4037 sine
1191 3977 1250 4037 illis
1269 3979 1348 4037 notis
1366 3979 1395 4038 in
1418 3985 1499 4038 torno
1519 3981 1579 4058 pri·

94 4084 178 4138 444444
195 4078 339 4141 chronici
361 4077 471 4139 Slevici
494 4075 531 4137 od
553 4075 588 4137 Α.
612 4074 702 4136 4273.
728 4074 800 4135 Ver·
855 4089 905 4132 mo
935 4073 1117 4148 scriptorum
1147 4073 1418 4132 brunsvicensium
1451 4070 1578 4132 illustris

96 4171 124 4226 tit
138 4179 167 4230 et
184 4169 376 4251 Sirnpliciuno
396 4171 424 4229 io
446 4168 618 4230 Aristotelis
640 4167 687 4227 iv.
709 4166 800 4226 libros
856 4165 994 4226 leibnitii
1010 4180 1075 4243 pag.
1092 4165 1162 4224 306.
1175 4163 1312 4242 lienique
1322 4163 1444 4225 diversa
1460 4167 1488 4225 in
1502 4167 1579 4226 mul-

29 4245 31 4334 Ι
96 4257 124 4320 dc
137 4263 235 4338 Coelo,
258 4266 311 4342 qui
334 4281 372 4323 44
395 4260 537 4323 (1444441444
551 4257 720 4322 honesti
743 4258 799 4318 huo
856 4262 896 4320 tis
922 4277 958 4320 ex
988 4257 1082 4319 Codd.
1112 4258 1313 4319 Bibliothecae
1346 4259 1578 4338 Ambrosianus,

30 4367 31 4410 3
97 4361 133 4412 eet
153 4357 306 4417 1144444444
335 4357 428 4414 444444
456 4357 702 4433 interpretatione
728 4351 799 4412 editi
855 4367 925 4413 cum
953 4349 1084 4412 editione
1110 4351 1221 4412 Osiena
1248 4369 1285 4413 en
1306 4351 1435 4412 adverso
1464 4355 1577 4430 posita,

30 4427 32 4512 l
98 4453 178 4509 eistat
203 4449 340 4512 lleuetiis
361 4447 448 4509 4440.
472 4449 520 4510 444.
542 4445 656 4509 Deinde
682 4445 800 4524 Simpli-
855 4455 886 4508 et
908 4448 938 4506 in
959 4446 1023 4507 Osii
1043 4452 1182 4505 notorum
1205 4445 1303 4506 iocum
1320 4443 1472 4521 adjunctis
1490 4448 1577 4506 novis

97 4541 158 4600 riom
184 4545 212 4602 io
241 4541 488 4622 praedicamenta
514 4539 704 4603 Aristotelis:
734 4546 798 4600 tum
854 4539 1040 4600 celeberrimi
1069 4538 1192 4617 losephi
1220 4537 1343 4600 Antonii
1372 4539 1470 4612 Sosii,
1503 4539 1575 4598 liibi.

100 4628 186 4696 641441
195 4637 313 4708 ‚libros
334 4643 398 4698 tres
418 4635 455 4697 de
472 4637 626 4698 obruentis
642 4632 679 4696 od
697 4633 801 4694 444444-
856 4632 1071 4694 imbrosianae
1092 4631 1254 4711 praelecti,
1275 4638 1307 4691 et
1327 4631 1478 4708 Anonymi
1505 4629 1576 4689 Ord.
1626 4713 1630 4722 Ι
1745 4709 1747 4716 Ι

130 4859 151 4918 tl
165 4862 271 4912 iorobus
293 4863 383 4924 0444444
394 4865 424 4915 ds
443 4863 610 4926 4444444044
626 4861 804 4914 uominioenis
900 4861 929 4920 b)
942 4863 970 4910 tn
988 4859 1090 4922 itrpeidi
1103 4859 1283 4920 lindenbrogii
1296 4857 1462 4918 scriptoribus
1474 4858 1581 4918 septen·

31 4953 34 4988 i
103 4929 155 4986 Μ.
169 4945 222 4999 444.
238 4937 297 4990 4440.
852 4935 1007 4988 trinosiitrm
1025 4933 1160 5002 4444204·
1173 4935 1234 4986 edit.
1251 4929 1267 4980 4
1283 4943 1323 4982 inc
1339 4935 1452 4987 4441444.
