3632 5416
754 244 935 309 vitta
1529 251 1588 313 tra

93 342 126 402 in
146 359 273 406 numero
292 343 409 406 illorum
426 347 616 428 ingeniorum
641 353 689 410 est
703 348 815 412 habeo·
910 351 1000 416 6441
1015 351 1194 435 Alprbonenm
1209 353 1320 432 ilepem
1335 349 1468 433 33434344
1483 351 1588 434 Apolo-

92 437 164 514 dus,
177 455 253 517 quae
266 440 435 502 litterarum
453 444 554 505 studia
568 450 640 506 tuno
654 445 815 507 revirentis
868 446 976 526 944433.
989 447 1065 509 Huic
1084 451 1213 528 primum
1232 465 1247 508 a
1266 450 1391 508 secretis
1409 448 1474 524 luit,
1486 457 1588 528 postea

93 533 227 596 multum
245 535 460 610 instaurarunt,
474 540 696 618 corruptionem
715 539 818 600 143313-
872 550 972 603 tamen
990 543 1062 603 iram
1082 541 1147 619 ejus
1166 541 1299 602 incurrit.

93 627 159 688 siae
193 635 380 705 perspectam
417 630 606 720 hahuerunt,
640 633 728 711 cique
764 649 816 711 pro
911 635 939 696 7.
963 636 1183 698 invectivarum
1205 650 1228 695 4.
1252 633 1532 696 1144443443344334434
1558 635 1589 696 43
1627 677 1633 690 .

92 719 212 781 44441433
238 721 349 782 mederi
373 724 566 788 studuerunt.
589 729 632 788 De
659 728 720 788 vita
748 726 816 806 ejus
871 728 1244 790 Benedictumllorandum
1255 719 1588 791 Bononiensemlibrill.

93 812 191 874 multa
220 829 277 874 noo
297 813 389 892 addo,
415 817 452 878 de
484 821 604 899 scriptis
633 819 699 898 eius
727 820 816 899 plura
911 825 939 883 8.
958 823 994 884 144
1009 821 1141 884 barthol.
1157 821 1283 884 Facium
1303 822 1440 901 tr'purem
1458 827 1485 882 44
1498 822 1590 884 Anto·

92 907 280 986 prolaturus.
870 914 1588 979 niumPanomnitamllecriminationumlibrili.

133 1001 214 1081 43344
234 1003 307 1064 Vide
333 1004 503 1084 christoph.
521 1009 650 1088 Poggiali
676 1008 816 1070 Memoria
910 1011 939 1072 9.
956 1009 1171 1072 inbartolide
1189 1009 1324 1090 insigniis
1350 1016 1379 1071 44
1395 1011 1492 1073 armis
1508 1008 1591 1072 libel·

92 1094 147 1154 iut.
172 1097 229 1158 alla
255 1099 352 1158 vitae
381 1101 437 1179 agli
467 1105 565 1162 scritti
592 1102 623 1164 di
652 1107 685 1164 L.
712 1102 815 1179 Valla,
871 1103 943 1179 lum,
959 1105 1001 1166 ad
1015 1103 1182 1168 Candidum
1200 1103 1405 1167 Decembrium
1423 1103 1567 1184 Epistola.

91 1187 402 1270 uariationspag.
422 1191 489 1268 476,
506 1205 538 1256 44
553 1197 582 1256 43
611 1196 727 1257 Biblini.
758 1197 816 1258 tto-
912 1199 959 1261 10.
986 1199 1029 1260 De
1057 1199 1219 1262 Dr'aleriicu
1250 1197 1325 1259 libri
1349 1204 1420 1260 tres.
1447 1199 1589 1276 lmpressi

91 1282 260 1344 clesiestioa
273 1287 315 1346 ΙΤ.
333 1288 382 1347 111.
401 1285 476 1347 lbid.
868 1287 941 1341 sunt
959 1280 977 1342 4
994 1283 1059 1341 3434
1084 1285 1234 1342 34344333
1259 1283 1329 1340 anui
1348 1288 1378 1341 ot
1397 1281 1465 1356 loci,
1486 1281 1591 1342 Venet.

129 1377 232 1452 'Opera
250 1376 330 1456 ejus,
346 1386 415 1459 post
427 1380 640 1442 collectionem
657 1385 814 1462 opusculo·
871 1375 949 1436 1499
966 1375 1013 1435 4444

92 1488 164 1532 rum
194 1473 345 1533 rariorum
373 1476 496 1535 Lovanii
529 1477 606 1538 4483
626 1478 814 1554 ,3434434334
911 1472 957 1530 ll·
976 1469 1089 1532 C⁰itlr⁰
1106 1468 1290 1541 0404444444.
1308 1487 1385 1549 quae
1400 1466 1590 1531 0044404444

90 1565 225 1626 33344434
237 1551 316 1645 apud
330 1569 493 1630 llenrrcum
508 1571 584 1631 Petri
597 1572 673 1634 4540
690 1581 720 1632 44
733 1573 813 1635 4543
869 1562 991 1640 (licitur,
1005 1562 1213 1644 privilepiurn,
1231 1567 1265 1623 ut
1278 1560 1356 1642 falso
1380 1560 1526 1622 creditum
1545 1564 1589 1621 434

92 1657 142 1718 431.
161 1658 265 1720 ordine
280 1665 437 1740 sequenti:
871 1662 900 1716 44
927 1658 1114 1735 emeutitum,
1147 1655 1350 1729 Declamatio,
1377 1659 1406 1716 iu
1439 1655 1592 1716 Fasciculo

133 1754 160 1814 4.
178 1751 411 1833 34433344344434
430 1757 554 1820 4344334
574 1761 708 1840 Lrnpuae
734 1759 820 1822 Lr'brr‘
871 1769 969 1813 rorum
995 1750 1251 1830 expetendarum,
1274 1760 1304 1810 et
1333 1749 1470 1812 Schardii
1497 1748 1594 1810 Colle·

95 1847 141 1908 Vl.
154 1848 233 1926 quod
246 1865 321 1926 opus
334 1861 446 1930 quanto
458 1871 526 1914 cum
542 1853 648 1931 plausu
661 1863 815 1933 receptum
871 1848 968 1906 ctione
987 1845 1023 1906 de
1040 1853 1186 1923 4404434444
1202 1847 1357 1923 4440444414-

89 1941 191 2014 433444,
210 1950 363 2006 testantur
377 1947 525 2008 editiones
542 1949 603 2008 4444
631 1951 817 2010 innumerae.
914 1941 959 2000 13.
979 1937 1122 2020 Apologia
1135 1955 1194 2020 pro
1211 1957 1243 2001 se
1260 1949 1288 2006 44
1307 1945 1412 2000 contra
1430 1935 1594 1998 calumma-

126 2035 228 2096 Eriitio
256 2042 467 2116 antiquissima
498 2041 554 2103 333
587 2045 703 2103 initium
731 2049 818 2120 typo-
874 2034 1014 2109 44443341
1032 2036 1200 2110 Eugenium
1218 2035 1265 2095 iv.
1284 2035 1457 2094 Pontliax·

88 2129 247 2207 graphiae,
260 2133 325 2191 sine
342 2150 420 2194 anuo
438 2142 469 2192 et
481 2135 553 2205 ioco,
571 2137 621 2198 iol.
638 2137 722 2196 iiom.
741 2135 814 2197 1474
916 2126 965 2187 43·
983 2125 1027 2188 De
1044 2125 1194 2207 44θῖ4444044
1210 2132 1240 2187 ei
1256 2143 1327 2188 44444
1345 2124 1418 2187 borio
1443 2123 1517 2186 44444
1531 2124 1588 2185 HI·
1614 2139 1621 2154 '

88 2224 138 2282 iol.
158 2222 266 2285 ibidem
291 2226 528 2304 ρ344433141334
555 2231 716 2290 Pannartz.
739 2228 819 2291 1475
875 2221 964 2284 Β4344
983 2222 1070 2292 4549.
1086 2221 1114 2282 b·

87 2316 137 2378 loi.
171 2317 275 2377 Venet.
308 2335 360 2397 per
383 2323 445 2381 lac.
479 2323 627 2398 Ruheum,
660 2319 738 2383 4476
770 2323 820 2382 431.
916 2317 962 2376 44.
981 2313 1283 2378 Deliberoarbitrio.
1302 2314 1412 2376 Prodiit
1436 2333 1493 2376 333
1523 2333 1593 2377 3343

88 2412 266 2488 liediolaui,
297 2432 349 2492 per
378 2416 449 2476 Phil.
478 2419 629 2495 taragna,
660 2418 738 2480 1479
770 2417 819 2478 431.
874 2409 1196 2488 314433333331434483
1215 2411 1262 2471 iol.
1278 2412 1342 2470 siue
1358 2412 1510 2470 mentione
1529 2411 1594 2481 loci,

94 2508 171 2568 Veu.
199 2508 286 2569 4483.
313 2511 417 2569 venet.
444 2529 496 2587 per
520 2514 606 2589 Bapt.
636 2510 673 2572 de
701 2513 815 2584 Tortis,
873 2503 960 2565 83341.
980 2504 1072 2580 1548,
1096 2502 1200 2565 boum
1226 2501 1383 2583 ripolopia,
1401 2511 1431 2563 at
1448 2504 1591 2582 opusculo

97 2599 179 2664 1486
209 2601 257 2662 434.
275 2604 378 2664 Goion.
398 2605 485 2676 1487,
501 2601 529 2665 4.
558 2607 661 2665 113334.
681 2623 733 2683 ρ44
747 2609 817 2666 Ber·
869 2603 974 2658 40444444
992 2596 1159 2658 8444044444·

96 2695 258 2756 nardinum
274 2695 311 2756 do
323 2699 458 2773 Novaria,
474 2698 546 2761 4494
565 2699 612 2760 434.
627 2700 700 2760 0343
718 2701 815 2760 litatio
901 2693 947 2752 tta
976 2691 1047 2752 haec
1065 2691 1186 2770 33441443
1206 2693 1233 2750 io
1263 2692 1442 2752 Collectiooc
1460 2707 1588 2769 operum

90 2787 127 2849 de
154 2788 382 2868 pronominibus
407 2791 578 2872 reciprocis,
602 2795 708 2854 43334,
734 2794 812 2871 apud
868 2785 1002 2847 laudata:
1022 2787 1192 2864 Supersunt
1217 2795 1318 2848 autem
1346 2787 1422 2863 alia,
1450 2802 1526 2862 quae
1550 2781 1588 2843 ibi

89 2882 344 2960 Christophorum
373 2883 409 2943 do
434 2887 554 2960 Peneis,
574 2884 652 2946 4496
671 2885 716 2946 iol.
743 2903 811 2946 cum
868 2881 976 2941 4433443
1002 2879 1143 2959 quamne,
1167 2881 1292 2941 anobis
1317 2880 1379 2961 jam
1404 2880 1588 2958 supplenda:

88 2976 195 3036 libello
210 2975 246 3037 de
259 2965 434 3056 prorronu'ue
449 2978 512 3054 Sui,
526 2986 556 3037 34
571 2978 663 3051 bima,
677 2997 728 3056 per
742 2979 811 3039 434.
906 2975 1012 3046 tima.
1030 2976 1134 3036 Venei.
1160 2978 1171 3035 4
1181 2975 1237 3036 484
1265 2975 1302 3035 ab
1324 2977 1452 3036 4444444440
1479 2977 1588 3036 Manlii·

88 3070 316 3132 blaucinellum.
346 3073 452 3131 Venet.
480 3073 555 3133 4499
585 3073 632 3133 431.
658 3072 812 3134 4130431334
868 3068 944 3127 33143
973 3067 1069 3141 edita,
1094 3075 1125 3127 ei
1153 3067 1259 3128 ibidum
1281 3067 1373 3140 1491,
1404 3069 1420 3127 4
1448 3071 1587 3146 reperite.
1670 3147 1675 3154 ,

87 3181 143 3242 per
164 3163 235 3225 Phil.
254 3165 291 3224 de
310 3168 464 3241 lavagno,
481 3168 568 3241 4475,
588 3167 607 3228 4
626 3185 695 3228 3334
714 3166 810 3242 bima,
865 3163 964 3223 Etiam
983 3161 1143 3241 aliquando
1157 3179 1225 3223 cum
1245 3162 1328 3223 libris
1346 3163 1588 3242 Elegantiarum.

87 3259 198 3318 Veurt.
224 3275 276 3336 per
294 3259 394 3319 Barth.
412 3257 448 3318 de
464 3260 561 3331 Zanis,
579 3260 656 3322 4503
677 3261 723 3322 431.
742 3277 811 3321 cum
908 3255 1113 3317 ilistoriarum
1125 3255 1314 3318 Ferdinandi
1322 3257 1408 3334 144343
1421 3256 1592 3335 Araponiae
1656 3310 1661 3320 .

88 3351 191 3413 libello
220 3351 257 3411 de
288 3353 472 3434 reciprocis,
503 3352 747 3415 annotationibus
781 3371 812 3414 43
867 3347 1591 3428 44444111.034433441131384333333344534,4

87 3441 294 3521 haurientem,
309 3453 340 3506 et
360 3444 483 3525 Dialopa
497 3448 529 3508 in
545 3448 702 3527 Poppium,
719 3451 810 3510 Paris.
869 3443 976 3503 ibidem
997 3461 1049 3521 per
1076 3443 1228 3504 Simonem
1256 3444 1446 3514 Coliuacum,
1465 3445 1554 3513 1531,
1573 3440 1592 3503 4

88 3537 171 3617 apud
194 3539 283 3600 lleur.
309 3540 510 3618 Stephanum,
530 3541 618 3614 t520,
637 3543 663 3601 4.
688 3542 812 3620 Argent.
868 3538 938 3598 item
952 3539 981 3597 in
995 3537 1139 3615 llispauia
1153 3538 1297 3600 4413344343
1311 3546 1382 3597 tom.
1395 3539 1415 3599 1.
1429 3555 1493 3616 pag.
1506 3534 1585 3597 727.

88 3649 143 3710 per
162 3632 225 3694 Uir.
254 3633 444 3695 liorhardum
476 3634 552 3696 1544
582 3636 631 3696 431.
656 3634 812 3698 Editiooes
906 3631 1210 3713 Sermodempsterio
1228 3629 1446 3692 Eucharistiae.
1463 3631 1586 3710 argent.

87 3732 257 3806 sequentes
272 3726 340 3788 data
357 3745 446 3806 opera
463 3730 642 3791 omittimus.
868 3724 961 3798 4490,
980 3726 1000 3788 4
1025 3743 1094 3789 4343
1122 3727 1270 3807 Operibus
1298 3727 1458 3800 lactantii,
1487 3725 1593 3788 Venet.

130 3819 363 3900 Etepuntr'arum
380 3821 473 3903 adeps
490 3841 543 3904 per
569 3827 684 3886 Bonum
699 3823 808 3886 44334·
871 3821 950 3881 1504
970 3822 1019 3883 431.

88 3918 172 3978 34343
190 3916 332 3977 Pisanum
350 3917 508 3992 collectus,
535 3917 631 3980 Paris.
647 3935 700 3998 per
718 3919 814 3984 Simo·
907 3914 1117 3976 denotationes
1151 3915 1182 3976 in
1211 3915 1327 3978 Nouum
1357 3915 1591 3991 instruentum,

89 4027 162 4070 nem
190 4010 365 4071 Colinaeum
387 4009 472 4083 4533,
499 4011 587 4087 libb,
607 4011 693 4086 4543,
710 4013 738 4072 8.
755 4014 813 4074 Pa·
867 4012 958 4071 Paris.
975 4010 1053 4088 apud
1070 4009 1193 4070 Badium
1213 4009 1586 4072 45054341333441433434

89 4100 256 4182 raphrasie
281 4100 432 4164 luculenta
456 4109 485 4164 et
508 4102 610 4167 brevit
634 4107 753 4168 Erasmi
783 4109 811 4168 ia
867 4104 957 4164 eiiam
984 4101 1020 4164 de
1048 4101 1211 4165 Collatione
1237 4103 1316 4166 Novi
1334 4104 1525 4181 Testamenti,
1554 4111 1586 4165 et

91 4197 150 4257 hoc
165 4196 391 4272 Elegantiarum
411 4199 501 4260 libros
520 4200 625 4261 Color.
642 4199 729 4276 4539,
747 4199 774 4261 8.
866 4214 936 4258 3343
948 4204 1049 4258 annot.
1064 4199 1163 4259 iacobi
1177 4199 1258 4259 liovii
1273 4199 1447 4277 prodierunt
1463 4197 1590 4260 4343431.

132 4291 163 4352 44.
180 4286 357 4352 Libellurde
371 4291 603 4373 reciprocatione
614 4296 661 4355 sui
679 4301 710 4355 et
727 4309 812 4370 suus,
868 4293 956 4366 4634,
972 4291 993 4352 8
1010 4293 1154 4370 repetitae
1175 4293 1205 4352 iu
1223 4291 1324 4355 Bibliis
1342 4293 1461 4354 Criticis
1487 4292 1590 4372 Angli-

91 4386 193 4464 quiin
211 4385 394 4447 editionibus
412 4388 627 4450 recentioribus
644 4387 816 4467 Elegantia·
868 4389 963 4448 canis.
1045 4421 1048 4430 ·

92 4496 161 4540 rum
181 4485 300 4540 tautum
321 4497 379 4540 noo
398 4482 539 4543 omnibus
557 4482 727 4545 exhibetur.
911 4478 1070 4543 calumnia
1100 4477 1286 4561 Tbeolopico,
1304 4482 1466 4544 4344443443
1489 4478 1591 4542 Vatiae

134 4575 162 4634 3.
178 4572 313 4634 43444344
324 4573 353 4633 in
367 4575 509 4654 Poppium
521 4573 727 4636 Florentinum
743 4574 813 4637 libri
868 4573 937 4635 olim
954 4572 1081 4656 Neapoli
1091 4573 1244 4649 intentata,
1255 4573 1336 4655 quod
1346 4579 1490 4653 34933344,
1501 4575 1588 4654 Spor-

94 4667 144 4730 li'.
161 4668 260 4729 Senao
275 4686 327 4746 por
343 4671 432 4730 11434.
449 4669 486 4730 de
508 4667 652 4730 llarleim.
671 4668 813 4732 1490431.
870 4669 966 4730 bolum
984 4667 1172 4730 membratim
1189 4667 1436 4751 articulatimque
1447 4669 1591 4751 perripa-

135 4759 165 4822 4.
182 4759 624 4841 Apotapusetrleturscenicus
638 4761 812 4824 ineundam.
867 4762 956 4826 343433
980 4779 1042 4825 4444
1057 4762 1260 4842 compositum.
1280 4762 1350 4842 Ipso
1375 4763 1473 4826 taur.
1503 4762 1587 4828 Valla

135 4854 394 4917 5134343333
422 4856 610 4920 liaudensem
636 4858 811 4920 Annotatio-
866 4865 981 4920 autore.
1000 4857 1123 4934 hrgrut.
1140 4858 1226 4928 4533,
1245 4855 1273 4917 ir.

94 4965 167 5016 444444
183 4945 313 5017 libetur.
331 4951 435 5015 114334.
452 4969 505 5034 ρ34
523 4953 643 5028 Lucem
659 4951 757 5038 itti,
768 4953 794 5014 4.
905 4953 1064 5018 comment.
1081 4949 1110 5012 in
1127 4947 1314 5040 Sallustium,
1331 4951 1360 5014 iu
1378 4951 1508 5026 editione
1525 4951 1583 5014 Ve-
