3368 5362
188 344 337 405 invectiva
358 347 462 401 contra
490 341 720 402 Cartbusieuses
744 361 772 420 p.
794 344 862 404 335.

188 440 208 497 Ρ
236 434 392 497 4144414444
410 432 552 514 Apologia
571 450 626 494 seu
644 432 796 514 Confessio
815 435 864 493 Fi·

146 528 195 590 dci
214 547 280 607 pag.
309 527 511 588 33014444
544 529 621 585 inter
651 527 727 587 alia:
753 526 867 605 scripsi

145 621 223 703 farte
243 620 347 700 aliqua
361 637 419 698 per
436 636 592 691 morem,
611 636 689 697 quae
705 636 764 678 aaa
779 635 865 696 opor-

146 716 218 775 tuit:
239 713 293 775 scd
313 713 424 772 4144444
443 718 544 772 testem
561 718 590 772 et
598 711 733 790 judicem
755 711 786 771 in
799 710 866 770 ani-

145 824 224 868 mam
246 823 341 866 oseam
365 805 487 879 israuca,
510 806 582 884 qrtia
604 806 635 863 in
656 804 721 876 bis,
743 803 780 864 de
799 803 866 882 qai-

145 897 201 959 bus
221 915 369 970 accusor,
385 897 428 956 nil
441 914 498 976 per
515 896 662 957 malitrbm
682 902 737 956 aut
758 912 864 975 super—

145 990 225 1052 biam
245 991 430 1070 praesumsi.

186 1082 321 1164 Epistola
333 1082 376 1143 acl
389 1081 563 1143 Girbertum
577 1081 782 1142 Parisiensem
794 1081 864 1159 Epi·

142 1193 266 1256 scopum
289 1194 353 1255 pag.
375 1177 443 1237 330.

185 1271 293 1330 434441
316 1269 518 1338 Venerabilis,
536 1269 661 1330 Abbatis
682 1268 859 1328 Cluniacen-

148 1364 210 1434 sis,
230 1359 362 1439 Epistola
384 1360 426 1420 ud
445 1361 647 1420 lrtrrocentinm
666 1361 704 1419 44.
724 1360 859 1440 Papam,

150 1459 176 1528 4)
194 1471 247 1532 pru
269 1457 354 1514 Petro
371 1452 537 1512 Abaelardu
555 1472 619 1533 pag.
637 1453 706 1513 335.
719 1452 863 1529 Ejusdem

144 1545 186 1607 ad
202 1545 351 1607 Heluinam
360 1546 387 1621 4)
403 1546 536 1606 Paraoliti
553 1545 742 1606 Abbatissam
755 1562 782 1622 p.
795 1543 863 1603 337.

187 1637 378 1718 Epitaphium
395 1636 429 1696 P.
450 1635 619 1698 Abaelardi
631 1641 656 1711 4)
675 1638 692 1696 4
707 1638 792 1696 Petro
808 1637 864 1696 Ve-

145 1732 265 1792 nerabili
290 1733 436 1811 scriptum
458 1749 525 1810 pag.
546 1732 615 1791 3l2.

186 1826 316 1903 Epistola
339 1823 558 1898 1134018434)
576 1823 613 1882 ad
633 1824 753 1883 l‘etrum
767 1821 864 1884 Abba-

147 1926 207 1978 tem
230 1919 365 1980 Cluniae.
388 1934 453 1994 pag.
477 1915 545 1975 343.

184 2012 261 2071 Petri
273 2010 481 2072 Cluniacensis
492 2008 529 2067 ad
542 2008 687 2067 lleluisam
710 2009 736 2080 e)
747 2024 776 2084 p.
798 2007 867 2065 344.

183 2100 336 2163 Absolutio
356 2099 444 2160 Petri
468 2098 636 2177 Abaelardi
659 2117 726 2178 pag.
747 2101 816 2160 345.

186 2197 337 2273 Rescripta
359 2194 505 2271 quaedam
533 2209 719 2254 summorum
750 2192 868 2251 Pontid-

142 2308 211 2351 cum
233 2289 269 2349 ad
293 2287 443 2348 lleloisam
467 2302 532 2364 pag.
555 2287 623 2345 346.

185 2384 213 2442 P.
233 2380 387 2441 Abaelardi
406 2377 552 2460 oppositio
570 2377 601 2438 in
617 2377 787 2439 Orationem
805 2380 862 2438 Du-

148 2474 287 2536 minicam
309 2491 373 2553 pag.
397 2474 464 2533 359.

184 2567 345 2648 Expositio
360 2564 495 2646 Symboli
501 2563 708 2644 Apostolorum
721 2583 786 2644 pag.
798 2568 865 2627 368.

184 2661 343 2740 depositio
369 2659 442 2738 fidei
462 2659 492 2718 in
513 2656 685 2737 Symbolum
707 2657 869 2720 Athanasii

147 2772 215 2834 pag.
238 2757 305 2815 331.

188 2848 362 2908 4434018414
377 2846 587 2905 Paraclitcnsis
602 2845 779 2905 abbatissae
794 2862 866 2925 pro-

150 2938 278 3000 blemata
295 2940 384 2999 4444.
403 2955 470 2997 cum
487 2935 653 2997 Abaelardi
673 2935 867 2997 solutionibus

151 3050 216 3111 pag.
240 3034 307 3092 384.

195 3129 226 3185 P.
248 3123 404 3186 abaelardi
437 3122 585 3183 adversus
618 3115 756 3182 haereses
782 3119 867 3181 liber.

151 3237 217 3300 pag.
236 3220 303 3279 453.
319 3217 429 3277 Conler
446 3215 484 3275 de
502 3215 697 3289 haeresibus,
711 3213 867 3275 4444414444

152 3305 305 3391 tempore,
321 3308 471 3372 Edmundi
487 3311 619 3369 44444444
637 3316 707 3368 tom.
724 3309 757 3369 V.
772 3310 868 3367 Aneo-

149 3406 236 3466 dutor
255 3423 326 3485 pag.
348 3404 433 3465 4344.
458 3403 547 3464 4345.
820 3479 823 3484 ,

189 3498 433 3559 Commentarius
448 3511 541 3573 snper
556 3490 720 3572 Epistulam
731 3493 762 3553 S.
776 3489 871 3551 Pauli

148 3590 190 3652 ad
210 3594 356 3654 Romanos
377 3592 407 3649 in
429 3589 461 3646 ll.
485 3588 577 3648 libros
598 3587 719 3646 divisus
741 3602 769 3661 p.
790 3583 860 3644 494.

190 3687 348 3746 Sermones
369 3681 485 3741 14141441.
515 3683 543 3738 44
577 3680 662 3740 lestis
683 3694 870 3755 perannum

152 3776 270 3855 legendi
292 3791 358 3853 pag.
379 3774 447 3833 739.

192 4055 219 4110 a)
237 4055 325 4102 1444444
342 4057 407 4103 luter
426 4057 494 4106 44444
520 4053 675 4105 venerabilis
691 4056 817 4116 1444444144
832 4051 877 4107 4414.

147 4129 187 4175 114.
199 4125 224 4176 4.
242 4130 267 4176 44
276 4126 431 4179 3144444444
440 4128 600 4182 elnnlaeeuu
610 4130 723 4183 4444444
732 4133 766 4182 44
778 4133 878 4182 044444

150 4213 206 4264 pag.
224 4200 279 4250 346.

192 4276 220 4340 4)
238 4275 273 4326 td.
291 4278 330 4325 lv.
343 4275 384 4326 34.
400 4288 456 4338 pag
468 4277 525 4328 350.

196 4353 222 4417 4)
233 4353 270 4402 44.
279 4363 337 4413 pag.
348 4350 419 4401 1344.
429 4355 530 4416 lnclplt:
543 4354 608 4405 Gall
625 4366 686 4404 rum
695 4357 821 4407 Socrates
829 4362 878 4405 ete.

194 4427 221 4493 4)
239 4426 277 4480 ld.
294 4427 333 4476 vl.
351 4425 390 4475 34.
409 4439 465 4488 pag.
485 4427 540 4477 346.

193 4503 218 4565 4)
238 4501 273 4552 44.
300 4505 341 4552 vl.
366 4502 407 4552 34.
429 4514 487 4567 psg.
505 4503 561 4550 930.
591 4504 635 4554 441
663 4505 694 4555 44
720 4517 777 4555 eam
801 4506 879 4553 4444444

148 4578 280 4631 44444441
289 4575 475 4630 absolutionem
484 4575 603 4639 sddttqua
618 4577 778 4628 sAsrrotabo
790 4585 879 4628 uestro

151 4656 285 4717 osstrtaue
301 4667 384 4706 eausa
401 4659 516 4712 nostro,
532 4665 595 4701 mea
611 4659 641 4701 ut
669 4653 788 4715 {acubus
812 4654 879 4701 data

149 4729 232 4791 144444
241 4765 251 4791 ,
268 4731 299 4781 in
315 4729 410 4792 aliqua
429 4726 561 4778 nobilium
577 4727 783 4787 Baetasiorum,
807 4729 878 4776 Pra-

153 4803 266 4854 bsndum
282 4803 368 4854 libans
399 4805 542 4867 adquirere
560 4800 697 4853 laborabo.

193 4879 225 4937 4)
241 4882 396 4931 adversariis
409 4880 493 4930 441444
511 4883 544 4937 3,
560 4876 710 4929 ’4444444444
721 4877 808 4938 (supra
819 4884 881 4926 tom.

784 236 1001 301 PETRUS

960 348 1002 407 De
1020 345 1078 424 fide
1098 346 1128 404 S.
1154 343 1325 416 Trinitatis,
1356 345 1424 401 sive
1460 342 1633 401 latrocinalia

919 441 955 502 ad
978 436 1163 516 Theolopiam
1181 439 1210 496 44
1228 439 1277 498 444.
1300 436 1394 495 libras
1411 434 1512 494 divisa
1530 451 1558 511 p
1574 435 1635 493 943.

959 532 1059 593 Prusa
1078 530 1114 590 de
1135 532 1168 590 Β.
1193 529 1311 606 Virgine
1331 547 1399 607 pag.
1423 529 1516 589 4436.

964 629 1056 687 Notae
1073 622 1212 683 Andreae
1229 619 1414 697 (4444444444
1429 622 1498 679 sive
1516 617 1635 677 14444444-

923 719 968 779 nii
996 719 1032 779 ad
1067 718 1223 778 Historiam
1256 716 1467 775 calamitatum
1490 710 1635 772 Abaelardi

920 829 985 892 pag.
1009 813 1096 872 4444.

960 906 992 965 44
1025 902 1156 963 editione
1184 918 1309 980 opernm
1331 901 1497 960 Parisiensi
1529 897 1636 958 deside

918 1005 1041 1057 rantur:

960 1086 1046 1149 Libri
1075 1086 1207 1168 quinque
1234 1085 1405 1165 Tbeulagiae
1429 1083 1632 1152 Christianae.

919 1183 1033 1259 vulgati
1050 1184 1179 1258 primum
1195 1179 1406 1241 abEdmundo
1421 1182 1557 1239 Mastane.
1571 1185 1632 1235 tom.

920 1276 956 1334 V.
971 1273 1184 1335 anecdotorum
1200 1290 1229 1350 p.
1245 1272 1430 1334 44564360.
1446 1273 1540 1332 Paris.
1557 1271 1633 1330 4414.

921 1369 967 1428 441.
990 1367 1101 1444 quibus
1122 1364 1238 1426 erudita
1261 1365 1479 1443 prulegomena
1496 1362 1536 1422 de
1553 1363 1635 1422 Abse-

919 1459 1001 1521 44444
1026 1459 1153 1536 ejusque
1186 1457 1337 1518 erroribus
1359 1455 1388 1536 4)
1410 1466 1444 1517 et
1465 1456 1635 1518 adversariis

920 1554 1084 1632 praemisit.
1106 1551 1195 1612 444144
1217 1552 1321 1612 eadem
1341 1553 1370 1612 44
1392 1551 1451 1610 hoc
1467 1567 1558 1628 opere
1574 1566 1632 1608 eum

920 1645 1002 1705 libris
1023 1646 1060 1705 de
1082 1644 1140 1704 side
1159 1646 1188 1705 S.
1207 1646 1382 1716 Trinitatis,
1400 1661 1505 1722 neque
1526 1643 1631 1702 diffiteri

920 1741 1017 1817 potuit
1046 1742 1178 1799 loannes
1211 1737 1430 1799 cornubiensis
1453 1739 1503 1815 gl,
1525 1738 1632 1795 Petrum

922 1831 1121 1892 lombardum
1143 1834 1319 1908 Magistrum
1348 1847 1440 1891 suum
1476 1833 1506 1888 in
1539 1828 1632 1889 celebri

920 1927 1138 1985 sententiarum
1160 1939 1249 2001 opere
1272 1923 1449 2000 frequenter
1477 1922 1535 1980 hos
1557 1921 1631 1980 libros

920 2034 990 2098 prae
1011 2018 1105 2078 oculis
1128 2017 1268 2078 habuisse
1287 2031 1322 2075 ac
1343 2022 1487 2074 secutum
1513 2030 1588 2073 esse..

962 2109 1199 2173 Commentarius
1231 2109 1261 2167 in
1292 2110 1511 2169 Heoeatmeron
1531 2105 1567 2166 ad
1588 2106 1630 2165 lle

921 2204 1055 2280 loysam:
1089 2205 1118 2261 44
1150 2201 1256 2261 eudem
1289 2202 1395 2278 quinto
1428 2199 1628 2260 anecdotorum

920 2298 1054 2356 Martenii
1078 2302 1158 2355 tomo
1179 2311 1246 2372 pag.
1269 2293 1453 2353 43334446.

959 2386 1094 2467 1444444444
1115 2387 1151 2447 de
1167 2389 1221 2448 SS.
1243 2388 1406 2458 4444444444,
1425 2402 1556 2463 quorum
1583 2385 1626 2443 ini-

920 2482 1014 2542 tium:
1032 2479 1131 2559 Alpba
1148 2484 1176 2539 et
1191 2481 1334 2557 Omapne
1348 2478 1453 2548 uuus,
1468 2475 1546 2548 Heli,
1563 2472 1627 2545 Heli,

923 2574 1025 2635 DEUS
1041 2589 1134 2634 meus.
1163 2575 1191 2632 44
1217 2571 1329 2633 laudati
1344 2573 1483 2632 4444444444
1498 2570 1629 2630 collectio

923 2685 960 2727 ne
978 2675 1116 2726 veterum
1135 2671 1398 2726 monumentorum
1418 2671 1493 2723 tom.
1509 2664 1560 2724 lX.
1573 2677 1626 2739 pag.

922 2756 1102 2821 40944097.
1124 2760 1218 2818 Paris.
1245 2758 1331 2819 4833.
1362 2755 1410 2815 lol.
1440 2754 1501 2816 Sed
1523 2752 1628 2815 eosdem

921 2854 978 2913 sub
999 2851 1226 2913 lllLDEBEllTl
1254 2851 1498 2911 Cenomanensis
1525 2847 1629 2907 numine

921 2945 1056 3006 ediderat
1070 2945 1199 3005 Jacobns
1214 2944 1361 3017 llummey
1376 2944 1405 2998 44
1422 2942 1575 3020 spicilegia
1589 2941 1630 2997 Pa·

923 3046 1003 3097 trum
1027 3056 1092 3115 pag.
1117 3038 1183 3095 446.
1208 3037 1298 3095 Paris.
1322 3033 1400 3093 4684
1433 3035 1462 3092 8.

965 3129 1116 3209 Tbeolopia
1134 3132 1249 3190 diorum
1272 3131 1337 3187 sive
1358 3124 1489 3199 Etbica,
1507 3125 1577 3186 liber
1595 3125 1629 3180 in·

923 3228 1073 3304 scriptus:
1092 3225 1170 3284 Scito
1189 3221 1315 3300 teipsum
1328 3263 1335 3293 ,
1353 3219 1563 3296 reprehensus
1577 3221 1592 3277 4
1605 3215 1629 3275 5.

923 3316 1091 3388 34444444,
1109 3330 1291 3394 quamquam
1320 3311 1408 3388 aJunt
1439 3312 1469 3386 4)
1491 3311 1531 3371 44
1551 3311 1630 3370 Abae

923 3409 1005 3470 lardo
1027 3424 1085 3467 non
1104 3424 1157 3485 pro
1174 3408 1305 3485 genuino
1322 3421 1378 3464 suo
1396 3405 1480 3465 laetu
1499 3405 1629 3483 agnitum.

924 3502 1034 3562 Prodiit
1056 3504 1084 3560 in
1107 3503 1139 3563 C.
1163 3501 1196 3557 V.
1217 3496 1362 3559 Bernardi
1391 3499 1470 3557 Pezii
1493 3495 1631 3557 anecdotis

926 3604 996 3656 tom.
1019 3597 1047 3655 3.
1069 3599 1153 3672 parte
1176 3593 1203 3652 2.
1227 3609 1292 3670 pag.
1316 3589 1460 3650 937-688.

964 3684 1194 3760 Elucidarium,
1209 3683 1287 3761 quod
1305 3701 1334 3741 44
1351 3685 1448 3743 veteri
1467 3682 1576 3745 Codice
1587 3681 1633 3740 444-

926 3797 1027 3841 44444.
1049 3779 1217 3840 Monasterii
1239 3780 1272 3837 3.
1293 3777 1400 3837 4444444
1433 3774 1472 3834 44
1506 3773 1633 3835 Fontanis

922 4062 1025 4112 4444444.
1041 4061 1072 4111 44
1088 4073 1140 4123 quo
1158 4072 1234 4122 supra
1253 4065 1315 4107 lom.
1326 4059 1410 4118 bpsg.
1422 4056 1460 4106 46.
1471 4063 1498 4106 et
1510 4055 1562 4113 et.)
1575 4051 1636 4101 4444·

922 4142 991 4184 serus
1003 4135 1175 4185 laudunensis
1192 4140 1217 4182 et
1234 4134 1393 4182 4414444414.Ι
1410 4133 1634 4192 praesensissem

924 4214 947 4258 8.
965 4211 1115 4259 bernardus.
1135 4206 1273 4256 videantur
1290 4209 1395 4254 4444444
1411 4205 1553 4255 (2444444114
1567 4199 1637 4250 lton

922 4286 1016 4334 4444444
1034 4284 1060 4334 S.
1076 4281 1234 4331 bernardus
1249 4281 1357 4329 Petrum
1369 4277 1635 4328 Alaun-‹tamnus-

923 4359 1019 4421 pticns.
1036 4353 1460 4406 44444.4644444144114444444
1481 4352 1513 4402 44
1534 4345 1634 4401 44444444

925 4432 1036 4493 capitula
1055 4432 1196 4480 haeresium
1225 4427 1451 4477 Abaelsrdlnsrum
1474 4435 1526 4477 ete.
1556 4429 1636 4482 444444

925 4507 1045 4556 litterulae
1064 4507 1107 4556 444
1123 4504 1189 4554 4444
1209 4502 1366 4553 benedicum
1392 4509 1411 4552 4.
1438 4501 1462 4554 4.
1480 4507 1553 4564 partu
1568 4501 1591 4548 4.
1616 4507 1634 4555 p·

969 4656 996 4718 g)
1014 4659 1041 4705 14
1057 4656 1157 4717 euloglo
1167 4652 1200 4703 44
1211 4653 1278 4702 4144.
1293 4655 1336 4700 141.
1346 4655 1452 4713 nepam.
1463 4647 1632 4700 viunnoense

924 4729 959 4779 du
976 4729 1072 4780 chesas
1085 4735 1157 4779 44444
1172 4730 1204 4777 44
1216 4725 1380 4775 4444144444
1391 4737 1449 4786 pag.
1462 4725 1534 4777 4453.
1545 4724 1633 4783 euleu

926 4804 958 4854 44
975 4810 1022 4854 Aa.
1041 4803 1110 4853 4113.
1129 4816 1198 4853 nuru.
1222 4802 1259 4850 15.

973 4879 1001 4940 b)
1018 4881 1113 4929 0444444
1131 4881 1157 4928 44
1175 4875 1453 4926 4144144344144444
1472 4880 1518 4924 144.
1536 4870 1600 4920 list.

151 4949 166 4998 ³
183 4963 241 5012 4413·
259 4954 315 5014 499)
333 4960 478 5016 anonymus
494 4953 635 5018 (4414444444
661 4951 799 5004 4444444444
824 4950 880 5000 (44-
942 4988 946 4993 .
