3368 5362
167 214 226 274 444
771 203 1070 266 uultlinllrt

167 319 327 379 honestatis
340 318 559 378 monachietile
573 315 699 377 tiniaiiiio
717 322 746 374 et
761 313 889 373 amando
945 313 1022 373 milia
1041 320 1128 372 ortus
1153 321 1183 372 et
1204 312 1316 373 studiis
1342 315 1512 378 liberalibus
1535 322 1650 383 imbutus

168 413 202 472 4).
218 414 291 472 lesu
309 410 426 472 Christo
439 428 530 491 prosa
547 415 577 470 ct
595 408 697 488 lipata.
718 408 805 468 Plura
826 410 888 468 lac.
943 423 1078 465 eremum
1102 408 1205 484 petiit,
1238 414 1270 465 et
1301 407 1417 468 ordinis
1452 411 1484 470 S.
1517 413 1649 477 Benedicti

166 505 276 578 Quetil.
299 505 337 564 de
371 504 571 582 scriptoribus
601 502 675 564 Ord.
703 501 888 562 Praedicata·
944 499 1086 558 laxiorem
1126 498 1316 577 disciplinam
1356 505 1507 580 corrigere
1542 506 1650 568 studuit

167 615 233 659 rum
257 605 331 656 tom.
350 598 372 657 1.
394 615 424 675 p.
445 598 513 659 464.
942 591 1022 652 Obiit
1043 608 1070 651 a.
1095 593 1182 654 4623.
1204 595 1314 655 aetatis
1338 594 1407 654 iau.

204 691 420 751 sonnatius
452 690 488 750 de
519 694 596 752 liosa
624 695 752 749 nonest
777 705 885 748 nomeu
981 682 1056 761 Ejus
1089 684 1331 746 Commentarius
1349 686 1652 752 repromisisset

164 781 384 856 auctoris,sed
408 783 472 842 libri
494 782 616 853 Gallici,
636 779 887 842 lellomandela
941 775 970 834 in
1013 779 1194 836 monasterio
1226 778 1478 855 camaldulensi,
1517 784 1545 842 in
1578 785 1651 862 cujus

165 875 251 935 Acie.
273 877 412 936 Occurrit
434 884 505 935 tuin.
536 876 583 936 lll.
605 874 739 955 Operum
761 876 885 934 loannis
942 869 1083 945 operculo
1105 870 1179 930 haec
1202 871 1364 949 leguntur:
1384 873 1474 934 Istud
1490 873 1650 937 Psalleriun

76 1044 79 1049 Ι
165 969 279 1028 Gersoo
299 987 328 1044 p.
344 968 442 1029 291*
459 971 539 1030 Cave
557 968 664 1030 credas
682 968 790 1028 librum
805 968 886 1028 hunc
946 963 1069 1041 scripsit
1082 968 1111 1021 et
1123 961 1271 1040 piassauit
1287 982 1381 1025 manu
1392 969 1585 1048 suaprapria
1596 986 1651 1029 son-

163 1061 260 1139 qualis
279 1068 345 1136 est,
363 1079 511 1123 excusum
540 1063 595 1140 legi
624 1069 645 1120 t.
674 1062 723 1121 444.
751 1061 883 1138 Operum
939 1053 1091 1115 alissimus
1108 1053 1354 1118 audentissimus
1372 1059 1652 1134 llamuatdiu,sicut

162 1152 306 1213 Gaisonis
323 1172 388 1232 pag.
407 1155 476 1215 29¹1.
491 1154 562 1215 nibil
581 1156 661 1213 eninr
682 1154 718 1213 ibi
737 1155 883 1225 occurrit,
935 1152 1135 1225 praeceperat
1155 1148 1217 1208 sibi
1236 1149 1320 1211 Deus
1334 1196 1341 1221 ,
1353 1152 1547 1233 quandasuit
1564 1160 1650 1234 raptui

138 1306 141 1317 ,
162 1248 219 1305 nisi
232 1249 275 1304 to.
295 1247 438 1308 Gersonis
457 1248 631 1307 Tractatum
642 1251 745 1305 contra
759 1248 884 1306 4444444-
940 1237 971 1296 t'tt
980 1238 1183 1318 paradisum,
1201 1240 1360 1304 celebrans
1377 1246 1507 1306 44444444
1521 1247 1552 1306 44
1569 1266 1647 1307 aeni

163 1338 237 1398 tium
255 1340 297 1400 De
314 1343 407 1415 Rasa,
424 1359 514 1419 quam
532 1347 626 1400 talam
648 1338 881 1417 disputationem
939 1332 1060 1410 Sptriae
1071 1381 1080 1407 ,
1091 1332 1242 1395 utscribit
1254 1334 1362 1398 beatus
1378 1338 1494 1400 Petrus
1504 1340 1647 1401 4444444444

159 1437 262 1512 paucus
281 1435 403 1512 pagellis
421 1433 548 1512 expedis
565 1433 739 1494 Gorgonius,
759 1431 776 1467 ⁸
940 1420 1102 1503 Presbyter
1120 1427 1294 1490 cardinalis
1312 1430 1345 1488 in
1359 1428 1488 1508 lepenila
1508 1449 1572 1494 sua.
1588 1435 1648 1493 44444

204 1525 393 1604 Romanus,
407 1528 539 1588 Pontifex
559 1525 761 1585 Romanusab
775 1525 883 1584 4894,
938 1521 984 1575 lo.
1005 1519 1194 1581 Alabillauius
1214 1523 1282 1581 ltin.
1306 1524 1412 1583 ltalico
1435 1543 1466 1603 p.
1489 1526 1554 1586 479.
1567 1527 1648 1606 4444-

160 1634 264 1679 mense
276 1620 359 1699 Sept.
375 1637 430 1699 per
452 1635 572 1679 menses
585 1620 631 1678 lv.
645 1614 796 1695 Epistulae
807 1615 884 1676 duae
937 1610 1072 1671 cilionem
1101 1615 1191 1673 etiam
1213 1612 1243 1673 in
1270 1613 1418 1675 nonnulla
1455 1617 1645 1696 Prophetarum

159 1712 354 1774 Pontificaius
385 1729 464 1774 anno
492 1719 578 1772 ,ςρχω
611 1711 639 1770 h,
667 1711 774 1770 0900,
797 1709 884 1770 datae
939 1703 1066 1764 cantica
1082 1705 1257 1766 elaboravit.
1275 1707 1361 1768 Adde
1380 1711 1643 1773 Passerinumtll.

158 1813 280 1865 exstant
302 1809 329 1864 in
353 1808 430 1866 Petri
456 1807 494 1866 do
522 1807 617 1866 llaica
650 1806 746 1864 Marca
780 1803 884 1879 llispa-
940 1798 1111 1875 Apparatus
1133 1815 1161 1875 p.
1183 1801 1252 1860 346.
1274 1800 1350 1877 (364
1378 1802 1411 1862 8.
1433 1804 1641 1865 Romualdil'iu

158 1901 222 1959 ntea
246 1918 274 1976 p,
295 1901 363 1959 833,
386 1901 454 1960 834,
938 1891 1011 1951 AS.
1029 1889 1119 1951 Petro
1136 1893 1272 1952 Damiani
1295 1897 1474 1975 conscripta
1492 1897 1641 1974 4446444444-

203 1992 382 2054 trutinatis
402 1991 436 2053 de
454 1997 617 2063 ltoma,aii
638 1991 744 2050 illustri
764 1989 884 2049 Ursino·
939 1983 994 2044 lice
1030 1987 1059 2044 in
1095 1984 1224 2045 hirenae
1246 1986 1336 2047 4568.
1360 1988 1388 2046 8.
1414 2004 1433 2048 a
1455 1990 1641 2069 Diepaciute

161 2102 227 2143 rum
252 2084 383 2155 familia,
405 2085 475 2144 Ord.
509 2082 773 2148 Praedicatorum,
795 2082 883 2159 blagi-
935 2077 1129 2156 potamium.
1143 2079 1230 2141 4674.
1251 2081 1267 2138 4
1290 2097 1307 2140 a
1331 2083 1431 2143 Bonii.
1454 2084 1566 2144 Collina
1580 2080 1640 2143 aiii

157 2183 220 2233 ster
242 2178 414 2252 Parisinus,
436 2180 487 2254 qui
511 2178 540 2236 S.
554 2174 686 2236 Thamna
702 2176 730 2233 in
752 2175 880 2233 Rectum
938 2188 1000 2249 pua
1021 2173 1109 2234 4748.
1132 2174 1160 2232 8.
1182 2189 1211 2232 v.
1234 2174 1283 2248 2.)

157 2266 282 2327 Scholaa
305 2270 480 2328 Parisiensis
502 2270 657 2328 successit.
692 2269 771 2326 Vixit
803 2269 881 2326 circa
977 2266 1172 2328 uoutlnuul
1194 2267 1254 2329 duo
1277 2267 1371 2348 hujus
1405 2274 1537 2332 nominis
1560 2270 1637 2332 Archi·

156 2378 181 2420 a.
207 2361 294 2422 4473.
316 2364 435 2441 scripsit
458 2363 488 2421 iii
501 2367 633 2441 quatuor
655 2358 747 2421 libros
768 2365 881 2419 senten-
936 2362 1066 2439 episcopi
1079 2360 1259 2423 salernitani
1273 2405 1280 2433 ,
1296 2362 1378 2437 prior
1393 2363 1472 2424 aba.
1488 2362 1636 2426 itai-titt

154 2453 285 2529 tiaram,
303 2458 460 2517 Sermones
479 2454 514 2514 de
537 2460 665 2535 tempore
696 2459 725 2513 et
755 2454 882 2513 Sanctis.
936 2453 1012 2512 alter
1032 2453 1070 2513 ab
1090 2470 1116 2513 a.
1140 2455 1229 2515 4453.
1252 2455 1389 2532 Uterque
1412 2463 1462 2516 est
1487 2464 1583 2518 auctas
1598 2451 1637 2516 ch·

158 2548 879 2627 746404444464844444.0444.4444444463.
934 2546 1035 2607 ronici
1058 2547 1095 2607 ab
1126 2547 1197 2608 arbe
1223 2548 1345 2608 condito
1368 2549 1406 2610 ad
1430 2567 1458 2609 a.
1482 2552 1564 2612 4473.
1579 2545 1634 2626 quoi

193 2644 372 2703 ROMANUS
404 2645 530 2713 844444,
561 2641 721 2719 Presbyter
753 2642 829 2700 circa
852 2656 877 2699 a.
936 2657 974 2701 ex
1002 2639 1109 2701 Codice
1138 2640 1337 2702 Ambrosiano
1359 2642 1459 2704 edidit
1490 2644 1634 2705 llumtonis

153 2736 220 2795 660.
244 2738 364 2813 scripsit
378 2734 413 2795 de
432 2734 567 2795 Paschae
584 2730 790 2794 celebratione.
808 2736 878 2792 Pus·
935 2734 965 2794 S.
987 2736 1025 2793 lt.
1041 2736 1104 2794 ltal.
1127 2740 1198 2794 torn.
1221 2734 1286 2793 llll.
1307 2755 1337 2814 p.
1361 2739 1389 2797 l.
1412 2739 1530 2798 Partem
1550 2741 1634 2814 pasta

153 2830 279 2887 sevinus
300 2835 381 2886 tomo
403 2830 427 2888 ll
451 2829 621 2906 Apparatus
643 2844 672 2904 p.
694 2827 761 2886 356.
937 2844 1015 2886 mam
1039 2828 1118 2887 aba
1152 2828 1337 2890 4469-4477.
1361 2828 1401 2890 de
1422 2830 1534 2902 rebus,
1551 2825 1633 2907 quibus

194 2920 370 2982 ROMANU8
391 2921 533 2981 Basilicaa
568 2920 728 2980 l’ati'canae
748 2918 877 2979 Canoni-
937 2922 1000 2998 ipsa
1018 2937 1070 2999 pro
1091 2920 1256 2981 Guilielma
1277 2923 1397 2983 Siciliae
1420 2924 1501 3004 llege
1520 2918 1632 2983 interluit.

152 3020 362 3089 cus,tempore
375 3015 499 3089 Eugenii
516 3015 564 3073 lll.
579 3013 731 3074 l’antilicis
743 3013 876 3071 seaxu.
929 3010 990 3088 jam
1013 3021 1100 3072 antea
1123 3012 1248 3075 dederat
1271 3017 1422 3077 carusius
1436 3019 1466 3076 in
1484 3014 1631 3077 Bibliotheca

153 3103 237 3165 dedit
250 3102 399 3165 Basilicae
420 3107 526 3167 Veteris
537 3107 696 3167 Vaticanae
706 3103 876 3181 descriptio·
933 3104 1073 3165 historica
1096 3107 1214 3166 Siciliae
1250 3114 1322 3168 tom.
1347 3108 1383 3169 ll.
1412 3112 1495 3170 Prior
1516 3126 1580 3169 vem
1596 3106 1632 3166 to

151 3200 237 3271 nem',
258 3202 287 3258 in
309 3216 367 3275 qua
391 3201 484 3261 multa
506 3208 537 3260 et
568 3204 686 3279 egregia
716 3201 876 3277 antiquita·
933 3197 1073 3258 mualdus
1102 3203 1241 3278 pervenit
1262 3218 1363 3278 usque
1384 3202 1424 3262 ad
1447 3220 1474 3263 a.
1490 3202 1631 3266 littam

152 3293 191 3353 tis
212 3298 405 3353 monumenta
429 3292 597 3365 habentur,
623 3293 734 3354 editam
767 3294 876 3352 Romae
932 3289 988 3349 sub
1010 3290 1058 3350 illo
1081 3292 1160 3351 anno
1182 3292 1324 3371 leguntur
1358 3294 1436 3357 haec
1468 3298 1571 3357 verba:
1593 3294 1633 3354 u
1665 3338 1671 3353 .

152 3385 317 3446 46464444
330 3394 431 3445 annot.
440 3388 519 3447 Pauli
533 3386 712 3465 deAngelis.
724 3386 798 3446 Vide
809 3388 877 3446 Pro·
932 3395 1013 3443 utria
1035 3384 1222 3446 canonicus.
1244 3383 1291 3445 Ab
1305 3385 1359 3446 hoc
1378 3387 1444 3450 loco
1463 3389 1588 3450 additum
1603 3388 1634 3443 al

151 3480 229 3556 speri
243 3478 384 3540 blandosii
399 3480 642 3539 bibillnnianam
653 3481 732 3539 cent
747 3480 876 3541 villar.
934 3473 1002 3535 huia
1017 3477 1164 3538 Cranicae
1179 3495 1236 3556 per
1252 3481 1457 3542 llamuuldum
1474 3484 1515 3543 11.
1531 3476 1632 3546 8444444

192 3572 375 3634 nullanus
407 3573 595 3646 Picentinus,
623 3573 693 3633 Ord.
726 3573 878 3634 Praedica-
934 3574 1037 3655 tanum
1067 3570 1340 3652 archiepiscopum.
1375 3576 1491 3638 Itomae
1517 3576 1573 3653 jam
1597 3588 1631 3633 u·

151 3675 272 3739 torum,
303 3682 363 3725 sec.
387 3668 465 3727 xlll.
503 3667 622 3743 scripsit
660 3667 816 3726 Sermones
842 3664 879 3726 ile
932 3662 1005 3722 cribi
1036 3671 1196 3725 curaverat
1233 3666 1445 3745 Mabillonius,
1477 3669 1563 3730 edere
1584 3678 1631 3725 rut

152 3763 280 3837 tempore
297 3759 463 3820 etSancti's.
486 3759 546 3818 lac.
563 3759 666 3829 Ouetil
683 3759 699 3818 l.
719 3775 743 3817 c.
764 3777 791 3836 p.
809 3758 878 3819 475.
933 3746 1073 3814 volebant
1088 3755 1176 3814 Edm.
1191 3758 1324 3817 Martene
1339 3766 1372 3819 et
1388 3762 1519 3823 Ursinus
1531 3753 1630 3823 aiud.

151 3851 306 3911 Altamura
329 3869 358 3929 p.
380 3852 428 3911 69.
933 3844 1022 3906 edere
1046 3849 1116 3907 item
1132 3851 1318 3910 coustiuerat
1337 3857 1533 3929 posteriorem
1546 3859 1629 3931 partiti

193 3943 406 4018 coliculus,
429 3947 633 4015 nescioquis,
656 3944 781 4004 Simlero
799 3947 877 4004 teste
931 3939 1054 3999 Alichael
1086 3941 1134 4000 del
1161 3941 1286 4002 Giudice
1308 3941 1432 4022 Abbas,
1454 3950 1502 4008 cui
1523 3947 1591 4007 bunc
1606 3947 1629 3998 tt·

152 4039 336 4096 continuavit
357 4038 524 4099 chronicon
553 4036 711 4116 Rapinani's
740 4038 777 4096 ab
797 4054 876 4097 anna
932 4033 1030 4093 tulum
1053 4034 1245 4112 praefixerat:
1260 4036 1427 4099 4444444444
1443 4038 1629 4118 Archiepi‘tttlt

151 4127 293 4189 877-967.
316 4130 391 4199 Quia
414 4133 503 4207 igilur
520 4131 714 4190 (lontinuatio
727 4129 785 4190 illia
796 4129 875 4189 edila
933 4125 1099 4185 Chronican
1111 4126 1147 4186 ile
1164 4125 1254 4188 redas
1263 4131 1358 4207 pestis
1367 4133 1493 4210 lioperi‘i
1499 4137 1528 4193 et
1542 4122 1626 4193 tt‘i'itit·

150 4221 197 4284 ab.
219 4238 245 4282 a.
269 4220 409 4281 907-972.
429 4225 573 4300 pertingit
586 4268 593 4298 ,
607 4223 778 4283 verosimile
791 4229 876 4300 putat
933 4217 976 4277 mi
983 4219 1080 4297 primi
1087 4264 1094 4290 ,
1106 4223 1217 4299 liepum
1228 4221 1370 4283 Siciliae:
1396 4228 1450 4302 (G.
1465 4215 1625 4287 de'Lettcnti

149 4317 287 4388 Vossius,
311 4316 481 4374 ilumerium
504 4317 584 4377 illius
611 4325 764 4378 auctorem
798 4334 874 4376 esse.
931 4311 1054 4372 d'lt.l⁷l.
1068 4315 1211 4386 64744444,
1228 4322 1262 4375 44
1276 4317 1490 4392 444444ζά444444
1509 4313 1622 4381 444444·
1675 4342 1678 4351 =

149 4408 222 4471 Vide
238 4411 298 4467 lac.
323 4408 349 4466 la
372 4409 461 4483 Long.
484 4408 556 4467 aial.
575 4409 746 4469 historicam
763 4410 875 4470 calliae
931 4407 1041 4463 catorio
1070 4411 1224 4484 praeventi
1247 4418 1329 4468 sunt.
1353 4412 1426 4472 viae
1447 4410 1620 4490 praelationem

150 4502 248 4579 psal.
263 4508 294 4561 et
306 4503 502 4562 Passerinum
516 4509 536 4559 t.
547 4502 581 4561 ll.
595 4504 765 4580 Apparatus
777 4503 873 4581 past.
932 4504 953 4556 t.
970 4499 1018 4556 lll.
1033 4499 1224 4560 collectionis
1237 4504 1371 4579 ampliss.
1392 4523 1412 4582 p
1438 4506 1465 4565 3.
1485 4503 1559 4564 Adde
1568 4509 1618 4574 cvr

194 4594 420 4656 ROMFREDUS
436 4598 690 4670 beneventanae,
712 4596 781 4655 vide
802 4595 874 4676 liof-
931 4607 991 4668 quc
1013 4592 1073 4652 uic.
1092 4595 1196 4672 'lappii
1218 4596 1290 4656 llibl.
1314 4598 1526 4676 Neapolitanam
1541 4586 1615 4670 44473·

151 4683 265 4765 fredus.
931 4700 1000 4744 cum
1023 4684 1224 4748 additionibus
1251 4687 1402 4750 Nicodemi
1429 4707 1454 4768 p.
1485 4688 1542 4747 444.
1564 4679 1611 4740 444

195 4768 442 4841 llOllUALDUS,
464 4774 569 4829 auctor
586 4764 699 4826 ordinis
717 4768 877 4830 Camaldu·
934 4778 1091 4856 Ughellum
1104 4789 1125 4838 t.
1141 4782 1202 4842 vll.
1226 4801 1252 4862 p.
1277 4783 1343 4843 396.
1365 4800 1425 4860 seq.

79 4926 82 4931 ⁴
156 4858 306 4929 lensium,
340 4861 498 4920 Ravennae
529 4878 545 4918 e
578 4857 666 4917 nobili
697 4861 813 4920 Ducum
836 4861 877 4920 la·
973 4874 1187 4951 Fragmentum
1210 4875 1463 4941 Commmpmpp,
1485 4866 1604 4931 4444444.
