3368 5362
630 181 899 244 SIDONIUS

13 314 84 359 sere
108 297 192 357 misit
214 297 243 354 in
265 294 388 372 gaeopb.
412 294 520 353 Victor.
543 292 617 352 Utin.
639 289 688 349 tib.
706 289 733 347 2.

12 390 106 451 Cana.
129 387 271 463 carthag.
292 386 320 445 4.
341 402 367 444 4.
386 386 434 445 24.

53 499 84 559 p.
107 479 175 539 427.
204 484 264 537 not.
288 476 496 542 Cmnrcositas)
513 475 580 535 edd.
607 473 735 533 Aimoin.

12 571 33 632 1.
54 571 83 633 2.
106 586 134 633 a.
154 568 208 629 22.
229 586 248 629 a
269 565 378 647 quibus
402 565 461 628 leui
469 567 545 644 jupa
560 563 683 641 repulse
694 560 733 622 ab

11 660 76 722 iilis
98 659 230 722 traditae
252 657 409 719 Gallicana
436 656 617 719 subderetur
638 656 734 718 cerui-

12 760 136 815 cestlas.
156 753 336 813 Guilielmus
364 752 519 828 Nangiue,
550 749 737 811 Tbeutanieo·

11 862 86 906 nem
108 844 309 905 cervicositas.

52 954 83 1014 p·
106 935 174 998 428.
199 942 262 995 not.
285 932 451 1003 Catbedris)
473 932 540 993 edd.
570 933 685 1009 Haymo
707 934 736 991 in

13 1029 123 1091 naeth.
143 1044 172 1090 c.
193 1027 241 1087 23.
263 1025 378 1088 Selium
400 1025 516 1103 regium
537 1029 588 1098 est,
604 1022 739 1083 tribunal

12 1117 184 1196 consulum,
216 1117 360 1179 catbedra
392 1106 546 1178 doctorum
566 1115 615 1177 vel
636 1133 738 1176 sacer-

55 1299 469 1377 ibid.not.1³raesederunt)
500 1301 567 1360 edd.
602 1300 739 1361 Hincme·

14 1412 69 1461 rats
91 1399 122 1454 in
144 1395 215 1455 hiet.
236 1396 266 1456 S.
288 1396 410 1471 Remigii
433 1410 461 1452 c.
483 1394 531 1453 61.

54 1489 123 1551 vlt.
144 1489 192 1549 42.
215 1506 243 1566 p.
268 1487 337 1549 437.
359 1495 419 1547 not.
436 1485 526 1545 Prior
540 1491 593 1560 est)
610 1484 735 1563 eddep.

13 1580 44 1643 4.
65 1579 133 1641 libr.
155 1581 307 1657 ejusdem,
326 1578 402 1640 mibi
419 1577 539 1657 quidem
570 1578 669 1657 major
690 1575 737 1635 bic

13 1676 100 1735 natu.
121 1673 237 1733 Carrei).
256 1671 387 1732 Narbon.
408 1687 436 1730 a.
457 1670 484 1731 6.
508 1670 567 1730 Nec
590 1670 735 1749 unusqui-

14 1779 91 1842 sque
111 1762 149 1824 de
170 1760 309 1843 inferiore
327 1760 429 1841 prada
446 1761 591 1825 seniorem
605 1760 667 1823 sibi
678 1760 739 1821 ela·

14 1862 65 1921 lus
80 1856 214 1933 increpet
232 1861 289 1915 aut
310 1853 446 1934 injuriet.

57 1950 121 2009 Vll.
144 1951 192 2010 43.
212 1967 241 2027 p.
276 1949 344 2009 438.
380 1955 440 2006 nat.
473 1945 635 2020 Himerius)
670 1944 739 2005 edd.

14 2040 88 2101 vide
109 2057 149 2100 ex
169 2042 330 2117 integriore
355 2039 508 2116 sigeberta
531 2039 694 2098 Vinierium
711 2053 740 2096 a.

59 2226 123 2288 tttl.
142 2225 188 2287 tt.
211 2243 242 2304 p.
263 2225 333 2287 442.
358 2231 419 2293 not.
446 2226 554 2298 amnes)
578 2223 650 2283 Ptin.
671 2220 739 2282 add.

1452 183 1508 246 474

792 291 880 367 putee
901 305 1010 348 cenum
1040 288 1256 356 veneticorum,
1284 288 1373 365 vulga
1393 288 1512 368 coeptes

789 381 840 442 des
858 380 996 452 leuriers,
1018 382 1067 456 qui
1090 380 1197 456 copule
1223 382 1412 456 junguntur:
1438 381 1511 440 hinc

789 474 933 535 Ovidius:
963 470 1078 550 Copula
1101 470 1272 530 detrahitur
1303 471 1430 534 carnibus
1457 479 1512 533 etc.

792 569 878 644 Legis
895 568 1056 626 Francicus
1074 565 1125 624 tib.
1149 566 1175 623 t.
1193 581 1218 623 a.
1243 565 1292 625 47.
1305 566 1352 624 Vt.
1376 565 1516 644 Episcopi

795 657 963 720 etribbates
981 664 1010 718 et
1022 656 1200 717 Abbatissae
1217 655 1321 734 euplus
1332 673 1441 716 eanum
1454 674 1514 715 non

793 751 936 823 babeant,
964 768 1017 811 aea
1044 750 1211 829 accipitres,
1237 767 1289 809 nec
1312 749 1508 828 jaculatores.

793 847 840 904 lta
851 843 958 923 copula
971 860 1115 924 equorum
1129 844 1340 919 Symmacho).
1352 845 1382 901 7.
1392 846 1449 921 epi.
1462 845 1511 902 69.

832 955 859 1014 p.
880 938 945 996 483.
964 943 1024 995 not.
1042 927 1201 1010 Decimum)
1217 935 1284 994 edd.
1307 934 1377 994 vide
1403 935 1510 994 lanam

796 1029 943 1089 Abbatem
967 1030 996 1086 in
1020 1028 1088 1086 bist.
1111 1027 1140 1085 S.
1163 1027 1318 1086 Vulirenni
1339 1043 1366 1086 c.
1388 1025 1417 1086 4.
1442 1026 1512 1085 Vin-

794 1120 951 1181 centium)
977 1120 1026 1178 24.
1044 1127 1075 1177 et
1092 1136 1129 1177 ex
1147 1135 1182 1176 ea
1201 1121 1310 1177 Antan.
1322 1135 1350 1194 p.
1365 1118 1394 1176 2.
1413 1119 1458 1175 444.
1473 1117 1510 1178 44

795 1229 820 1272 a.
838 1214 866 1272 2.
886 1214 913 1289 5.
926 1214 954 1272 2.
973 1218 1004 1271 44
1022 1211 1098 1270 Petr.
1114 1211 1245 1286 Equilin.
1263 1211 1280 1268 Ι.
1297 1212 1324 1269 3.
1339 1227 1366 1268 c.
1383 1210 1452 1270 243.

833 1303 909 1364 Vlll.
932 1305 978 1365 44.
1002 1321 1029 1379 p.
1048 1302 1117 1363 505.
1140 1309 1201 1361 nat.
1232 1299 1421 1381 Lampridius
1442 1317 1512 1361 era-

793 1399 849 1472 tor)
866 1396 934 1456 add.
953 1411 990 1454 ex
1014 1394 1125 1471 quibus
1152 1401 1243 1472 petet,
1271 1396 1363 1454 etium
1391 1409 1459 1453 esse
1476 1409 1511 1452 ec

794 1490 982 1549 ‹liversurne
1015 1486 1182 1564 Lampridia
1215 1486 1343 1561 rhetore,
1371 1487 1513 1562 quemvis

793 1584 848 1643 utin
869 1583 995 1642 Beronia
1011 1596 1097 1640 mens
1114 1587 1186 1638 tom.
1203 1580 1230 1637 6.
1255 1596 1281 1639 a.
1300 1579 1332 1637 t).
1356 1578 1423 1638 474.
1444 1577 1513 1637 vide

800 1676 898 1735 Germ.
914 1674 963 1733 23.

834 1786 864 1844 p.
879 1768 946 1827 640.
966 1772 1027 1824 not.
1046 1761 1283 1839 constellatione)
1301 1762 1368 1822 edd.
1387 1765 1422 1822 D.
1447 1763 1514 1823 Cle-

795 1875 881 1919 mens
894 1859 931 1918 ed
945 1857 1087 1917 lucabum
1106 1858 1229 1917 iratrem
1246 1857 1361 1915 Domini
1375 1856 1394 1914 4.
1407 1857 1437 1915 9.
1453 1853 1514 1917 Sed

794 1956 839 2012 est
858 1949 941 2030 apud
963 1952 1052 2011 Seres
1069 1949 1165 2028 lepum
1183 1955 1279 2009 metus
1299 1945 1512 2022 veliementior,

798 2060 892 2122 quarn
906 2042 1024 2120 genesis
1036 2040 1220 2102 constellatio
1233 2061 1243 2114 ;
1257 2048 1375 2120 praeter
1385 2039 1516 2116 Spartia-

801 2153 872 2196 num
887 2137 914 2193 in
929 2135 1015 2209 Vero,
1030 2141 1061 2193 et
1071 2135 1340 2211 Gregor.btegnum
1352 2131 1453 2191 homil.
1467 2131 1514 2190 tn.

795 2228 942 2288 ntoutnus
956 2227 993 2287 de
1009 2226 1102 2285 divin.
1117 2228 1195 2287 offic.
1212 2243 1237 2286 c.
1257 2230 1284 2287 3.

17 2319 110 2397 epist.
132 2319 161 2377 4.
181 2317 232 2380 22.

60 2410 126 2472 Vll.
148 2410 194 2469 lb.
216 2426 245 2487 p.
266 2408 335 2469 447.
360 2417 421 2469 nat.
456 2406 649 2488 Professiane)
671 2404 741 2465 edd.

836 2318 905 2380 ibid.
926 2326 985 2378 not.
1005 2318 1222 2395 Climaterieas)
1239 2319 1307 2378 add.
1325 2322 1360 2378 D.
1374 2319 1517 2379 Clemens

797 2411 865 2472 eod.
882 2412 956 2471 libra
974 2415 1002 2470 44
1017 2408 1192 2471 climateras
1208 2411 1356 2488 quasdam
1384 2407 1518 2470 introdu-

19 2504 74 2563 lin.
96 2503 126 2563 5.
156 2502 399 2579 martyrologium
433 2503 608 2561 tenemusne
638 2497 741 2559 Eccle-
796 2509 874 2575 eunt,
897 2501 986 2561 atde
1016 2499 1109 2561 rebus
1131 2502 1254 2561 incertis
1286 2500 1443 2561 scientiam
1460 2500 1518 2578 fin-

18 2598 105 2657 siee:
127 2593 165 2655 la
184 2590 292 2655 Gallus
312 2592 429 2655 ciuitate
459 2589 633 2663 Veneiensis,
654 2587 741 2666 depe
793 2601 880 2674 pant,
893 2593 1061 2655 climateras
1078 2594 1155 2654 enim
1170 2593 1272 2654 deant
1285 2592 1376 2672 quasi
1388 2588 1520 2672 paredi

18 2686 91 2751 tt'lt'o
112 2687 145 2745 B.
169 2685 281 2748 Verani
309 2685 450 2764 Episcopi
483 2681 647 2744 Vencietttt't
659 2727 667 2755 ,
689 2681 744 2760 qut'
797 2694 919 2767 tempus,
941 2704 972 2747 sn
991 2703 1049 2766 pua
1069 2684 1218 2747 interdum
1239 2688 1415 2764 perimatur
1437 2683 1514 2763 puis,

17 2779 82 2861 suu
101 2776 262 2839 manulius
285 2777 402 2839 imolae
432 2774 623 2854 Lprinensis,
654 2771 742 2833 disci·
797 2779 946 2841 interdum
966 2797 1024 2840 non
1040 2779 1214 2858 perimatur
1229 2783 1283 2839 ete.
1300 2779 1481 2855 Potycarpns
1496 2776 1515 2835 Ι.

15 2870 115 2953 14444444
136 2871 171 2929 44·
190 2868 315 2943 44444444,
334 2867 453 2929 4444444444
483 2867 579 2929 44444444
605 2863 742 2940 44444444,
799 2875 827 2936 2.
848 2874 886 2933 de
909 2875 1004 2950 gestis
1018 2874 1047 2935 S.
1066 2872 1243 2946 Sebastiam,
1258 2877 1313 2932 aut
1332 2869 1518 2931 climateriea

21 2969 53 3027 et
67 2969 175 3044 postea
195 2961 335 3042 Episcopi
354 2960 539 3021 Arelatenses
562 2965 615 3019 etc.
800 2965 856 3026 tibi
878 2966 910 3026 in
929 2971 1032 3028 centro
1048 2970 1118 3026 sunt
1134 2969 1214 3024 nata.

64 3058 128 3116 vil.
150 3054 199 3117 47.
220 3072 248 3132 p.
271 3056 338 3116 tet.
362 3062 422 3114 nat.
440 3049 659 3128 Decumbentis)
676 3048 744 3110 add.
841 3078 869 3138 p,
887 3063 955 3122 54),
974 3066 1034 3119 not,
1055 3058 1191 3119 Theman
1204 3054 1309 3131 obtato)
1324 3057 1393 3120 add.
1408 3058 1440 3117 1),
1456 3056 1524 3116 cte-

20 3149 216 3213 Msrcdlinus
246 3149 355 3211 Comes
389 3148 418 3207 in
454 3146 563 3206 Chron.
593 3143 663 3205 lnd.
683 3143 746 3203 Vtt.
802 3169 889 3211 mens
907 3152 976 3210 inid.
1005 3151 1087 3210 Audi
1105 3151 1239 3230 conjupis
1260 3167 1342 3209 oseae
1364 3149 1470 3222 tberna,
1493 3151 1522 3207 et

21 3241 200 3311 vincomalo
216 3247 248 3301 et
261 3240 397 3318 opilione
415 3239 500 3299 Coss.
515 3233 676 3298 ttarcellus
697 3233 746 3295 de·
800 3242 933 3304 inuenies
945 3242 1075 3315 schema,
1090 3242 1177 3320 nnus
1192 3242 1293 3301 exitas
1303 3238 1421 3301 accidit.
1437 3240 1522 3315 Poly·

26 3351 111 3397 nsum
119 3331 280 3414 presbyter
297 3333 443 3412 totiusque
460 3326 636 3390 monasterii
651 3343 731 3406 prae
800 3351 909 3412 cerpus
932 3334 1000 3395 ibid.
1019 3339 1075 3393 aut
1090 3331 1245 3406 invisibili,
1262 3336 1317 3392 aut
1333 3330 1469 3392 tlremats.

23 3427 78 3491 sul
100 3424 300 3506 praesumtae
330 3424 554 3485 muraenarum.
582 3422 677 3485 vetus
699 3421 745 3479 ln·
843 3427 912 3489 ibid.
932 3425 1228 3501 nonsummum.
1250 3427 1284 3486 D.
1301 3427 1454 3493 Clemens,
1469 3424 1522 3485 Se-

28 3529 150 3598 terpres
169 3518 293 3583 Novella
314 3520 342 3578 5.
363 3535 390 3578 c.
412 3519 439 3576 9.
802 3519 851 3580 det
868 3519 929 3599 ipse
946 3535 1058 3578 rursus
1076 3521 1158 3578 ttars
1175 3517 1217 3577 ad
1240 3519 1379 3577 Venerem
1396 3513 1523 3577 &bema

67 3631 98 3692 p.
120 3611 189 3673 tbi.
211 3618 271 3671 not.
306 3607 556 3684 Grinincensium)
581 3605 649 3667 add.
671 3606 746 3665 forle
802 3619 989 3691 tntraponum
1022 3609 1146 3684 babens,
1176 3611 1263 3688 paulo
1291 3618 1371 3689 post,
1397 3624 1522 3687 cumque

26 3706 132 3769 Gtttn't
154 3705 300 3769 dioecesis
323 3702 523 3777 Victuram,
546 3716 604 3761 non
644 3698 746 3778 procul
802 3705 897 3767 multa
926 3705 961 3766 de
987 3704 1032 3767 ln's
1053 3721 1148 3765 senece
1172 3708 1349 3781 prosecutus
1371 3706 1466 3775 emet,
1495 3705 1526 3761 et

27 3816 45 3861 e
66 3797 221 3859 Rhodano.
804 3816 896 3859 unum
914 3798 1049 3878 quodque
1066 3797 1192 3859 Sebema
1207 3796 1355 3861 matbesis.
1365 3792 1522 3856 stellarum

68 3891 146 3953 7444.
170 3890 199 3949 6.
217 3906 284 3969 pag.
308 3883 610 3963 4746441444410)
638 3884 676 3945 de
700 3899 748 3944 00·
804 3908 923 3971 quoque
936 3891 1096 3969 positiones
1113 3895 1325 3962 enumerasset,
1341 3890 1525 3965 iterumper

29 3984 173 4063 gnomine
193 3982 307 4063 Gregor
338 3984 447 4043 Turon.
469 3983 490 4045 t.
510 3983 538 4042 2.
553 3997 618 4057 cap.
630 3978 678 4039 46.
702 3975 748 4038 47.
804 3984 884 4064 pund
897 3984 1023 4045 Schema
1040 3983 1240 4061 effoeminatos
1257 3988 1287 4042 et
1301 3980 1527 4043 dissolutesaa·

31 4076 79 4136 24.
100 4077 240 4136 Ruricius
262 4076 310 4135 lib.
332 4075 361 4135 2.
382 4076 470 4152 epist·
488 4073 517 4132 2.
540 4075 566 4132 b·
589 4078 619 4131 el
640 4070 689 4129 64·
805 4078 852 4138 sci
877 4076 994 4139 adserit
1019 4077 1101 4136 viras
1131 4073 1312 4137 Chaldaicos
1339 4071 1525 4152 disciplinae.

71 4169 110 4229 44).
123 4176 186 4228 nob.
200 4169 284 4228 144444
293 4168 375 4241 arce)
391 4165 460 4227 ttdd.
471 4164 648 4226 Vincentius
660 4163 749 4222 Lirin.
807 4172 998 4248 Polycarpius
1011 4169 1079 4228 ibid,
1098 4166 1176 4229 illico
1190 4166 1306 4229 videbis
1321 4185 1388 4229 pum
1405 4165 1461 4229 mn
1474 4182 1528 4225 m.

33 4258 70 4323 de
85 4261 219 4341 Origine,
233 4263 285 4339 aui
302 4277 401 4322 armni
418 4260 511 4320 totius
528 4257 670 4317 scientiae
681 4272 751 4316 oon·
807 4261 961 4323 stennone
981 4261 1149 4333 scnemata,
1166 4267 1255 4340 aune
1271 4261 1387 4340 annone
1400 4258 1523 4335 afferre.

34 4357 169 4418 didisset.
807 4358 882 4416 Item
898 4357 1040 4416 Clemens
1057 4355 1075 4413 1.
1095 4357 1132 4416 ll)
1160 4354 1273 4414 Etenim
1291 4355 1409 4433 ineptias
1423 4349 1525 4428 [acme

72 4466 104 4529 p.
133 4446 202 4508 477.
230 4453 290 4507 nat.
314 4441 587 4517 praestolarentur)
615 4441 751 4501 Meteilus
810 4451 948 4509 {tenerem
961 4447 1091 4526 ponitis,
1110 4449 1232 4527 quaesi
1247 4447 1351 4508 levem
1368 4439 1478 4503 lrabeat
1493 4441 1525 4500 itt

34 4545 189 4624 eleganter
205 4540 350 4612 Quirinal.
373 4539 439 4604 Ode,
454 4540 480 4597 3.
808 4539 960 4604 Sciremale
978 4558 1041 4615 suo,
1056 4539 1185 4619 pudicas
1202 4538 1318 4618 efficiat.
1342 4540 1385 4595 etc
1417 4532 1525 4594 ibidem

72 4656 103 4716 p.
120 4637 190 4697 484.
206 4643 276 4696 ante
290 4634 341 4694 lin.
362 4635 410 4695 l2·
427 4648 442 4691 a
462 4631 540 4690 stne:
564 4627 684 4707 Copult't
705 4629 753 4688 Sic
810 4652 910 4712 saepe.

33 4727 428 4805 4144444444Μὸ5ιῦθῦ44404,
446 4724 598 4785 4466444444
615 4768 621 4789 .
639 4723 757 4790 4444444.
852 4726 921 4786 ibid.
943 4733 1002 4785 tint.
1026 4722 1261 4797 Planeticorum)
1284 4720 1349 4781 edd.
1373 4719 1442 4779 vide
1460 4716 1527 4779 Piri·

31 4828 165 4889 l’ithaei:
181 4824 319 4884 necheco
332 4823 418 4881 tactio
432 4828 515 4883 cerat
527 4818 684 4896 elegantia.
699 4820 753 4878 Cn·
813 4820 948 4879 instrimn
972 4819 1069 4879 heresi
1093 4818 1138 4873 43.
1163 4817 1231 4873 Post
1251 4813 1326 4873 brine
1350 4813 1380 4873 C.
1413 4811 1526 4873 bassin
