3368 5362
138 285 242 344 Latine
256 298 324 342 curn
342 280 431 357 34334.
445 279 488 340 43.
506 281 607 340 433344
630 280 763 358 Grynaei
777 280 856 341 4570
912 279 1098 358 3333344343
1114 281 1178 341 4333
1192 283 1259 358 post
1273 278 1563 357 3443434333333344,
1575 277 1628 337 334

139 378 187 437 434.
202 377 250 437 344
263 375 349 434 44433
363 372 554 453 subjunctam
566 374 707 435 Matthiae
720 375 857 436 Palmerii
913 375 1100 454 pagellarum
1116 388 1258 433 numeros
1276 372 1446 448 interrupit.
1465 372 1510 431 443
1528 371 1631 432 4344343

140 468 353 531 continuationi
370 464 490 526 Fruditi
510 466 669 549 cujusdam
687 474 856 546 temporum
913 475 1101 548 postremum
1115 468 1226 545 primae
1244 465 1383 524 editionis
1397 467 1538 543 signatur
1550 482 1632 526 num.

139 563 392 623 continuationem
414 560 451 620 ab
472 559 506 622 A.
534 560 621 622 4482.
643 578 712 622 3343
735 558 859 620 additio·
915 561 982 624 454.
1005 560 1082 639 3334
1102 577 1172 619 4343
1192 558 1261 617 4343
1284 559 1419 636 34344343
1436 559 1580 635 sequitur
1595 558 1634 617 43

141 675 178 717 33
200 657 237 716 34
260 657 293 715 A.
318 654 405 714 4570.
774 659 777 666 ’
915 656 988 718 44343
1012 670 1170 715 numerum
1186 652 1308 719 exhibet
1323 652 1384 711 208
1397 658 1429 710 et
1440 651 1633 730 sicdeinceps

155 749 376 829 l208Aban.
397 749 484 808 4494.
506 747 543 807 34
567 747 645 807 4448
672 746 860 826 3434444334
915 765 1011 826 33333
1033 746 1070 806 34
1093 745 1183 806 43334
1217 744 1388 805 additionis.
1425 746 1504 805 Tum
1528 747 1634 804 iterum

141 851 292 922 excerpta.
304 841 472 902 Florentiae
487 839 543 902 An.
565 839 641 901 4748
660 848 731 901 tom.
752 843 778 902 4.
794 837 860 900 lter.
915 845 994 922 prior
1008 857 1200 902 numerorum
1215 841 1310 899 series
1321 839 1556 900 resumiturt55
1570 837 1636 899 etc‘

143 939 268 998 italicar.
286 938 387 1014 script.
416 952 561 996 unacum
590 934 774 996 MATTMIAE
794 932 861 994 Pol·
934 933 1153 998 MAFTHAEUS
1185 930 1400 993 mareschaldus
1433 929 1472 990 de
1506 934 1636 1010 Bappen·

142 1030 232 1092 nerii
250 1030 474 1090 continuatione
490 1045 586 1106 usquc
604 1028 640 1089 34
657 1045 706 1088 33.
730 1027 827 1100 44844
916 1029 995 1090 43443
1013 1030 1078 1087 sive
1097 1024 1273 1107 Pappcheim
1294 1025 1331 1086 de
1354 1024 1539 1104 Bieberbach
1561 1028 1587 1084 J.
1605 1026 1635 1088 U.

162 1125 192 1201 2]
213 1122 259 1184 De
279 1120 451 1203 captivitate
473 1121 614 1181 Pisonum
636 1124 653 1182 3
682 1121 861 1198 Florentinis
916 1125 950 1184 D.
968 1129 1000 1182 34
1017 1122 1188 1182 canonicus
1206 1121 1404 1198 Augustanus
1422 1117 1591 1180 defunctus
1604 1117 1633 1180 A.

143 1225 382 1296 expugnatarum
411 1214 446 1274 A.
470 1216 557 1275 4406.
578 1214 614 1273 34
637 1216 758 1275 Nerium
788 1215 862 1291 Cap·
918 1216 1005 1279 4544.
1034 1216 1082 1275 334
1111 1213 1258 1275 43433433
1284 1221 1441 1275 servatum
1475 1210 1636 1274 0444334333

143 1312 265 1390 3334334
281 1307 354 1368 liber
371 1307 470 1367 editus
485 1307 612 1369 slesvici
630 1308 760 1383 46568.
775 1306 862 1384 cujus
918 1305 1062 1370 Austrole
1077 1310 1142 1368 3443
1158 1305 1302 1367 Australis
1319 1310 1480 1385 antiquum
1500 1306 1540 1366 ab
1558 1305 1635 1368 Anno

145 1406 235 1479 etiam
267 1388 366 1462 4434433
395 1405 493 1461 434343
521 1404 669 1463 Manuscr.
698 1403 753 1462 iuit
785 1400 863 1479 apud
919 1405 987 1464 852.
1014 1401 1051 1462 ad
1081 1402 1168 1464 4343.
1195 1400 1400 1479 quodminus
1428 1403 1587 1479 integrum
1611 1402 1635 1460 43

144 1495 323 1575 4334334334
343 1495 464 1555 Trichet
480 1495 520 1556 du
536 1498 657 1556 Fresne.
676 1499 756 1557 Hanc
774 1495 866 1554 histo
920 1498 1069 1577 prioribus
1081 1496 1268 1556 Freherianis
1280 1493 1481 1569 editionibus,
1495 1496 1636 1572 integrum

146 1591 221 1655 riam
248 1590 321 1649 satis
343 1597 446 1649 343343
468 1591 693 1667 compositeque
722 1590 864 1666 scriptam
920 1599 951 1651 34
972 1591 1044 1650 43343
1065 1592 1156 1649 etiam
1179 1588 1331 1666 parallelis
1354 1589 1483 1648 aliorum
1505 1595 1636 1648 veterum

147 1682 248 1743 433434
275 1681 447 1742 Bernardus
468 1683 641 1743 Muceliaius
663 1684 691 1740 in
715 1682 806 1760 34334.
828 1678 864 1740 34
920 1684 1082 1746 Annalium
1098 1690 1129 1742 et
1146 1683 1361 1743 Historicorum
1381 1681 1569 1742 illustratum
1586 1679 1636 1741 edi·

149 1792 234 1836 suam
261 1775 397 1852 ejusdem
421 1775 486 1834 belli
511 1777 608 1835 Pisani
632 1776 798 1835 historiam.
821 1772 867 1834 Ex
922 1777 966 1837 dit
993 1775 1187 1837 Burchardus
1207 1774 1344 1834 Gottheli
1363 1775 1512 1836 Strurius
1536 1775 1565 1832 in
1592 1788 1637 1833 sua

148 1866 328 1930 8443443333
350 1867 489 1951 editione,
504 1868 557 1929 scd
576 1868 612 1928 ad
635 1872 783 1930 Manuscr.
813 1869 869 1929 Co·
923 1874 1102 1949 scriptorum
1131 1870 1231 1928 Germ.
1261 1868 1380 1927 Freheri
1402 1867 1537 1927 editione
1566 1869 1639 1929 Toni.

149 1961 245 2022 dicem
267 1961 425 2022 emendata
448 1979 574 2021 recusus
596 1962 644 2020 hic
666 1962 786 2022 tiberin
805 1960 870 2019 the·
926 1969 953 2027 t.
972 1981 1038 2043 pag.
1056 1966 1122 2024 434.
1139 1963 1206 2024 494.
1226 1964 1265 2024 Et
1283 1960 1427 2025 Chronrci
1450 1960 1641 2039 4333443344

151 2072 239 2116 33343
250 2059 429 2132 scriptorum
445 2055 546 2116 ltaliae
562 2057 785 2122 Burmanniann
797 2062 868 2114 tom.
927 2059 1041 2135 antiqui
1060 2063 1201 2134 excerpta
1217 2056 1255 2117 ab
1269 2073 1317 2116 an.
1333 2056 1401 2115 973.
1418 2053 1456 2114 34
1477 2056 1567 2115 4404.
1585 2070 1641 2132 333.

148 2150 226 2208 vttt·
243 2155 328 2224 parte
345 2149 372 2207 2.
392 2155 422 2207 34
437 2150 465 2206 43
484 2149 683 2208 Muratoriano
699 2156 771 2209 tom.
789 2149 870 2208 xlx.
926 2151 994 2213 4493.
1018 2152 1085 2212 508.
1110 2157 1140 2209 34
1164 2157 1278 2228 3344334
1306 2146 1450 2210 Chronici
1476 2145 1645 2207 Monoaterii

168 2243 198 2319 3)
223 2241 289 2301 Vita
320 2239 439 2301 Nicoloi
469 2240 635 2319 4433434344,
658 2244 758 2321 433334
781 2244 873 2302 Sene·
927 2247 957 2306 S.
978 2242 1112 2304 Udalricr'
1122 2247 1151 2303 ct
1166 2239 1261 2322 Afrae
1275 2242 1346 2303 Ord.
1363 2240 1475 2302 Bened.
1494 2242 1574 2319 apud
1588 2240 1643 2302 Au·

118 2340 120 2345 '
152 2335 256 2395 scholii
293 2335 409 2395 Siciliae
442 2341 473 2392 ct
505 2335 796 2412 Hierosolymorum,
834 2334 870 2394 ad
917 2335 1642 2416 ,333434444434314334443434334454344465

150 2427 325 2491 Eduardum
339 2427 650 2505 Acciajolum.Prodiit
664 2432 692 2488 43
704 2430 873 2489 tomoXMl.
929 2447 996 2509 pag.
1024 2431 1091 2490 509.
1117 2431 1184 2491 536.
1213 2429 1384 2507 subjunctis
1403 2446 1467 2507 pag.
1492 2430 1562 2488 536.
1584 2429 1643 2489 too.

151 2523 284 2583 thesauri
297 2539 396 2582 rerum
411 2522 579 2583 italicarum
599 2515 802 2583 Muratoria'ni'.
815 2523 877 2584 Ex·
933 2524 1043 2585 laudati
1060 2525 1172 2585 Struvii
1191 2527 1280 2596 notia,
1299 2522 1409 2601 quibus
1421 2523 1578 2582 confertur
1591 2519 1644 2580 edi·

152 2623 260 2675 343434
277 2614 378 2675 4434433
400 2617 506 2675 Donati
530 2606 672 2692 Acciajoli
692 2618 792 2675 versio
812 2616 878 2676 vui·
933 2621 974 2678 tio
989 2620 1131 2696 postremi
1150 2618 1240 2694 hujus
1257 2618 1395 2677 Chronici
1413 2616 1576 2675 Canisiana
1593 2615 1638 2673 ct

150 2718 218 2788 3343
237 2710 405 2768 Florentino
433 2707 521 2769 4588.
545 2709 572 2767 4.
591 2709 628 2776 34
650 2710 764 2770 calcem
783 2709 879 2770 histo·
932 2711 1088 2788 Antiquar.
1122 2713 1295 2771 Lectionum
1323 2727 1389 2788 pag.
1411 2709 1480 2769 229.
1510 2726 1572 2786 seq.
1594 2707 1643 2767 sub

152 2805 213 2864 raie
231 2802 339 2862 domus
356 2803 483 2862 illustris
505 2800 730 2865 Ubaldinorum.
924 2803 1229 2865 443343133444444
1252 2804 1393 2873 nomine,
1415 2800 1453 2860 de
1476 2819 1537 2879 quo
1560 2816 1641 2878 supra

172 2897 203 2970 4)
231 2894 367 2956 Historia
390 2893 562 2979 Florentino
584 2897 649 2955 sive
675 2894 807 2956 Antiates
833 2893 873 2956 36
926 2905 997 2957 tom.
1021 2898 1048 2959 3.
1071 2915 1137 2976 333.
1158 2897 1227 2959 ete.
1246 2914 1310 2973 333.
1332 2897 1483 2973 Excerpta
1504 2913 1542 2955 ex
1558 2893 1642 2957 Chro-

153 2988 239 3049 Anno
268 2990 357 3050 4454.
385 2987 427 3049 od
451 2990 541 3050 4474.
565 3006 715 3051 unacum
745 2989 874 3050 historia
926 2990 1208 3069 nuoEiaaanpensir
1228 2996 1256 3049 in
1275 2988 1642 3050 SvecicoCirculoMono

157 3081 284 3145 Conciti
309 3080 474 3142 Florentini
485 3128 493 3160 ,
514 3083 716 3162 Manuscripta
740 3084 770 3142 in
800 3084 873 3144 Bihi.
927 3083 1014 3144 alerii
1024 3129 1030 3158 ,
1049 3084 1202 3145 abeodem
1221 3083 1371 3145 Matthaeo
1388 3084 1426 3143 ab
1441 3101 1489 3144 33.
1512 3083 1597 3143 4095.
1610 3078 1642 3140 34

156 3177 340 3237 Strozziana.
929 3177 1017 3241 4477.
1037 3179 1115 3257 3334
1132 3177 1263 3239 eundem
1293 3175 1458 3237 Frelterum
1479 3175 1550 3236 edit.
1566 3177 1643 3236 Stru-

150 3259 153 3273 ’
195 3272 225 3348 5)
250 3269 416 3330 Orationes.
928 3274 1035 3332 443333
1049 3279 1121 3333 4343.
1139 3276 1166 3333 4.
1183 3289 1248 3350 333.
1266 3271 1333 3332 657.
1349 3271 1417 3329 699.
1434 3271 1560 3348 Scripsit
1573 3268 1643 3328 idem

198 3364 227 3438 64
250 3362 411 3444 apotolos.
929 3366 1096 3427 Matthaeus
1113 3365 1149 3426 43
1165 3366 1344 3444 antiquitate
1360 3369 1388 3423 et
1404 3361 1488 3424 initio
1513 3360 1644 3425 Civitatis

201 3457 264 3518 *ln
280 3457 351 3542 3444.
374 3457 537 3540 4334433334
554 3476 603 3519 33.
622 3460 699 3521 4536
719 3459 767 3520 434.
787 3457 876 3519 43434
928 3459 1124 3539 Episcopatus
1151 3459 1324 3537 Augustani
1349 3476 1407 3535 333
1431 3457 1555 3517 44343443
1578 3470 1647 3516 usus

156 3553 298 3615 Matthaei
313 3553 448 3614 Palmerii
466 3553 650 3613 continuatio
663 3554 793 3612 chronici
809 3553 877 3611 Pro·
931 3557 959 3614 in
976 3553 1142 3615 Annalibus
1167 3554 1230 3611 suis
1248 3551 1420 3612 Matthaeus
1438 3552 1606 3611 Gesserus:
1620 3554 1648 3608 et

157 3650 236 3726 33344
255 3646 290 3708 34
310 3664 358 3708 33.
378 3646 466 3709 4449.
494 3664 592 3725 33333
622 3646 658 3706 34
681 3653 775 3706 totum
798 3662 877 3706 anuo
931 3655 1091 3708 tractatum
1110 3645 1146 3706 de
1160 3644 1314 3723 oripineet
1326 3641 1445 3724 [3344443
1457 3643 1651 3703 Dominarum

156 3739 541 3803 444943333333344434
563 3739 708 3800 334450
728 3739 879 3817 3333334
932 3741 967 3802 de
999 3738 1118 3803 Calatia
1151 3738 1314 3816 33443443
1341 3744 1414 3798 sunt
1435 3738 1551 3797 Domini
1582 3739 1653 3811 Pap·

156 3840 253 3892 totum
271 3850 383 3893 annum
404 3834 476 3894 4484
506 3832 647 3893 Matthiae
674 3834 812 3894 Palmerii
834 3834 880 3892 Pi·
932 3834 1081 3914 penheim.
1102 3834 1256 3912 Augustae
1280 3831 1367 3894 l'ind.
1396 3833 1485 3892 4553.
1510 3831 1558 3890 434.
1582 3828 1656 3888 Vide

157 3927 221 3985 sani
237 3927 436 4000 continuatim
454 3928 501 3988 cui
515 3927 656 3987 eruditus
670 3925 793 4004 quidam
807 3927 880 3985 Gar·
934 3931 1090 3990 Struvium
1109 3945 1173 4005 333.
1192 3928 1261 3993 reo.
1283 3928 1342 3986 Moc
1366 3930 1517 4001 postremo
1544 3925 1658 3999 scripto

158 4017 881 4102 manusalteramcontinuationemadiecitusque
934 4039 1009 4084 usus
1027 4028 1074 4083 est
1092 4022 1199 4098 Wotig.
1218 4022 1324 4081 Lazius
1343 4019 1417 4078 libro
1435 4018 1511 4077 Vlll.
1530 4015 1567 4076 de
1584 4032 1664 4094 333·

157 4108 195 4168 34
213 4116 309 4169 434343
335 4125 383 4168 33.
408 4110 495 4172 4504.
521 4113 595 4171 Dein
620 4112 754 4174 succedit
771 4115 881 4173 tertius
933 4118 1007 4176 tium
1029 4115 1203 4192 migratione
1221 4131 1287 4191 pag.
1308 4112 1376 4171 574.

157 4202 409 4263 alterGermanus
421 4204 513 4262 telam
532 4222 721 4284 prosequens
732 4224 829 4284 33333
841 4204 878 4266 34
972 4207 1188 4269 MATTMAEUS
1216 4209 1305 4266 Poris
1333 4205 1464 4282 Anglus‚
1491 4199 1672 4263 Monachus

157 4303 273 4374 partem
289 4298 358 4356 anni
382 4298 470 4357 4536.
492 4299 570 4358 Maec
584 4316 654 4360 vero
667 4309 817 4379 postrema
827 4298 880 4359 ad·
932 4301 962 4362 S.
988 4301 1114 4374 Albani,
1136 4300 1208 4360 Ord.
1228 4299 1339 4360 Bened.
1359 4297 1587 4366 cluniacensis,
1606 4293 1678 4351 Vir

157 4390 229 4450 ditio
250 4405 319 4449 cum
340 4393 569 4466 supervenisset
591 4395 776 4473 typographo
797 4398 879 4470 post·
932 4396 1070 4473 egregius
1087 4397 1137 4472 qui
1154 4409 1261 4472 magna
1278 4395 1394 4453 Menrici
1414 4393 1464 4451 444.
1483 4390 1572 4458 Regis
1594 4394 1678 4446 An*

157 4500 248 4563 quam
277 4488 376 4543 totum
404 4484 546 4545 volumen
575 4485 745 4547 absolverat
766 4491 795 4548 in
817 4503 877 4564 333
931 4488 1006 4566 34433
1025 4505 1099 4549 3333
1117 4491 1210 4565 343443
1232 4487 1311 4546 44334
1333 4488 1472 4546 3444433.
1491 4482 1578 4546 teta.
1609 4479 1678 4538 tna

156 4585 223 4658 post
249 4579 333 4655 prius
358 4576 513 4659 Anonymi
537 4577 776 4640 additamentum
807 4597 877 4640 suc·
931 4588 977 4640 ter
999 4582 1157 4642 historicos
1175 4599 1276 4641 rerum
1293 4580 1512 4657 Anglicarum‚
1535 4573 1678 4651 judicio,

155 4671 281 4734 cedebat
303 4669 471 4732 cassiodori
490 4677 521 4730 ct
540 4672 705 4732 4434433334
722 4673 874 4734 contracti
931 4674 988 4734 tide
1006 4692 1040 4735 ac
1065 4676 1202 4735 libertate
1226 4675 1307 4735 nulio
1335 4672 1485 4732 interiore.
1507 4669 1584 4744 Ejus
1604 4664 1678 4727 ta>

156 4764 323 4825 Chronicon
334 4783 345 4838 ,·
362 4762 427 4823 ideo
445 4763 512 4824 43443
537 4765 605 4838 illa,
629 4769 656 4823 43
679 4767 789 4844 334433
817 4776 877 4826 ter·
929 4768 1024 4827 storia
1045 4770 1143 4849 major
1164 4786 1265 4828 rerum
1291 4766 1483 4844 Anglicarum
1510 4761 1547 4822 ab
1562 4761 1678 4818 initii5

156 4858 227 4918 tiam
246 4860 322 4920 hanc
339 4860 593 4920 continuationem
609 4859 684 4920 da're
706 4859 875 4939 disposuit,
930 4861 1073 4923 Guileimi
1097 4862 1331 4940 conquaesioris
1345 4866 1411 4919 3443
1429 4862 1466 4922 34
1484 4861 1517 4921 A.
1541 4857 1578 4918 0.
1596 4850 1678 4917 tofi*
