3368 5362
114 194 156 253 72
727 181 994 245 lltctinua

113 308 142 359 et
162 301 249 358 l‘octa
271 299 350 356 circu
371 294 426 356 Aa.
446 297 457 355 4
466 292 533 355 5440.
551 291 589 351 66
606 292 695 352 cuius
712 294 834 371 scriptis

112 391 263 452 videndus
281 390 442 459 Simlerus,
460 393 491 447 et
506 387 580 446 liber
595 387 749 463 superiore
777 387 834 445 46.

114 487 201 546 4734.
221 486 321 545 editus
343 485 480 555 Parisiis,
498 479 692 559 siugularztez
718 480 835 550 histori-

113 588 189 656 ques
224 587 253 638 et
284 578 443 639 litteraires
465 591 531 653 pag.
563 574 633 633 478.
664 590 727 651 566.
749 572 854 656 Alius

110 671 238 733 44466664
249 670 409 750 duplicas,
425 669 500 729 inira
516 664 645 729 41464664
658 666 812 746 diopistcr.

151 767 303 828 lllCllAEl.
328 763 525 843 inprionus,
551 762 611 822 illis
638 761 832 837 Anarianus,

110 861 283 940 44666665,
299 862 412 919 rectius
429 856 465 916 de
486 855 640 935 46666645
666 858 833 916 Bononien-

110 957 172 1029 sis,
194 954 424 1015 Carmelitarum
443 949 480 1011 ab
503 951 560 1010 46.
587 951 675 1011 4384.
702 949 833 1009 Genera-

109 1049 167 1119 lis,
185 1051 281 1109 Vitam
306 1046 447 1125 produxit
464 1044 500 1106 ad
527 1044 585 1105 An.
607 1045 693 1106 4396.
715 1046 781 1103 sive
800 1049 833 1103 ut

109 1141 233 1203 Petrum
253 1143 376 1201 Lucium
400 1145 539 1213 5666465,
561 1138 721 1216 Alegrius,
744 1137 832 1197 4666

5 1229 10 1237 ’
110 1236 198 1295 4446.
220 1233 361 1295 Creditur
378 1231 426 1291 hic
441 1248 533 1290 verus
551 1237 658 1291 auctor
672 1231 832 1292 Commen-

110 1330 176 1388 larii
208 1345 266 1387 666
288 1324 501 1386 contemnendi
531 1325 561 1383 in
581 1324 711 1404 quinque
739 1320 832 1384 libros

110 1420 322 1494 Psalmorum,
341 1422 392 1498 qui
410 1422 530 1497 saepius
552 1419 649 1479 lucem
677 1418 753 1477 vidit
774 1418 831 1478 sub

108 1514 304 1576 INCOGNlTl
336 1515 477 1584 nomine,
496 1520 526 1573 64
546 1512 583 1572 ab
612 1514 679 1572 aliis
702 1513 831 1572 retertur

108 1609 146 1669 ad
168 1610 318 1670 coruunt
337 1606 547 1679 iierclrorium,
566 1608 592 1680 a)
611 1604 664 1665 566
681 1608 699 1665 4
714 1607 830 1665 466666

107 1706 124 1763 ir
152 1705 182 1764 S.
206 1703 336 1781 Angeia,
359 1702 386 1774 bi
410 1703 536 1779 64445666
568 1699 702 1759 4446446644
733 1696 832 1757 vindi-

107 1806 203 1860 catur.
231 1797 342 1858 Prodiit
362 1796 502 1872 incogniti
526 1810 635 1854 nomen
658 1793 830 1870 praeterens

105 1893 262 1954 illediolan.
295 1893 383 1953 4640.
427 1889 577 1966 Complati
615 1885 705 1946 4524.
737 1885 829 1962 Lugd.

107 1986 194 2048 4584.
218 1987 305 2047 4688.
323 1985 411 2045 tutu.
430 1985 522 2043 Paris.
542 1982 629 2041 4643.
648 1989 679 2039 64
697 1979 828 2057 praefixo

104 2080 257 2141 Michaelis
267 2079 388 2137 uomina
401 2077 505 2135 Venet.
526 2074 613 2135 4603.
633 2075 720 2135 4663.
735 2071 827 2150 bugd,

105 2174 192 2235 4662,
226 2171 313 2233 4673.
339 2172 543 2230 Memorantur
575 2175 730 2243 praeterea
762 2169 827 2227 eius

105 2265 270 2328 Lecturain
285 2262 423 2325 Psalmos
441 2259 683 2336 Paenitentioles,
697 2271 727 2321 et
739 2263 827 2322 Com-

104 2362 251 2420 mentaria
282 2357 312 2418 in
344 2355 537 2429 Michaeam,
569 2363 599 2415 et
632 2354 661 2413 in
694 2361 827 2434 quatuor

104 2451 324 2532 4466666ἰὶ665.
346 2451 381 2510 46
403 2451 419 2508 i
424 2452 452 2510 V.
475 2446 568 2508 libros
594 2448 825 2510 Sententiarum.

102 2538 145 2607 De
165 2545 349 2625 conceptione
367 2545 399 2603 ii.
414 2543 542 2605 iiariee.
553 2542 829 2620 06666666546646.

101 2640 234 2701 6664666
255 2638 426 2700 incinctum
457 2633 659 2713 Tbeolopioum
680 2636 717 2697 ad
745 2638 825 2699 litte-

102 2753 165 2795 ram
189 2735 221 2794 6.
255 2750 361 2810 65666.
395 2731 526 2791 Tabulae
557 2733 623 2789 sive.
656 2730 773 2791 ludices
795 2737 824 2793 46

102 2831 286 2899 Decretum,
303 2829 332 2884 iu
355 2827 489 2901 Gregorii
507 2825 643 2895 lloralio,
666 2825 827 2887 Commen-

930 293 1098 354 utettlut.
1119 292 1155 354 de
1176 290 1342 368 Bloubein,
1363 295 1430 355 sive
1444 293 1598 376 illaupoin,

890 387 984 458 inira,
1005 384 1136 447 iiiolroel
1155 386 1308 466 Magister.

905 480 1007 556 ,teta
1030 481 1198 542 4446444444
1230 481 1378 563 commis
1409 482 1600 544 viterbiensis

889 575 1057 652 Episcopus
1068 576 1240 636 Castrensis
1255 576 1300 650 (Α.
1319 576 1420 651 4478.)
1438 577 1507 637 Vita
1526 578 1600 638 l'auli

889 667 935 727 ll.
964 666 1000 728 ad
1035 668 1175 728 Guilelm.
1209 669 1296 730 Card.
1328 669 1504 730 Ostiensem
1538 687 1600 731 cum

888 761 1028 821 vindiciis
1054 761 1132 841 ing.
1153 763 1190 822 Μ.
1222 763 1309 824 Card.
1331 764 1458 834 Quirini.
1495 766 1600 825 llomae

890 854 978 915 4742.
1001 857 1029 914 46
1053 857 1080 915 4.
1103 864 1133 915 et
1156 857 1239 934 prius
1262 858 1290 915 46
1314 857 1462 918 thesauro
1479 860 1601 918 liureio

888 948 911 1006 ri
927 954 948 1006 t.
968 948 1017 1009 444.
1037 967 1064 1027 6.
1085 950 1130 1022 44.)

927 1042 1095 1102 4446444434.
1114 1043 1284 1113 caesenas,
1303 1044 1396 1105 italus
1413 1045 1486 1105 Ord.
1505 1046 1600 1105 Minor.

886 1134 1041 1195 Generalis
1061 1135 1099 1195 de
1120 1155 1181 1214 666
1202 1153 1293 1215 supra
1316 1145 1336 1197 t.
1360 1141 1387 1199 4.
1411 1157 1440 1216 6.
1462 1140 1531 1199 296.

927 1230 1131 1291 4446048648
1164 1231 1390 1305 Carrariensrs,
1413 1235 1467 1310 664
1504 1236 1600 1293 l'ossio

887 1339 952 1401 pag.
975 1324 1041 1384 600.
1063 1324 1192 1401 aliisque
1225 1334 1431 1400 memoratur,
1455 1329 1599 1404 integrum

886 1432 994 1474 nomen
1016 1424 1064 1475 est
1086 1418 1130 1474 io.
1146 1417 1279 1479 Michael
1293 1417 1434 1480 ilbertus
1453 1421 1598 1494 Corroro,

886 1511 951 1569 sive
972 1509 1008 1570 de
1029 1511 1171 1573 Corrara
1193 1517 1401 1592 Borgomensis
1425 1517 1599 1589 ilistoricus,

886 1604 1103 1683 0446566665,
1126 1609 1236 1681 Poeta,
1258 1608 1391 1678 44664665
1414 1611 1465 1686 664
1490 1610 1561 1668 obiit
1575 1613 1598 1668 io

886 1700 982 1759 Patria
1004 1717 1058 1759 sua
1080 1700 1139 1761 446.
1160 1703 1247 1762 4490.
1271 1705 1323 1763 4446
1346 1710 1466 1779 praeter
1485 1703 1600 1763 tutelam

885 1795 950 1853 sive
971 1796 1135 1875 apologiam
1157 1796 1309 1874 uitamque
1327 1796 1474 1858 Gnidonis
1494 1799 1600 1860 Carra·

883 1906 947 1963 rae,
979 1893 1113 1966 parentis
1134 1893 1180 1951 sui
1215 1890 1383 1969 Philosophi
1411 1909 1446 1951 66
1479 1892 1599 1966 ltledici,

883 1982 1015 2043 defuncti
1045 1972 1106 2043 46.
1127 1984 1215 2046 libi.
1240 1988 1362 2062 scripsit
1394 1985 1600 2045 ilistoriarum

883 2075 1062 2137 Italicorum
1080 2076 1173 2138 libros
1194 2079 1249 2138 iii.
1272 2080 1315 2138 De
1333 2076 1408 2138 bello
1434 2082 1539 2141 Veneto
1554 2099 1600 2159 per

881 2171 1025 2230 iacobum
1059 2172 1223 2234 ilutooium
1257 2173 1429 2234 Marcellum
1460 2177 1488 2233 in
1523 2177 1599 2235 ltalia

881 2273 966 2339 gesto
995 2283 1098 2342 poema
1133 2266 1295 2326 heroicum.
1330 2267 1373 2325 De
1394 2268 1429 2325 B.
1453 2266 1549 2328 Clara
1568 2267 1601 2327 de

883 2365 983 2417 urouto
1006 2360 1091 2419 Falco
1112 2359 1182 2419 Ord.
1205 2361 1365 2420 Eremitar.
1389 2362 1419 2420 S.
1439 2363 1597 2440 Augustini

882 2451 972 2511 libros
994 2454 1040 2512 444.
1064 2453 1107 2513 146
1135 2452 1263 2514 Ursuloe
1290 2453 1458 2514 Patavinae
1482 2473 1601 2535 proeco-

884 2545 953 2606 6445.
967 2545 1175 2623 Admiranda,
1193 2553 1261 2607 6646
1280 2547 1359 2608 46645
1374 2549 1599 2627 Megalensibus,

884 2641 1000 2702 Colixto
1019 2643 1067 2701 lll.
1090 2642 1250 2703 Sacerdote
1274 2646 1427 2719 maximo,
1450 2646 1601 2705 Frederico

882 2735 928 2794 lv.
948 2737 1075 2796 Caesare
1098 2743 1129 2795 et
1147 2739 1305 2796 Francisco
1324 2739 1451 2797 ioscaro
1482 2740 1602 2797 Veneto-

883 2847 948 2888 rum
972 2830 1250 2919 liuce30rationem
1272 2830 1302 2888 iu
1322 2830 1431 2910 [66666
1448 2830 1601 2891 Bortlroio

102 2923 167 2981 torii
182 2923 210 2979 46
224 2919 396 2980 Aristotelis
412 2919 528 2992 Etlrica,
541 2921 569 2978 46
583 2919 734 2980 Valerium
749 2924 825 2981 liar.
886 2923 966 2982 maci
982 2921 1119 2984 Coleonii.
1137 2926 1177 2984 iic
1194 2924 1337 3002 regimine
1354 2924 1499 2985 56666445
1515 2925 1601 2984 libras

101 3014 244 3076 64644466
260 3013 333 3073 Lud.
352 3013 452 3074 iacob.
473 3017 500 3071 46
517 3013 592 3072 8444.
614 3013 828 3077 Carmelitana.
882 3011 942 3071 vlt.
973 3014 1014 3072 iie
1032 3030 1126 3073 causa
1144 3031 1284 3073 errorum
1308 3014 1338 3073 in
1364 3012 1533 3075 medicinis
1563 3015 1601 3072 06

139 3109 296 3170 ulcttAEt
317 3105 353 3167 de
375 3104 539 3177 Buculeio,
561 3107 612 3165 vir
648 3111 738 3166 notus
770 3109 827 3167 nisi
877 3105 1298 3185 mettiennnadttranctseom
1311 3107 1603 3188 Dicdumiurlplro

101 3221 138 3264 ex
171 3202 295 3264 Sanderi
334 3202 410 3261 Bibl.
447 3200 565 3278 Belgica
598 3200 825 3277 liunuscriptor.
881 3200 989 3261 rismos
1021 3201 1223 3280 iiippooratis.
1255 3201 1454 3279 isagogarum
1496 3201 1599 3262 librum

101 3306 184 3377 parto
204 3297 233 3357 ⁶2.
253 3313 319 3375 pag.
334 3295 382 3355 70.
404 3296 452 3354 ubi
473 3299 660 3353 memoratur
676 3301 826 3354 tractatus
882 3297 947 3354 sive
965 3295 1211 3355 introductionem
1230 3293 1343 3355 Medici.
1360 3296 1404 3353 De
1420 3293 1484 3373 sato
1502 3301 1530 3355 et
1544 3295 1602 3376 for·

100 3394 166 3453 sive
196 3407 295 3452 sermo
326 3389 362 3451 dc
394 3390 588 3449 Sacramenta
618 3384 754 3460 ditaris,
776 3405 828 3448 au·
884 3392 963 3447 4666.
983 3390 1185 3449 Siromutood
1216 3389 1407 3449 Dominicum
1434 3389 1602 3469 Georgium.

98 3494 181 3547 ctare
203 3488 237 3547 ll.
262 3485 405 3545 llicbaele
434 3482 474 3565 de¹
493 3482 655 3557 liaculeto,
680 3482 709 3541 S.
731 3482 828 3541 Theo·
882 3482 924 3541 De
941 3482 1052 3560 origine
1067 3483 1197 3542 omnium
1214 3482 1419 3544 scientiarum.
1432 3485 1476 3542 De
1494 3484 1601 3544 uicari-

99 3579 373 3660 logiaeProiessoro
389 3581 417 3636 io
428 3576 633 3638 Universitate
646 3575 827 3650 Coloniensi,
883 3572 938 3635 bus
953 3594 1010 3634 666
1026 3575 1179 3636 ducendis.
1199 3579 1423 3637 Commentario
1443 3579 1473 3636 46
1491 3579 1602 3639 Ariste

99 3674 243 3736 iionocho
262 3675 291 3734 S.
307 3668 447 3745 Bavoni's,
459 3668 596 3730 Gandavi
610 3667 667 3728 Au.
680 3666 768 3728 luia.
781 3669 829 3727 ln·
882 3668 946 3729 telis
975 3672 1066 3730 libros
1087 3671 1124 3730 66
1150 3674 1269 3745 anima,
1287 3687 1343 3730 666
1372 3688 1431 3730 666
1461 3673 1601 3749 physicos

99 3770 171 3846 cipit
183 3788 190 3826 :
203 3768 351 3828 lliemento
362 3761 551 3824 mirabilium
569 3762 634 3840 ejus
652 3777 730 3838 quae
747 3758 826 3840 fecit.
882 3768 972 3840 atque
1000 3765 1229 3843 Metaplrysicos
1257 3766 1288 3823 ln
1316 3764 1600 3837 Commentatorern,

139 3858 399 3920 sarculatis
431 3854 664 3931 bambergensis
687 3854 826 3913 Coenobii
881 3862 919 3920 de
942 3868 1046 3920 natura
1079 3877 1114 3919 ac
1140 3860 1308 3936 cognitione
1336 3859 1534 3933 simplicium.
1564 3861 1601 3917 ite

99 3948 307 4027 Antiquiltles
342 3954 407 4009 sive
440 3949 602 4026 diplomata
634 3948 730 4008 XXX·
755 3946 827 4007 illud
882 3954 1090 4014 iucarnatione
1110 3951 1229 4010 Domini
1243 3951 1341 4012 nostri
1354 3951 1440 4010 ilisa
1471 3951 1601 4016 Clirmti.

100 4046 267 4122 5666466446
287 4041 366 4119 juris
400 4043 511 4119 publici
536 4044 606 4101 iecit
626 4043 662 4101 V.
684 4042 717 4101 C·
739 4042 827 4100 loan-
881 4049 923 4108 De
938 4048 1069 4127 ejusdem
1084 4049 1224 4125 passione
1240 4095 1247 4121 ,
1266 4046 1295 4105 in
1310 4062 1368 4124 666
1389 4047 1476 4104 Vetus
1494 4050 1523 4103 et
1547 4046 1601 4103 46

100 4155 154 4198 665
188 4137 359 4196 iridericus
392 4135 552 4195 Schannat
585 4137 614 4192 46
649 4134 827 4194 66446644666
880 4160 950 4202 vum
985 4143 1199 4200 Testamentum
1233 4138 1392 4219 conjungit,
1433 4136 1601 4197 argolicum

99 4233 193 4312 4444444
225 4229 400 4289 Vindemiae
428 4228 612 4299 lilliiflilfler
636 4230 714 4305 Ulis-
739 4225 825 4288 4733·
881 4252 1003 4295 carmen
1020 4235 1056 4295 ad
1071 4238 1192 4294 Petrum
1209 4237 1381 4294 Ponzonum
1396 4277 1403 4306 ,
1419 4234 1603 4292 Cremonen·

102 4327 149 4386 iol.
172 4342 239 4404 pag.
262 4326 309 4384 44.
333 4323 380 4383 50.
881 4347 956 4389 sem.
990 4329 1156 4389 Orationes.
1176 4335 1270 4404 atquo
1293 4328 1395 4404 lingua
1424 4326 1527 4386 italica
1550 4330 1602 4386 66-

141 4542 166 4600 4)
184 4538 329 4593 mmm
341 4538 459 4588 Xfmffll‘i'
470 4537 660 4587 36444440444
679 4537 828 4600 14408444444
873 4547 974 4597 tutoris
991 4545 1116 4605 incogniti
1133 4544 1160 4591 in
1177 4539 1307 4598 psalmos,
1325 4542 1379 4589 sire
1398 4539 1602 4601 supplementum

94 4632 138 4682 044
155 4630 181 4666 ⁵⁰
197 4617 334 4678 4484444444,
351 4617 407 4663 Sive
424 4613 572 4663 4444404440
590 4614 767 4673 4060444404
779 4645 787 4670 2
800 4611 827 4658 5¹¹
873 4621 982 4684 duplicis
993 4624 1114 4668 tractatus
1132 4631 1176 4679 pro
1186 4620 1260 4665 Petro
1272 4616 1409 4664 berchario
1421 4613 1483 4664 ibid.
1496 4613 1567 4663 4799.
1579 4613 1602 4662 8.

95 4706 144 4755 quil
157 4696 259 4740 Pelium
269 4688 433 4740 bercharium
448 4700 537 4736 80711414
551 4699 603 4735 6886
617 4692 827 4736 6440404841160411·
918 4695 945 4756 b)
963 4701 1000 4746 10,
1018 4692 1031 4742 6
1048 4698 1072 4742 S,
1089 4693 1182 4754 Angglo
1201 4694 1227 4740 Ιῃ
1243 4690 1309 4740 diss,
1323 4690 1480 4752 delOssellGd
1495 4701 1542 4750 W)
1563 4691 1600 4736 Ιῃ.

95 4770 212 4818 mentarli
227 4770 253 4816 lu
266 4766 376 4815 Psalmos
390 4765 513 4825 disputat.
527 4763 628 4811 Madrtt.
644 4759 704 4809 4740
717 4760 740 4808 8.
753 4762 827 4822 Ejus·
872 4774 977 4835 cognito
989 4782 1034 4832 pe,
1047 4780 1072 4817 50
1086 4770 1198 4829 cognito.
1216 4763 1315 4815 naum,
1330 4764 1402 4814 1721,
1416 4764 1442 4814 6,
1449 4769 1509 4813 Acta
1522 4759 1599 4812 ssrud.

96 4844 152 4892 dem
175 4845 321 4903 incognitus
337 4842 450 4904 apertius
468 4840 604 4900 cognitus,
624 4834 687 4885 ibid.
707 4835 777 4882 tm.
800 4836 824 4885 8.
874 4852 944 4898 gom,
959 4849 988 4895 χ,
1000 4845 1122 4907 supplem,
1139 4853 1197 4903 pag,
1214 4840 1270 4888 666,

96 4925 121 4967 64
137 4919 271 4968 montorio
289 4916 445 4980 allegationis
464 4917 490 4964 lu
509 4913 552 4963 itte
571 4923 648 4974 super
668 4911 821 4962 certitudine
