3368 5362
164 185 222 244 174
756 187 1059 250 osmundus

163 309 221 372 que
244 310 280 352 ex
300 293 356 354 hac
377 295 436 355 vita
455 293 645 355 discessurus
667 297 693 353 in
712 295 829 359 illorum
848 312 881 356 se
937 298 1003 374 lpse
1025 299 1042 355 4
1064 295 1150 357 84144
1180 295 1254 354 14111.
1275 295 1321 353 10.
1350 295 1512 373 scripsisse
1536 297 1653 361 traditur

162 388 372 447 eommunione
392 389 463 446 mori
479 393 608 449 testatus
625 396 690 462 est,
709 397 743 448 ut
765 395 881 467 praeter
937 395 1057 467 praeter
1069 387 1218 466 Epistulas
1236 394 1302 447 tum
1317 386 1356 448 ad
1375 388 1531 461 aliosgtum
1549 389 1584 450 ad
1599 391 1654 450 lau-

163 480 236 538 alios
258 480 389 562 locuplps
410 486 456 539 est
478 482 566 538 testis
587 481 728 542 laudatus
749 481 881 541 Athana·
936 482 1041 542 datum
1083 482 1264 554 Gersouem‚
1286 479 1497 542 meditationes
1520 483 1653 544 solitarias

164 575 247 645 sius,
269 573 318 649 qui
342 573 369 630 in
394 573 528 650 Epistola
554 572 590 633 ad
614 574 763 634 solitarios
787 576 879 634 retiam
935 583 967 634 et
997 575 1103 635 librum
1125 573 1162 641 de
1182 571 1321 632 remediis
1343 575 1558 634 tentationum.
1578 578 1653 637 llisoe

164 669 294 727 servarit
315 682 352 724 ex
373 664 436 724 Osii
458 666 600 742 Epistolis
628 660 770 728 eximiam
799 669 878 728 illam
937 671 1056 730 Pitsens
1082 685 1146 744 pag.
1176 665 1244 726 044.
1265 665 1350 726 addit
1376 668 1653 743 Ρο4444441444,44

163 767 194 819 44
209 760 313 818 fortem
332 758 368 819 ad
389 758 593 836 Corntuntrnrn
608 759 789 837 Augustum.
808 763 880 823 Cae·
935 769 1041 838 tatque
1053 761 1161 820 librum
1175 761 1257 820 illum
1268 762 1418 820 llanuscr.
1429 765 1547 821 servari
1560 762 1652 824 04414·

162 860 224 913 tera
252 862 319 929 ejus
339 854 472 930 scripta,
494 859 689 931 caeteraeque
711 855 878 933 Epistulae,
935 855 1047 932 brigiae
1065 856 1094 913 in
1116 854 1245 930 Collegio
1263 853 1477 913 8844444414.

163 953 303 1025 utquam
322 945 454 1006 isidorus
466 949 507 1005 ait
523 949 665 1024 scriptam
683 947 720 1007 ab
731 965 765 1007 co
778 948 880 1019 luisse,
973 947 1164 1008 OWALDUS
1183 945 1334 1019 Odonius,
1352 946 1496 1024 Anglus,
1514 965 1553 1007 ex
1568 965 1650 1008 mona-

162 1039 197 1100 ad
222 1057 353 1099 sororem
382 1037 416 1098 de
439 1037 527 1098 nude
552 1039 735 1118 Vr'rpr'nitutis
759 1042 882 1120 pulchro
937 1041 993 1101 cho
1016 1041 1195 1118 Floriacensi
1213 1038 1283 1098 Ord.
1310 1037 1420 1098 llened.
1442 1041 1647 1122 Episcopusplr

164 1149 199 1194 44
232 1133 345 1192 diserto
367 1141 573 1215 comparatam,
590 1136 725 1213 eloquio,
747 1146 777 1196 et
808 1154 883 1215 opus
929 1134 974 1195 A.
986 1135 1055 1194 964.
1070 1134 1290 1193 Wintoniensis
1302 1138 1394 1209 atque
1414 1132 1536 1193 iudeab
1549 1135 1582 1194 A.
1596 1135 1646 1193 979.

162 1225 198 1287 de
231 1225 470 1305 interpretatione
499 1227 625 1288 uestium
656 1228 883 1289 sacerdotalium
940 1227 1060 1294 444998.
1079 1208 1672 1305 EboracensisArcbiepiscopus,coloss

162 1336 241 1399 quoe
260 1318 377 1378 suntin
396 1321 490 1378 ueteri
511 1321 712 1396 Testamento,
730 1322 817 1383 hodie
834 1323 884 1400 def
938 1323 1033 1379 vitam
1054 1321 1175 1397 scripsit
1192 1318 1356 1394 Oswaldus
1377 1319 1416 1378 de
1435 1337 1498 1398 quo
1519 1339 1599 1396 mox,
1611 1323 1645 1381 44-

162 1413 339 1474 sidcramus.
362 1413 464 1472 Fuerit
487 1431 523 1472 ne
543 1414 624 1479 idem
648 1417 758 1478 081148
772 1419 820 1477 cui
837 1418 884 1474 44-
939 1414 1120 1490 gorniensis.
1138 1402 1224 1491 Apud
1238 1413 1361 1474 Baleum
1374 1414 1411 1473 ll.
1425 1415 1474 1474 40.
1491 1422 1523 1474 et
1538 1419 1643 1476 Pitseum

163 1523 282 1567 maeum
310 1521 394 1565 suam
422 1504 593 1567 chalcidius
627 1508 797 1584 dedicavit,
825 1527 882 1570 non
937 1523 1003 1584 pag.
1036 1505 1104 1566 l80.
1135 1505 1269 1567 Odonius
1300 1514 1422 1584 praeter
1445 1509 1643 1586 Epistolasad

145 1601 249 1681 ,plane
270 1600 456 1676 exploratum
479 1616 547 1673 esse
569 1604 718 1663 existimo.
937 1599 1089 1659 Abbonem
1107 1599 1346 1673 Floriacensem‚
1363 1600 1400 1660 ad
1420 1600 1557 1662 Odonern
1571 1621 1643 1662 avun-

58 1738 63 1750 .
184 1691 403 1755 osnttnnus
424 1694 648 1770 Asturicensis,
681 1696 831 1776 (Astorpn
853 1700 881 1758 in
939 1693 1043 1753 culum
1058 1693 1322 1770 Archiepiscopum
1335 1695 1642 1757 Cantuar.adSanctos

160 1805 251 1865 regno
283 1788 421 1865 Legionis
442 1788 582 1866 Hispan.)
603 1790 773 1868 Episcopus
804 1794 882 1852 circs
938 1785 1101 1847 dumesset
1117 1786 1447 1864 Floriaci,perhibetur
1463 1791 1641 1868 promulgasse

159 1883 195 1944 A.
219 1883 305 1942 1059.
326 1882 445 1958 scripsit
477 1880 638 1961 Epistulam
659 1884 696 1944 ad
718 1885 799 1945 ldam
822 1886 882 1945 Eu·
943 1879 1061 1941 Statuta
1085 1879 1255 1956 synodalia.

159 1976 265 2038 stacliii
284 1975 407 2046 Comitis
435 1976 631 2036 Bononiensis
654 1977 682 2034 iu
707 1985 806 2037 castro
829 1979 880 2036 Le·
979 1972 1194 2033 OSWALDUS
1212 1966 1277 2031 sive
1299 1973 1519 2036 OSWOLDUS
1538 1979 1606 2036 cirea
1617 1976 1639 2034 ,1.

160 2073 264 2143 ne'nsi,
293 2071 358 2146 pagi
388 2067 617 2141 Atrebateusis,
646 2068 809 2147 Conjugcm
843 2070 879 2129 de
936 2067 1024 2127 4010.
1046 2066 1211 2126 monachus
1235 2065 1436 2143 Viporniensr's
1458 2069 1530 2129 Ord.
1553 2069 1638 2129 Eaned

161 2159 477 2240 reliquiis‘capillorum
496 2161 526 2220 8.
541 2163 666 2235 4444444,
685 2180 774 2240 quam
788 2163 879 2224 edidit
935 2167 1013 2220 teste
1034 2160 1165 2220 lelando
1182 2178 1246 2238 cap.
1267 2160 1334 2220 438.
1352 2162 1476 2238 scripsit
1494 2164 1594 2223 librum
1608 2178 1641 2220 ru·

159 2256 344 2319 Mabillonius
358 2261 429 2312 tum.
442 2255 468 2313 4.
480 2253 613 2313 Analect.
628 2271 694 2335 pag.
705 2256 774 2316 288.
787 2259 800 2333 (
807 2257 877 2318 edit.
933 2270 1056 2313 crurum
1068 2253 1276 2333 precationum
1289 2256 1397 2331 partim
1406 2258 1551 2327 carmine,
1557 2257 1639 2334 partin

160 2367 255 2410 novae
276 2366 342 2427 pag.
360 2349 446 2419 434.)

198 2442 399 2504 0841144008
416 2437 649 2517 sarisberiensis
664 2445 692 2501 in
711 2443 816 2521 Anglia
837 2445 876 2505 E-

158 2541 298 2617 piscopus
319 2534 479 2595 defunctus
500 2535 630 2598 circaA.
652 2537 736 2596 1099.
759 2534 788 2595 4.
805 2538 874 2597 Dec.

158 2638 188 2697 et
209 2633 226 2691 a
247 2622 368 2691 Callisto
389 2629 438 2688 lll.
457 2629 577 2689 Sanctis
595 2629 784 2707 adscriptus,
803 2632 876 2690 sori-

157 2719 876 2802 4444414448.44114414444444484444484444444

158 2816 405 2878 Shireburnensis
426 2818 476 2892 qui
503 2816 672 2876 4444709.
694 2817 775 2877 obiit.
798 2819 875 2878 llaec

159 2910 291 2970 nondum
307 2907 406 2980 edita,
422 2908 490 2968 licet
504 2910 592 2969 aliam
609 2910 795 2970 aWilhelmo
810 2911 879 2971 4441-

158 3002 374 3076 mesburiensi,
396 3003 528 3080 itemque
545 3003 633 3063 aliam
651 3004 822 3082 Anonymi,
847 3006 875 3063 in

158 3113 218 3176 qua
244 3093 390 3155 Osmuudi
418 3111 483 3174 pag.
512 3097 558 3156 03.
589 3100 718 3169 mentio,
742 3097 877 3176 vulgavit

158 3188 370 3250 flenschenius
402 3194 473 3248 torn.
492 3188 538 3248 lll.
566 3190 632 3249 Act.
654 3190 790 3251 Sanctor.
808 3189 875 3268 llaji

159 3284 208 3344 25.
226 3299 291 3360 pag.
305 3281 355 3364 79.
369 3279 416 3339 84.
434 3281 515 3343 ldem
534 3282 710 3344 Osmundus
726 3285 877 3344 Honorius

154 3391 263 3457 preces
290 3379 319 3434 et
345 3374 485 3436 Diui-num
508 3375 643 3458 Officium
664 3379 717 3455 per
747 3379 877 3451 multum

157 3473 301 3549 temporis
316 3472 344 3528 in
356 3470 460 3546 Anglia
476 3470 700 3548 frequentatum
714 3471 875 3548 digessisse

159 3567 295 3627 traditur.
312 3564 384 3624 Vide
402 3565 540 3624 Vossium
560 3582 587 3641 p·
603 3565 670 3624 379.
693 3581 757 3642 seq.

197 3646 498 3723 OSNABRUGENSE
535 3659 726 3717 Chronicon:
765 3674 876 3737 supra,

159 3750 323 3814 Erdeoinus
342 3759 363 3809 t.
382 3751 411 3810 2.
429 3768 494 3828 pag.
511 3753 580 3811 5l6.

199 3842 394 3906 OSTlENSlS
416 3843 560 3918 Summa,
579 3859 673 3921 supra
688 3842 875 3930 nunnitus

160 3939 334 4016 aSegusio.
365 4013 368 4020 Ι
655 3967 657 3970 ·

198 4030 458 4102 0840980808,
483 4028 639 4109 Ostforns,
663 4027 823 4110 0444444414,
835 4047 872 4089 ex

158 4125 299 4186 llonaclro
321 4125 462 4187 Pharensi
483 4124 652 4201 Episcopus
671 4124 872 4201 vigorniensis

157 4219 319 4278 defunctus
338 4216 372 4275 A.
400 4216 468 4274 704.
495 4215 532 4275 44
553 4233 612 4293 quo
642 4212 790 4276 Lelandus
806 4233 871 4294 cap.

158 4311 206 4372 07.
222 4311 331 4372 Baleus
348 4308 369 4368 l.
389 4309 437 4372 85.
455 4314 486 4367 41
507 4309 625 4368 Pitseus
647 4300 798 4388 pagias.
820 4313 869 4388 qui

156 4398 870 4480 homiliasejussednunquameditasmemorant.

197 4490 601 4553 4444444084804014448.
622 4495 717 4573 Supra
734 4503 806 4555 tom.
825 4496 871 4555 ll'.

111 4647 113 4653 ‚
157 4587 873 4755 ρὸ083444ἑῖ444448443144444444404444υεί4444

156 4772 235 4831 44444
257 4771 291 4831 A.
320 4768 407 4829 1450.
429 4773 544 4831 amicus
560 4774 684 4832 loannis
712 4772 873 4848 04444444,

158 4862 246 4938 cujus
262 4871 290 4922 ct
311 4863 452 4924 nonnulla
470 4883 505 4924 eu
524 4867 635 4929 Gallico
653 4871 744 4928 vertit
760 4872 870 4932 latine.

933 2348 1030 2408 soluta
1046 2349 1191 2406 oratione.
1205 2348 1244 2406 Et
1254 2344 1511 2426 decomponendis
1525 2346 1640 2427 Epistuln

932 2440 1109 2517 opusculum
1146 2442 1241 2501 instar
1269 2441 1431 2518 Epistulae.
1454 2444 1516 2503 lt'ec
1538 2460 1591 2502 non
1615 2438 1640 2499 ad

932 2531 1221 2596 004844144141441
1238 2533 1419 2613 monachum
1432 2536 1640 2599 Floriacensem

931 2626 1166 2687 Grammaticum
1203 2627 1378 2703 eruditum3
1411 2631 1464 2707 qui
1498 2630 1639 2708 Epistolan

932 2721 1070 2798 versibus
1088 2720 1228 2799 elegiacis
1249 2721 1285 2780 ad
1306 2738 1376 2781 eum
1399 2726 1574 2801 scripserat.
1585 2724 1642 2783 Con·

931 2815 974 2873 444
1008 2812 1130 2874 8444444
1153 2816 1188 2873 ll.
1222 2813 1269 2874 43.
1293 2821 1324 2874 44
1348 2817 1483 2876 Pitseum
1508 2834 1571 2894 pag.
1588 2817 1640 2876 484.

933 2923 996 2984 seq.
1019 2905 1236 2967 VituOsrooldi
1252 2906 1355 2967 Odonii
1373 2909 1411 2968 ab
1429 2926 1466 2989 co
1483 2911 1641 2988 composita,

933 3007 1074 3060 servatur
1095 3002 1294 3077 llanuscripta
1318 3003 1347 3059 in
1376 3001 1452 3061 Bibl.
1476 2989 1642 3064 Cottoniaoa.

933 3093 1006 3153 Vide
1028 3092 1182 3179 Oudiuum
1210 3100 1281 3152 tom.
1304 3111 1371 3173 pag.
1394 3096 1464 3156 583.

973 3186 1174 3249 0488444448
1206 3188 1323 3266 Anglus
1355 3189 1544 3263 Carmenta,
1573 3204 1643 3266 supn

932 3281 1139 3342 OSBEETUS.
1278 3309 1287 3320 .

970 3373 1168 3436 OTEERTUS
1183 3376 1247 3435 Dux
1260 3375 1399 3449 Bullonii,
1409 3377 1581 3457 Episcopus
1590 3379 1644 3436 444

931 3467 1045 3529 diensis
1061 3469 1099 3530 ab
1116 3471 1150 3529 Α.
1171 3470 1258 3529 4094.
1275 3468 1312 3527 44
1333 3470 1420 3529 4449.
1436 3471 1528 3548 -Ejus
1551 3470 1645 3549 Epirtu

936 3561 967 3622 lu
978 3562 1013 3622 de
1024 3562 1087 3622 vitu
1098 3559 1218 3622 4140440
1236 3561 1360 3622 Henrici
1371 3563 1386 3621 l
1390 3565 1419 3622 V.
1439 3565 1559 3644 irrepet
1574 3560 1644 3622 44444

936 3655 1088 3717 navarrae
1109 3655 1187 3716 edita
1209 3659 1227 3716 A
1248 3654 1390 3715 Goldasto
1409 3660 1439 3716 in
1461 3659 1593 3736 apologia
1608 3670 1645 3732 pn

931 3751 1057 3810 lleurico
1072 3751 1118 3809 lV.
1140 3751 1254 3808 llanov.
1273 3749 1361 3810 1611.
1379 3750 1406 3808 4.
1426 3768 1493 3828 pag.
1509 3752 1578 3811 eoi.
1593 3747 1645 3808 401.

928 3846 972 3903 De
1005 3842 1060 3903 hoc
1087 3842 1210 3902 Otberto
1231 3842 1361 3903 loannes
1383 3842 1600 3922 chapeavillus
1626 3844 1645 3898 in

931 3939 1026 4016 gestis
1039 3936 1215 4002 Pontificum
1228 3935 1437 3997 leodiensium
1449 3947 1471 3997 t.
1485 3940 1504 3999 2
1517 3927 1545 4017 p.
1563 3936 1647 3998 10-54.

969 4029 1162 4091 0448144448
1193 4032 1357 4091 Monachus
1394 4031 1646 4111 wizenburgensis

928 4126 993 4184 sive
1011 4123 1317 4202 weissenburgensis
1329 4126 1358 4184 in
1371 4126 1489 4186 Alsatia
1499 4174 1509 4201 ,
1521 4126 1590 4187 Ord.
1607 4129 1646 4185 Ee

931 4217 999 4277 ned.
1040 4225 1070 4276 et
1103 4218 1263 4294 Presbyter
1296 4220 1347 4296 qui
1368 4219 1483 4280 Rabani
1505 4221 1595 4282 llauri
1622 4233 1646 4277 se

929 4310 1090 4389 profitetur
1106 4310 1307 4387 discipulum,
1323 4311 1403 4371 haud
1422 4312 1645 4390 praetereundus

928 4405 1000 4463 milri
1024 4412 1072 4462 est
1092 4403 1248 4479 hocloco,
1268 4421 1326 4463 non
1345 4406 1426 4483 quod
1444 4409 1550 4468 Latine
1568 4408 1602 4467 ab
1619 4419 1645 4463 eo

929 4499 1044 4573 scripta
1063 4497 1157 4556 multa
1178 4503 1309 4557 aetatem
1332 4498 1492 4574 tulerunt,
1510 4500 1563 4561 sed
1579 4494 1643 4577 quod

929 4591 1079 4666 insignem
1099 4596 1198 4649 aetate
1216 4607 1270 4650 sua
1288 4607 1409 4667 operam
1430 4593 1495 4671 lpse
1513 4592 1649 4671 praestitit.

928 4684 1073 4743 Ecclesiis
1091 4683 1288 4757 Germaniae,
1305 4683 1396 4743 libros
1413 4701 1516 4746 sacros
1535 4692 1566 4744 44
1582 4685 1642 4745 Can·

929 4779 988 4835 tica
1000 4777 1028 4832 in
1049 4776 1178 4854 linguam
1199 4777 1388 4837 Tlreotiscam
1407 4796 1445 4840 ex
1458 4781 1561 4840 Latina
1575 4785 1639 4835 tran·

929 4869 1068 4930 sierendo
1094 4877 1185 4946 atque
1208 4869 1408 4947 metaphorasi
1433 4875 1555 4934 metrica
1575 4871 1635 4928 Teu·
