3368 5362
143 225 184 286 944
787 207 990 274 NhNGll

144 326 337 393 Scbimeitzel
361 322 436 382 vidit
461 324 489 380 in
511 320 647 381 Biblioth.
680 319 868 381 Tlruroneusi

104 451 108 458 ·
144 423 274 501 eleganti
297 417 368 479 Cod.
391 416 451 478 tls.
472 410 639 492 spatiolum
670 410 713 471 ad
733 416 766 474 li·
789 413 870 473 Mol·

144 517 236 579 thiam
252 513 350 574 instar
368 508 572 586 Panegyricus
600 509 673 566 item
693 506 782 566 ilat.
799 522 869 566 uer⁴

143 627 197 673 sus
221 605 336 668 leonini.
348 605 390 664 De
405 599 520 662 laudib.
536 598 735 661 Bibliothecae
751 597 868 660 Buden-

143 705 194 765 sis.
212 699 362 763 Rheimari
382 700 446 756 vita
457 697 502 756 lo.
521 694 588 756 Alb.
601 694 727 753 Fabricii
741 712 770 770 p.
785 691 867 766 iat.)

183 792 311 856 Nhlt'Gll
333 793 515 853 Chronicou.
534 789 630 865 Supra
648 785 870 847 GUlLEthUS

143 889 179 951 de
196 885 331 966 Nunqr's,
353 886 418 945 sive
440 881 476 943 de
495 879 657 958 Nonpicco.
677 886 698 938 t.
717 882 735 940 3
753 896 780 956 p.
801 877 868 938 446.

181 979 309 1063 ΝᾼΝΝΟ
330 978 537 1047 stavriensis,
561 975 642 1034 Friso
661 971 870 1049 Philosophus,

143 1064 222 1137 circa
244 1074 279 1134 Α.
301 1073 372 1132 880.
395 1074 474 1146 (non
498 1067 586 1130 4380.
608 1074 644 1128 ut
665 1063 744 1144 apud
764 1065 872 1125 lioeni-

142 1172 223 1249 giam
234 1169 245 1243 l
267 1171 284 1228 a
305 1181 365 1244 quo
386 1161 562 1224 lladbodum
584 1161 768 1238 Episcopum
791 1157 871 1217 xlv.

143 1261 347 1338 Trajectinum
367 1259 395 1315 in
414 1261 531 1333 septem
549 1251 666 1313 artibus
687 1249 873 1310 excellenter

144 1355 295 1414 imbutum
311 1350 415 1410 scribit
432 1351 563 1407 loannes
578 1344 616 1404 de
634 1343 712 1403 Belia
731 1345 760 1401 in
779 1341 874 1400 Chro-

144 1448 211 1507 nico
232 1445 400 1519 Trajectino
422 1459 450 1520 p.
473 1439 521 1500 22.
544 1439 709 1516 Scripsisse
745 1434 873 1495 traditur

144 1540 175 1598 in
198 1535 348 1596 Platonem
379 1533 416 1593 de
453 1532 581 1612 Legibus
613 1537 644 1588 et
675 1531 747 1605 liep.
779 1535 872 1602 atque

144 1627 315 1692 Aristotelis
333 1628 424 1689 libros
442 1626 479 1686 de
497 1624 587 1686 Coelo
603 1630 634 1683 et
652 1619 761 1682 Mundo
779 1627 871 1696 atque

143 1723 283 1787 lithicam
307 1707 480 1782 uniuersam
503 1717 682 1778 illustrasse.
706 1712 780 1773 Vide
802 1711 871 1772 Sul·

144 1817 254 1878 iridum
274 1818 372 1890 Petri,
390 1813 541 1875 Valerium
560 1809 712 1872 hndteam
727 1851 734 1881 ,
752 1807 872 1867 Sweer·

147 1915 234 1972 tium.

184 2007 315 2065 loannes
327 2001 428 2064 Naso
439 2002 505 2060 sive
517 1996 651 2070 NASUS,
663 2002 685 2054 t.
696 1994 734 2054 iv
747 2011 775 2072 p.
792 1993 860 2053 392.

187 2102 297 2160 Petrus
318 2095 354 2155 de
376 2092 591 2155 paratibus
623 2089 778 2158 Venetus,
805 2088 874 2165 Epi-

148 2208 260 2271 scopus
283 2189 444 2267 Equilinus
465 2187 490 2260 a)
513 2187 579 2244 sive
600 2184 765 2244 lesulanus
788 2182 873 2257 (aliis

924 325 986 379 tres
1008 318 1045 377 ibi
1081 322 1202 396 reperiri
1229 325 1351 380 sanctos
1383 323 1451 378 tum
1485 316 1624 400 recensio

923 413 1067 474 [livorum
1100 413 1270 493 catalogum
1302 411 1449 472 adiectos.
1481 411 1539 470 Neo
1569 423 1627 467 vera

924 506 1028 566 scribit
1051 505 1205 568 Fabricius
1225 505 1341 566 divisos
1362 520 1474 582 nempe
1499 503 1584 562 libros
1600 499 1629 560 ab

924 599 1049 659 authore
1072 615 1128 659 suo
1151 617 1203 678 pro
1226 614 1353 660 numero
1381 599 1553 666 meusium;
1572 611 1628 654 uam

924 700 1021 752 totum
1043 709 1119 771 opus
1131 692 1325 753 concluditur
1346 690 1488 752 undecim
1505 688 1596 763 libris3
1609 691 1631 746 io

925 785 1137 846 duodecimum
1153 803 1227 846 vero
1243 786 1373 846 contulit
1387 782 1498 845 author
1513 785 1631 844 omniun

927 881 1130 954 Sanctorum,
1164 878 1202 939 de
1232 879 1344 957 quibus
1379 880 1408 937 iu
1444 877 1634 956 superioribus

926 980 1046 1053 egemt,
1071 973 1200 1034 indicem
1223 971 1454 1051 alphabeticum.
1475 971 1533 1030 Est
1548 976 1634 1030 auten

927 1068 1005 1147 apud
1029 1085 1078 1129 me
1099 1067 1191 1127 editio
1211 1065 1347 1126 eiusdem
1369 1067 1472 1142 operis
1488 1064 1598 1123 Veneta
1610 1061 1633 1122 4.

928 1163 1016 1223 4646.
1040 1178 1058 1221 a
1079 1162 1109 1220 F.
1131 1160 1254 1221 hiberto
1285 1158 1462 1219 castellano
1489 1161 1591 1218 curata
1613 1157 1634 1213 in

928 1271 989 1332 qua
1013 1254 1086 1314 nihil
1111 1255 1176 1332 lego
1196 1253 1235 1313 de
1255 1253 1328 1312 vitis
1346 1252 1492 1312 sanctor.
1511 1249 1636 1309 aVerlio

928 1348 1062 1409 adiectis.
1084 1348 1224 1407 Vicissim
1247 1352 1349 1408 autem
1372 1342 1635 1405 castellanusnibil

927 1441 965 1501 de
987 1457 1042 1501 suo
1065 1441 1103 1499 lbi
1125 1439 1210 1500 dedit
1232 1441 1289 1500 nisi
1312 1440 1405 1499 vitam
1429 1436 1461 1497 S.
1478 1437 1569 1498 ltochi
1583 1453 1637 1498 oon-

928 1537 1062 1596 iessoris
1085 1535 1102 1570 ¹*

967 1628 1118 1690 Martinus
1139 1627 1175 1688 de
1191 1626 1362 1708 hspilcucto
1378 1625 1583 1689 altinatis
1595 1625 1637 1685 ca-

927 1724 1025 1782 nonici
1043 1729 1074 1782 et
1090 1721 1196 1784 Civilis
1212 1720 1294 1782 luris
1311 1720 1586 1795 consultissimus,
1600 1735 1637 1778 na·

926 1821 977 1875 tus
1009 1815 1045 1875 Α.
1078 1816 1165 1876 ital.
1199 1817 1252 1875 llic
1274 1814 1481 1876 salmanticae
1503 1816 1635 1892 primun,

925 1909 1034 1970 deinde
1056 1908 1263 1969 Conimbricae
1283 1907 1339 1969 lus
1359 1908 1544 1970 Pontificum
1565 1907 1638 1968 doru·

928 2004 970 2079 it,
993 2003 1063 2063 hinc
1085 2005 1209 2063 Romam
1232 2003 1386 2081 pmleotus
1407 2004 1460 2063 Pio
1481 2003 1517 2063 V.
1547 2002 1639 2078 Gugo

928 2099 972 2157 rio
991 2098 1072 2158 xiil.
1096 2103 1127 2156 et
1149 2097 1235 2156 Sixto
1257 2096 1288 2157 V.
1311 2095 1426 2156 charus
1450 2096 1507 2156 luit
1528 2095 1639 2171 obiitque

927 2193 1042 2253 ltornae
1063 2190 1100 2251 h.
1123 2190 1211 2251 4586.
1230 2191 1339 2250 aetatis
1356 2190 1556 2267 nonagesimo
1571 2188 1639 2266 qrrin·

147 2286 328 2358 Esoulanus,
346 2274 875 2354 husolanuslsubPatriarchaGra-
929 2293 968 2345 ro,
1004 2286 1045 2345 Dp,
1075 2302 1136 2362 quo
1166 2283 1350 2344 Pancimnus
1370 2282 1410 2343 de
1432 2281 1525 2344 'claris
1545 2284 1639 2359 Legum

148 2358 876 2452 (4θῦ34,344444494404454448494484455·44440·
930 2379 1153 2456 interpretibus
1177 2380 1226 2438 lll.
1259 2376 1307 2438 tt.
1342 2378 1531 2438 Tamasinus
1551 2376 1578 2434 in
1595 2372 1641 2431 elo

150 2474 299 2534 stolorum
325 2470 517 2530 Venellorum
540 2464 687 2525 dioecesis
708 2461 876 2523 castellen·
929 2475 986 2551 gris
1006 2472 1041 2532 Α,
1066 2471 1155 2532 4630,
1176 2470 1267 2531 eggis
1288 2486 1357 2548 pag,
1376 2470 1425 2530 79,
1441 2469 1538 2530 panus
1558 2467 1641 2530 pig„

148 2569 191 2628 sis
212 2567 248 2626 h.
267 2564 355 2626 tatto.
373 2562 506 2622 scribere
523 2559 676 2619 inchoavit
697 2550 876 2631 Catulopem
928 2564 1120 2644 Erythraeus
1152 2566 1181 2624 p„
1217 2564 1320 2624 limine
1351 2541 1568 2640 pingcothpcae
1595 2558 1642 2636 pp.

149 2664 329 2723 Sanctorum
349 2673 419 2717 cum
438 2655 559 2714 4440444444
578 2653 704 2711 44443444
722 2663 877 2726 promen·
930 2676 1017 2719 mae:
1051 2660 1175 2718 lsaacus
1207 2657 1373 2718 Bullartius
1394 2663 1417 2715 t.
1439 2656 1459 2715 2
1480 2653 1641 2716 Academiae

149 2756 228 2815 sium
247 2767 373 2812 numero
389 2749 523 2808 divisum
541 2748 570 2804 in
591 2743 682 2803 libros
698 2743 765 2802 Xll.
784 2756 875 2817 quem
931 2753 1085 2812 scientiar,
1107 2768 1174 2830 pag,
1197 2753 1245 2812 30,
1267 2749 1409 2811 Ghilinus
1439 2756 1513 2810 tom,
1546 2751 1558 2808 4
1589 2761 1641 2824 pag.

146 2847 209 2931 jam
230 2845 399 2922 Episcopus
423 2840 553 2901 3448044144-
575 2837 632 2897 An.
656 2834 747 2897 4372.
767 2832 875 2894 Jacobo
933 2844 999 2904 168,
1015 2843 1152 2905 Andreas
1166 2845 1340 2920 saussayus
1352 2845 1381 2902 in
1397 2835 1642 2904 bellarminocon·

150 2938 189 2999 de
210 2938 347 3015 Vltagine
369 2934 426 3011 ((44
459 2950 519 3011 <111⁰
551 2948 644 3009 444944
673 2937 746 2989 mm·
769 2928 786 2987 4
808 2944 875 3004 pig·
931 2941 1049 3000 tinuato
1067 2955 1137 3017 pag.
1153 2941 1204 2999 30.
1217 2938 1367 3017 Dupinius
1386 2936 1463 2998 ltibl.
1485 2935 1644 2998 Ecclesiae.

151 3031 239 3104 alo.)
261 3036 292 3089 et
314 3028 420 3089 multis
441 3026 509 3087 aliis
529 3025 684 3102 diligentia
705 3028 736 3082 et
757 3018 877 3079 delectu
929 3041 1002 3093 lom,
1026 3035 1072 3095 46,
1095 3049 1160 3111 pag,
1183 3031 1332 3093 4354&
1357 3021 1500 3109 infimis
1517 3030 1577 3090 Nic·
1592 3026 1631 3088 p„

148 3121 374 3204 praeterendus.
396 3118 508 3180 Prodiit
529 3119 660 3197 primum
677 3116 703 3189 c)
722 3114 876 3173 vicentiae
930 3127 1033 3187 tonius
1054 3132 1126 3185 rom,
1149 3126 1168 3185 2
1190 3124 1266 3185 prbr,
1288 3140 1391 3184 nova„⁴
1408 3125 1493 3203 pipp,
1522 3140 1585 3201 pag,
1603 3117 1642 3180 74.

150 3217 240 3279 ilat.
262 3217 310 3276 iol.
332 3231 402 3275 cum
435 3212 588 3272 nonnullis
621 3212 801 3272 Sanctorum
821 3223 876 3265 nu·
931 3220 1332 3296 Spq,0r1uioefonust0m,
1365 3217 1391 3278 v
1421 3216 1642 3281 memoriarum,

144 3308 283 3390 4444444444
305 3306 559 3371 &mmmmm
579 3304 695 3384 898449,
729 3299 874 3378 sublectis
928 3312 1077 3372 editarum
1099 3311 1211 3372 Gallice
1232 3309 1270 3372 de
1293 3310 1483 3372 eruditorum
1502 3304 1643 3384 vitiesub

149 3404 186 3466 ab
206 3402 332 3463 4444401440
353 3400 437 3464 478440
450 3446 457 3474 ,
479 3401 572 3467 Nobili
595 3399 772 3477 vicentino:
796 3396 872 3455 Hinc
929 3407 994 3464 init,
1015 3406 1130 3484 Scripta
1164 3406 1287 3466 Navarfi
1315 3403 1448 3481 junctim
1470 3402 1553 3465 edita
1572 3402 1642 3462 Rom.

148 3498 332 3577 4434444444
355 3496 443 3558 4444·
462 3494 555 3573 Lusd·
577 3493 663 3553 4444Ι
681 3491 769 3553 4444·
787 3496 818 3548 rt
835 3505 871 3547 ex
931 3500 1019 3560 iseo.
1041 3499 1138 3575 tngo.
1156 3497 1246 3560 isar.
1270 3504 1303 3559 er
1324 3500 1438 3559 nomae
1459 3513 1496 3558 ae
1516 3493 1643 3559 veneria,

148 3589 359 3652 emendatione
388 3587 510 3649 4444444
538 3583 706 3648 0444444444
716 3628 724 3656 i
748 3583 873 3653 Veneti,
927 3609 1003 3670 quae
1025 3593 1140 3652 auctior
1161 3598 1209 3655 est
1231 3590 1324 3651 editio
1344 3591 1582 3652 commentarios
1599 3587 1643 3649 all·

149 3685 220 3747 Ord.
243 3682 346 3746 Praed.
368 3686 420 3762 qui
442 3689 473 3743 et
495 3683 560 3761 ipse
583 3678 667 3740 Vitas
687 3677 791 3756 plures
822 3673 875 3734 ad·
928 3691 1001 3763 quot
1017 3691 1086 3761 posi
1101 3686 1234 3744 auctoris
1247 3685 1362 3745 obitum
1376 3681 1643 3763 repertosetllltl.

149 3776 419 3851 elementato.
433 3777 608 3851 bilemque
625 3768 821 3849 Lugdittt.
834 3769 854 3827 i.
929 3776 958 3838 h,
990 3778 1130 3857 vulgaros
1163 3777 1253 3838 simul
1286 3777 1466 3857 complexa,
1500 3777 1586 3839 4602.
1605 3773 1643 3833 iol.

190 3869 208 3906 ⁸*
229 3869 390 3946 catalogus
423 3869 603 3928 Sanctorum
636 3864 764 3930 authore
786 3865 873 3922 Petro
928 3873 1041 3931 Tomos
1073 3873 1201 3948 quintus
1230 3878 1262 3931 et
1295 3877 1424 3944 sextus,
1456 3869 1644 3932 Consiliomut

151 3964 194 4022 lle
224 3961 381 4021 Natalibas
411 3962 559 4041 Episcopo
594 3959 734 4038 Equilino
765 3953 875 4033 prodiit
929 3981 982 4024 seu
1005 3965 1233 4043 Responsorum
1256 3962 1348 4024 libros
1369 3965 1508 4043 quinque
1528 3959 1644 4029 exhibet,

151 4052 293 4130 equidem
311 4056 442 4131 primum
455 4056 609 4113 vicentiae
626 4067 706 4112 anno
722 4047 875 4109 hicahno
928 4057 1026 4118 editos
1048 4059 1142 4117 etiarn
1167 4056 1262 4135 lugd.
1284 4053 1375 4118 itai.
1398 4056 1427 4115 4.
1448 4054 1568 4117 duobm
1590 4048 1646 4113 llol.

153 4151 216 4205 tato
242 4160 305 4205 cur.
338 4144 468 4204 Antonio
499 4146 593 4204 Verle.
624 4143 872 4205 Additamentum
927 4150 1065 4211 Manuale
1087 4151 1154 4211 sive
1177 4148 1373 4211 Enchiridiou
1394 4146 1647 4210 Gonlessariurum

152 4256 227 4299 vero
250 4239 287 4299 ab
308 4237 413 4297 eodem
436 4239 525 4298 Verle
552 4240 723 4299 coniectum
745 4243 793 4296 est
816 4251 874 4293 nou
929 4242 966 4304 ad
988 4243 1169 4321 Gregorium
1191 4243 1272 4304 xlll.
1293 4244 1379 4303 nom,
1401 4240 1539 4305 isam,
1553 4239 1649 4300 caete

154 4331 192 4391 de
205 4333 319 4393 sauciis
331 4332 540 4392 tantummodo
559 4335 729 4410 nuperrime
748 4326 877 4393 Cononi-
931 4352 964 4398 ra
986 4336 1189 4397 recensentur
1203 4336 1351 4396 distinere
1368 4336 1573 4407 apameiae,
1587 4325 1645 4391 ltel-

151 4427 249 4499 sotis;
267 4425 294 4484 id
307 4427 388 4484 enim
403 4425 505 4486 nullibi
524 4427 634 4505 legitur
651 4428 680 4484 in
699 4424 803 4485 eadem
825 4421 876 4483 ad·
930 4432 1057 4492 termino
1079 4437 1111 4490 ei
1132 4431 1290 4498 Niceronp.

153 4521 276 4594 ditione,
299 4518 353 4580 sed
375 4519 412 4580 de
434 4519 500 4580 aliis
522 4519 675 4579 nonnullis
696 4519 810 4578 sanctis
832 4518 876 4574 in·
970 4524 1084 4585 Omitto
1119 4524 1240 4583 Pernam
1276 4521 1506 4591 NAVARRUH,
1539 4520 1634 4581 Duceni

152 4615 381 4677 discriminatim
394 4660 404 4689 ,
419 4629 604 4691 quamquam
623 4614 717 4673 fateor
733 4611 809 4672 duos
827 4610 875 4670 vel
931 4620 1116 4696 Hispanum,
1138 4616 1189 4694 qui
1212 4616 1329 4694 primus
1346 4633 1401 4695 per
1416 4614 1567 4679 cuniculos
1583 4615 1628 4669 tor·

198 4818 223 4875 a)
239 4818 352 4865 niarium
369 4813 526 4865 cruditorum
552 4813 638 4863 ltaliae
662 4820 723 4864 tom.
741 4816 801 4861 tvl.
824 4824 882 4874 pag.
974 4816 1002 4874 p)
1025 4818 1060 4866 ld.
1076 4827 1134 4878 pag.
1150 4816 1206 4866 tiit.

150 4889 206 4940 tlt.
223 4903 278 4953 seq.
975 4892 1000 4950 ol
1015 4889 1042 4939 lul
1062 4901 1120 4951 pag.
1137 4889 1192 4939 loo.
