3368 5362
164 164 224 227 370
739 137 1063 202 nnucutnus

164 267 214 331 lib.
234 265 256 324 1.
273 257 506 338 Eoeccrptionem
520 249 672 313 Prisciani
681 245 731 311 lib.
747 249 769 307 1.
783 250 882 328 Super
981 241 1182 305 annutans
1201 243 1325 322 quidam
1347 246 1448 320 (torte
1466 247 1643 329 Roynaldnt

165 362 314 421 Donatum
340 351 389 414 lib.
407 352 434 410 1.
457 356 487 409 66
504 348 663 408 Sermones
687 340 805 403 multos.
832 342 882 401 Sic
945 340 1090 416 magister
1111 337 1194 397 sedis
1215 337 1469 415 Barcinonensis,
1494 344 1608 421 reliquit
1621 347 1645 406 li·

168 452 290 532 quidem
306 494 313 521 ,
331 447 380 524 qul
407 444 476 503 hinc
505 438 574 499 6666
602 455 619 498 6
646 437 795 514 catalogis
825 451 884 494 non
942 432 1029 492 brnm
1051 432 1112 492 RS.
1132 429 1169 491 de
1185 430 1326 511 passione
1345 434 1378 494 S.
1397 431 1540 496 86161666
1558 438 1645 498 Rosci·

170 545 245 607 adeo
262 540 421 601 certisista
437 532 632 609 collegerunt.
650 528 708 588 Sed
727 526 795 587 vide
809 543 886 604 quae
942 524 1098 598 nonensis,
1119 540 1179 603 quo
1202 541 1292 587 usum
1317 542 1352 587 se
1382 531 1428 597 ait
1455 527 1646 608 Hieronymus

168 651 259 715 snpra
276 630 312 692 ad
331 630 422 688 finem
439 624 477 684 de
492 623 627 698 Remigio
644 619 887 681 Autissiodoren·
943 617 1070 694 Puludes
1085 621 1115 678 66
1131 620 1257 680 Historia
1271 621 1466 699 Principatus
1485 620 1646 686 cataloniae.

168 714 202 790 66.
218 729 296 787 Raso
310 715 494 781 Possevinus
509 721 530 773 t.
547 714 572 774 ll
588 713 758 790 Apparatus
772 729 800 788 p.
816 711 884 770 320.
941 711 1646 794 16666161666668661.116666666666116011.

209 813 408 885 RElthlUS,
426 811 593 887 Episcopus
607 804 778 876 Ramensis,
797 810 887 863 natus
980 801 1159 865 RENATUS
1176 802 1364 884 Profuturus
1383 805 1555 884 8696666666,
1570 812 1647 871 116666

169 908 483 975 6.139.66666666666
498 916 524 959 a.
542 899 608 958 161.
623 904 760 959 mortuus
775 913 801 956 a.
817 896 885 956 533.
943 897 1043 968 66666,
1065 896 1154 976 cuius
1173 899 1309 958 meminit
1324 900 1495 978 Gregorius
1516 904 1646 965 1666666

169 1002 332 1082 Apostolus
345 996 509 1058 Galliarum
525 1036 531 1065 ,
549 993 661 1069 quique
678 988 884 1050 chlodoveum
943 989 986 1046 sis
1007 988 1081 1048 16666
1103 989 1138 1048 ll.
1162 992 1234 1051 Rist.
1257 993 1366 1051 Rranc.
1402 1006 1406 1012 ·

166 1099 269 1158 Remis
286 1090 480 1153 sanctissimo
497 1086 616 1145 1666666
644 1083 782 1143 initiavit.
809 1081 887 1162 Ejus
986 1079 1180 1156 1186166118,
1220 1082 1447 1146 Vindocinensis
1472 1090 1646 1165 6666661666,

168 1193 287 1249 restant
300 1189 418 1244 tantum
438 1176 586 1258 Epistulae
603 1181 754 1255 quattuor,
770 1176 799 1233 in
819 1176 875 1233 Fre
945 1179 975 1233 et
997 1175 1106 1248 Poeta,
1128 1192 1166 1234 ex
1188 1174 1296 1234 codice
1314 1177 1409 1254 Regio
1426 1180 1569 1241 66161666
1588 1183 1649 1242 cna

169 1281 234 1340 heri
257 1279 365 1354 Script.
388 1275 462 1333 Rist.
484 1271 644 1330 Francicus
666 1268 717 1326 t.l
737 1265 887 1344 pugilli.
944 1266 991 1343 gio
1014 1266 1043 1323 in
1067 1264 1167 1325 ludica
1187 1265 1368 1329 ductorum.

169 1371 264 1434 Andr.
286 1369 328 1429 du
349 1366 469 1426 thsne
490 1370 561 1421 tum.
585 1360 642 1437 lp.
661 1360 719 1418 819
745 1357 889 1418 Concilio·
985 1357 1210 1433 RENAUDUS,
1231 1359 1297 1420 aliis
1329 1360 1515 1424 Bernartius
1542 1365 1586 1426 vel
1601 1367 1646 1425 16-

171 1480 238 1526 runa
261 1463 419 1539 Regiorum
442 1464 513 1516 tom.
537 1455 573 1514 lV
597 1471 625 1531 p.
647 1452 733 1513 ⁴268.
758 1452 844 1511 1101.
858 1457 890 1510 61
943 1445 1069 1522 ualdus,
1103 1448 1204 1513 Abbas
1234 1453 1517 1530 lturimuadensis,
1535 1456 1601 1517 66666
1625 1476 1647 1518 a.

170 1557 259 1619 6608.
280 1561 312 1614 66
333 1556 361 1611 66
384 1551 497 1611 11661666
520 1547 671 1624 Metropoli
689 1546 828 1605 Remensi
851 1544 886 1603 ll.
945 1541 1032 1603 1311.
1054 1544 1175 1620 scripsit
1193 1543 1285 1603 Vitam
1301 1545 1335 1605 S.
1355 1541 1573 1624 cumanam,
1586 1567 1646 1628 quae

172 1651 200 1709 8.
223 1655 254 1709 61
276 1650 322 1708 11.
342 1644 420 1706 6666
452 1641 488 1702 66
520 1639 726 1704 chlodoveum
757 1639 887 1713 Regem,
943 1641 1045 1694 exstat
1065 1636 1144 1712 apud
1168 1636 1290 1697 Surium
1312 1637 1343 1697 6.
1366 1638 1419 1700 25.
1441 1641 1527 1701 16166.

175 1744 204 1801 66
226 1739 375 1819 Operibus
396 1736 528 1813 Gregorii
557 1733 742 1793 Turonensis
773 1745 789 1789 a
821 1731 890 1791 1166-
984 1729 1050 1789 Car.
1072 1728 1111 1789 66
1132 1728 1316 1791 1116668661.
1338 1731 1491 1810 Scriptus.
1522 1733 1589 1796 066.
1612 1737 1645 1796 dt

171 1841 257 1895 nasto
278 1831 367 1892 editis
398 1847 425 1908 p.
461 1827 548 1889 1606.
584 1825 800 1884 Testamentum
822 1816 889 1898 6666
945 1822 1122 1881 sterciensis
1140 1839 1170 1900 p.
1191 1821 1242 1883 31.

169 1925 341 2005 producunt
361 1920 545 1984 Flodoardus
576 1921 651 1979 Rist.
685 1918 771 1977 Rem.
795 1918 814 1976 l.
840 1916 888 1976 18.
984 1914 1239 1990 RESTITUTUS,
1260 1917 1386 1977 natione
1409 1920 1646 1994 866166666,16·

171 2019 343 2078 8666666666
353 2014 391 2074 66
406 2013 542 2074 formulis
557 2009 769 2071 1661611666.
787 2010 890 2069 116666
944 2005 1173 2087 ohiepiscopus,
1195 2015 1229 2069 61
1242 2006 1351 2085 ajunt,
1370 2011 1582 2082 Loudineusis,
1593 2017 1646 2074 666-

171 2126 210 2170 66
229 2109 306 2186 Opp.
337 2105 601 2182 Diplomaticorum
623 2109 655 2161 66
675 2103 888 2162 Rtstoricurum
945 2113 999 2160 sus
1020 2117 1037 2159 a
1058 2101 1256 2191 Constantino
1288 2102 1421 2180 angliae
1453 2106 1535 2186 Rege
1553 2124 1577 2168 a.
1595 2107 1645 2168 360.

173 2208 246 2260 tom.
268 2201 278 2259 l
301 2197 359 2258 sub
381 2197 510 2255 initium.
538 2192 675 2254 labbeus
706 2193 780 2254 Bibl.
812 2209 889 2253 nova
945 2190 982 2252 ad
1004 2191 1212 2255 Arelatensem
1234 2195 1397 2273 synodum
1417 2198 1646 2273 inGalliam‚ubi

172 2292 255 2352 MSS.
278 2297 349 2350 tom.
373 2290 384 2348 l
407 2305 436 2366 p.
462 2285 532 2346 806.
565 2288 694 2347 8666666
727 2284 806 2345 idem
838 2286 890 2345 166-
946 2301 1015 2345 cum
1033 2285 1647 2354 1161666686616666666666666666616166666

172 2399 262 2444 66666
284 2399 314 2459 p.
334 2381 402 2442 696.
423 2379 566 2441 llarlotus
596 2380 632 2438 ll.
665 2381 712 2440 16.
739 2379 845 2439 cointe
867 2384 888 2437 t.
945 2379 1045 2438 traxit.
1074 2380 1201 2459 Scripsit
1230 2379 1267 2442 de
1297 2379 1480 2446 Arelatensi
1497 2385 1646 2467 86666661

170 2477 182 2537 1
205 2494 232 2555 p.
255 2473 322 2534 107.
343 2476 387 2532 lo.
408 2475 472 2533 lac.
495 2472 665 2533 chiffletius
687 2473 716 2530 in
738 2473 888 2549 Disquisi-
944 2470 1094 2550 Epistulas
1114 2472 1157 2533 od
1177 2470 1340 2534 Hilarium.
1362 2478 1480 2540 Rnleus
1497 2480 1645 2541 Cantaull

171 2570 251 2629 tione
272 2567 310 2627 66
331 2565 471 2645 Ampulla
492 2567 643 2625 Remensi.
666 2566 705 2624 Et
720 2563 774 2624 hoc
794 2565 889 2640 magis
946 2565 974 2623 5.
996 2564 1116 2625 Pitseus
1137 2582 1162 2625 c.
1186 2566 1257 2627 350.

148 2711 152 2719 .
171 2663 337 2739 genuinum
359 2666 425 2718 est:
449 2657 662 2736 interpolatum
685 2673 757 2716 vero
793 2659 891 2734 suspi·
985 2657 1209 2734 RRTRlClUS,
1230 2661 1406 2742 Episnopus
1429 2665 1598 2744 AEdueusis,
1616 2669 1650 2725 vi-

170 2754 287 2812 cionem
306 2752 521 2828 suppositionis
539 2757 649 2810 movet.
668 2750 754 2811 Plura
771 2751 891 2811 1666666-
940 2747 983 2809 -de
1005 2750 1082 2811 66666
1103 2752 1316 2816 RHETlclUS.
1377 2756 1384 2767 '

172 2860 222 2904 res
242 2843 280 2903 de
301 2845 440 2903 Trevoun
465 2841 551 2904 6710.
575 2860 602 2921 p.
626 2843 713 2904 1968.
736 2850 767 2903 66
785 2844 892 2903 1166166-
985 2838 1114 2903 loannes
1130 2843 1397 2924 annuntians,
1413 2850 1533 2915 Graece
1550 2853 1651 2934 Copais,

171 2935 268 2996 re'lit.
290 2934 328 2994 66
350 2936 377 2995 16
397 2936 510 2995 Franco
531 2941 552 2994 t.
576 2935 615 2994 lll
639 2953 667 3014 p.
690 2936 757 2995 655.
946 2940 1036 2994 66166
1057 2935 1187 2998 Phorcae
1209 2941 1239 2998 iu
1260 2941 1477 3012 ldarchionatn
1497 2946 1617 3008 11666666
1632 2964 1653 3006 a.

213 3024 446 3087 Declamationes
467 3043 534 3104 ejus
554 3044 571 3087 a
594 3027 715 3088 Sidonio
742 3025 892 3105 Apollina—
947 3027 1034 3087 1155.
1058 3045 1168 3090 nomen
1187 3034 1265 3093 66666
1285 3032 1429 3096 66666166
1450 3039 1597 3101 celebrius
1609 3044 1653 3111 est,

174 3117 329 3181 661667.
352 3119 490 3181 laudatae
513 3122 703 3181 interierunt.
945 3135 1036 3197 quam
1060 3126 1094 3181 ut
1115 3123 1252 3201 pluribus
1273 3124 1310 3185 de
1338 3129 1405 3188 vita
1440 3130 1524 3193 ulnus
1555 3146 1655 3194 mmm

211 3211 441 3287 8811118008,
463 3212 565 3275 abbas
585 3209 800 3274 Ebs'rbocensis
814 3257 833 3301 ,ἢ
847 3215 892 3272 vi·
945 3211 1120 3275 debeamus.
1141 3215 1206 3276 Non
1228 3218 1327 3280 solum
1350 3222 1381 3280 iu
1407 3227 1543 3303 negotiis
1565 3225 1656 3285 Princi-

172 3306 210 3367 de
232 3323 323 3384 supra
344 3303 576 3368 RdlldUNDUS.
840 3302 844 3311 '
946 3321 1019 3381 pum
1034 3314 1068 3368 et
1082 3309 1264 3386 reipublicae
1282 3320 1432 3375 versatus
1446 3325 1507 3392 est,
1521 3317 1655 3378 sedetiam

218 3398 895 3477 1181116886666666666666666.116555.
947 3395 985 3456 66
1006 3398 1094 3460 bouis
1126 3400 1254 3476 litteris,
1281 3405 1488 3471 orientalibus
1519 3411 1656 3489 praecipue

213 3492 427 3565 RENALDUS,
443 3491 610 3553 monachus
630 3489 892 3566 diorimundensis,
949 3491 1158 3553 immortaliter
1179 3497 1326 3571 meritus,
1341 3501 1461 3580 qnippe
1475 3519 1556 3581 quae
1574 3509 1656 3564 66666

172 3588 243 3648 066.
264 3587 495 3658 cisterciensis,
517 3585 619 3645 seculo
652 3586 787 3659 incerto,
820 3586 894 3644 scri·
949 3585 1093 3646 iacobum
1116 3587 1357 3667 Rochstratum,
1379 3592 1560 3658 baereticae
1579 3595 1656 3675 pmii

173 3682 235 3758 psit
256 3682 415 3742 Sermones
437 3677 473 3736 de
496 3681 624 3756 tempore
645 3681 674 3735 et
693 3675 831 3750 Sanctis,
859 3675 896 3735 de
950 3679 1022 3739 tatis
1043 3681 1251 3757 inquisitorem
1274 3699 1345 3744 curn
1368 3689 1511 3763 periculo
1528 3691 1603 3751 vitae
1618 3687 1657 3746 de

174 3770 312 3833 Adventu
334 3776 364 3831 ct
383 3767 644 3847 Quadragesirno,
667 3773 696 3828 et
726 3766 762 3828 de
793 3768 896 3829 666666-
952 3770 1057 3832 166666.
1069 3774 1250 3852 Vitamejus
1263 3775 1448 3840 describunt
1465 3783 1606 3862 singulari
1620 3794 1656 3838 vo

181 3861 310 3923 tionibus
330 3862 445 3923 ordinis
468 3860 681 3923 cisterciensis.
702 3862 770 3922 car.
791 3861 829 3922 de
850 3863 898 3921 Vi·
950 3864 1063 3926 lumine
1094 3869 1139 3926 lo.
1168 3869 1257 3928 11666.
1278 3869 1398 3946 116666,
1421 3874 1566 3949 Durlaoi,
1587 3871 1653 3935 1101.

175 3955 229 4015 666
260 3956 333 4016 8661.
361 3957 547 4033 Scriptorum
580 3953 651 4013 066.
683 3954 895 4016 cisterciensis
950 3954 980 4016 8.
1002 3959 1171 4036 impresso,
1193 3959 1361 4022 Niceronus
1382 3970 1470 4025 tomo
1502 3968 1585 4028 XXV
1606 3981 1653 4044 pag.

176 4064 206 4124 p.
227 4047 296 4107 385.
318 4050 459 4108 Fortasse
482 4048 560 4108 idem
582 4054 630 4107 est
651 4043 811 4109 Renardus
832 4047 896 4108 lta
951 4048 1018 4110 101.
1041 4051 1145 4111 116166.
1169 4052 1276 4114 Adami
1299 4056 1328 4112 in
1352 4057 1429 4116 vitis
1450 4060 1602 4122 ictorum.

176 4135 340 4210 dunensis,
362 4138 450 4214 cuius
472 4136 584 4198 librum
601 4138 717 4199 666166
737 4140 897 4198 manacta-
1161 4143 1277 4222 Scripta
1297 4147 1474 4210 [teuchum

174 4244 244 4289 rum
267 4227 357 4287 habet
378 4230 452 4289 8661.
475 4232 564 4293 Vallis
587 4233 617 4293 S.
647 4234 765 4293 Martini
800 4231 896 4292 Lava·
991 4232 1263 4316 Progymnosmoto
1294 4240 1438 4319 scenico,
1462 4261 1520 4307 seu
1544 4244 1650 4308 1616666

176 4325 241 4395 nii.
264 4327 343 4383 teste
365 4321 427 4380 Val.
449 4322 568 4384 Andrea
590 4326 663 4385 Bibl.
679 4326 797 4405 Belgica
815 4326 895 4386 MSS.
951 4314 1256 4390 Proeoeercitamenta
1276 4331 1363 4391 narii
1378 4338 1529 4413 generas,
1551 4342 1609 4399 sine
1624 4335 1650 4393 la

175 4418 213 4479 11.
234 4433 301 4496 pag.
325 4413 398 4477 223.
952 4435 1007 4495 co,
1030 4439 1083 4500 pur
1103 4424 1147 4482 lo.
1169 4424 1317 4502 Bergman
1351 4425 1390 4488 66
1424 4431 1515 4509 Olpe.
1542 4426 1649 4492 11966
1677 4410 1680 4418 ’

216 4508 418 4571 RENALDUS
440 4504 475 4567 de
496 4505 582 4566 Novo
602 4507 696 4584 oilla,
719 4511 839 4588 scripsit
860 4509 896 4570 de
952 4513 1123 4573 ldunasterii
1147 4515 1385 4579 1509111666
1409 4523 1581 4584 Commeat.
1605 4520 1649 4578 lat

176 4611 244 4665 orte
266 4602 426 4684 capranica,
448 4597 528 4679 quod
550 4603 776 4677 6666166666
798 4606 827 4663 iu
850 4606 898 4664 Bi·
955 4606 1076 4683 Spigelii
1110 4607 1189 4686 apud
1221 4609 1401 4672 anselmum
1438 4618 1527 4678 6513.
1548 4616 1649 4689 11666

177 4698 215 4756 bl.
249 4697 337 4774 Regia
372 4692 896 4763 16666666,866666611661666666
953 4699 1014 4758 lac.
1048 4697 1190 4760 Thauner
1224 4703 1310 4763 1511.
1336 4704 1364 4764 1.
1387 4705 1460 4768 ibid.
1483 4727 1536 4787 per
1560 4708 1648 4768 1161661

178 4788 253 4847 8661.
277 4789 528 4850 866166166666666
552 4783 633 4846 MSS.
657 4804 684 4863 p.
701 4787 771 4848 710.
957 4791 1130 4853 8616666666
1156 4795 1242 4855 1515.
1266 4797 1293 4854 t.
