3368 5362
150 188 190 249 sa
698 183 1121 248 NEBlilSSENSlS

152 296 189 355 lis
220 302 345 357 auctum
380 294 586 355 Nebrisscnsis
619 294 683 371 ipse
716 293 873 370 vulgarit,
970 292 1426 375 Sedulr'iopusPascbalcctin
1445 305 1633 371 illudeuarra·

150 389 334 449 editionibus
350 395 453 449 autem
470 388 606 465 pluribus
621 392 686 464 post
702 386 782 446 illius
797 404 875 446 mor·
930 386 1035 446 tiones.
1052 389 1202 468 Compluti
1218 394 1306 455 4544.
1325 397 1354 456 4.
1369 404 1403 457 44
1420 399 1511 460 444444.
1526 403 1593 463 44444
1611 405 1632 463 8

151 490 213 543 4444
235 484 371 560 repetitis
393 489 423 542 et
443 481 460 541 d
481 483 542 543 liic.
564 481 695 541 Antonio
718 496 782 557 pag.
806 480 873 540 407.
929 495 998 539 cum
1014 481 1159 543 iuvenco:

152 576 327 636 memoratis
354 574 490 637 addenda
525 574 648 647 melior,
669 588 815 650 expressa
836 590 873 632 ex
968 574 1125 651 Seqmenla
1142 577 1342 657 exspirata
1359 584 1463 660 Pauli,
1487 588 1633 662 Petri,la·

150 668 342 742 bladritensi,
364 677 396 727 et
428 670 520 729 variis
550 685 609 726 non
641 665 874 727 contemnendis
928 664 1012 737 cubi,
1034 664 1158 729 loannis
1174 676 1206 730 et
1223 688 1261 731 44
1277 672 1436 753 Prophetis
1458 677 1581 757 legenda
1599 699 1637 760 per

150 762 327 841 locupletata
359 760 610 833 accessionibus,
632 761 661 819 in
684 759 783 819 lucem
804 759 874 819 data
930 758 1001 815 anni
1029 760 1185 822 circulum.
1213 764 1373 827 Orationes
1394 770 1463 831 sive
1493 782 1637 850 processi

150 854 287 933 Lugduni
306 852 393 916 4683.
417 854 465 913 444.
488 853 525 912 de
548 870 608 930 quo
629 853 705 914 dcta
732 852 824 913 Erud.
842 852 875 912 44-
929 850 1042 928 Hymni
1053 868 1122 913 cum
1140 859 1637 934 expositionc.,llaorilinedirsrro.

150 948 209 1007 iius
226 949 295 1009 anni
315 966 380 1028 pag.
400 947 645 1008 225.Tirooibus
670 947 765 1024 magis
782 962 873 1023 quom
930 957 997 1001 rum
1019 942 1183 1008 ductorum
1207 949 1238 1009 in
1257 950 1425 1030 Evanyelin
1445 973 1502 1034 per
1529 975 1636 1023 annum

56 1030 61 1041 “
148 1041 389 1117 provectioribus
407 1041 481 1100 utils
499 1040 554 1101 boc
573 1040 701 1098 Lexicon
722 1045 806 1098 notat
827 1039 877 1098 lli·
929 1031 1078 1097 Granatae
1095 1040 1182 1100 llili.
1206 1043 1233 1100 4.

150 1148 204 1193 res
223 1134 271 1193 lib.
286 1135 313 1194 3.
329 1134 367 1195 de
382 1132 538 1194 tradendis
551 1132 722 1211 disciplinis
737 1149 803 1211 pag.
815 1132 874 1191 996
970 1127 1240 1209 Sanctorurndcla,
1252 1137 1318 1197 sive
1330 1139 1412 1199 Vrloe
1422 1142 1572 1219 quaedm
1582 1162 1636 1208 auu

150 1242 202 1304 pro
223 1227 272 1287 illa
295 1235 396 1287 tamen
415 1233 515 1287 aetate
543 1225 581 1285 de
607 1224 757 1285 industria
774 1231 806 1283 et
824 1223 875 1283 do·
933 1217 1137 1287 additionibus
1151 1229 1375 1307 marginalibus.
1392 1234 1535 1298 Lucrunii
1548 1239 1624 1303 rau.

150 1320 246 1378 ctrina
261 1322 394 1380 auctoris
411 1322 517 1379 testari
535 1320 610 1378 satis
624 1324 735 1395 potest.
971 1313 1117 1377 Hamillus
1140 1323 1202 1380 lrer
1222 1320 1259 1381 ad
1276 1325 1414 1387 iuvenes
1429 1326 1471 1390 dc
1488 1332 1575 1393 vinea
1593 1335 1637 1411 spi

190 1408 238 1470 De
251 1428 339 1484 osse,
358 1415 462 1473 Latiae
479 1419 512 1471 44
528 1410 708 1488 liispauicc,
724 1406 760 1469 ad
776 1407 877 1467 Elisa·
931 1406 1050 1481 rituali,
1075 1417 1176 1471 exstat
1193 1412 1223 1472 in
1241 1415 1542 1501 onnodoxograpbir
1562 1427 1632 1489 444444.

151 1502 275 1565 4444444444
298 1505 453 1583 Reginam.
937 1498 1021 1558 ⁴569·
1046 1501 1094 1561 fol·
1109 1520 1175 1583 pag.
1197 1507 1285 1569 4934.

191 1592 233 1654 De
251 1593 415 1655 Sestertiis.
1111 1596 1154 1656 De
1175 1596 1282 1663 44448444
1303 1601 1477 1670 Hebraicis.

189 1683 873 1767 lieDipilorunrupputotiono.Granatoe{535
971 1685 1205 1768 Quirrquapenae
1220 1696 1282 1754 tres
1298 1692 1433 1759 locorum
1450 1717 1560 1765 444444
1571 1706 1634 1768 sen·

191 1779 373 1860 4449444444
400 1778 630 1853 domanradar,
661 1795 700 1841 44
727 1777 873 1857 Stephani
926 1780 1041 1855 pluras
1055 1797 1113 1840 non
1126 1781 1634 1877 vulparinrenarrutorunrcoorpr·

149 1877 235 1937 Plisci
254 1874 452 1953 synonymia
462 1873 659 1951 Antiquariae
678 1872 767 1934 4486.
785 1872 812 1931 4.
830 1880 874 1931 te·
929 1872 991 1930 suit
1012 1871 1239 1951 Nebrissensis,
1260 1896 1329 1941 cum
1347 1882 1538 1951 deordinari
1556 1891 1634 1952 44444

149 1977 196 2029 444
214 1970 275 2029 iiic.
293 1970 435 2028 Antonio.
930 1966 978 2022 nio
1006 1975 1164 2045 cooptatus
1185 1979 1269 2031 esset
1295 1975 1375 2039 inter
1399 1995 1454 2039 eos
1480 1984 1534 2061 qui
1553 1984 1634 2045 444444

191 2061 322 2122 Leoeicmr
339 2058 606 2120 Ladnodallieurn
621 2060 704 2121 Paris
720 2059 809 2120 4599.
824 2059 875 2118 Di·
929 2056 1199 2137 Complutensibus
1221 2067 1250 2125 in
1270 2066 1371 2131 luceru
1389 2071 1519 2137 edendis
1533 2093 1634 2156 oponn

149 2154 333 2214 ctionorium
355 2151 505 2232 trilirrpue.
521 2152 618 2214 Gadd.
931 2166 1017 2211 suam
1038 2153 1228 2217 addixissent
1241 2174 1311 2223 cum
1329 2162 1482 2227 9444444444
1494 2169 1634 2233 4444444

193 2248 236 2308 De
252 2244 355 2307 liberis
373 2246 546 2309 educandis.
931 2247 1033 2320 tensi,
1051 2247 1160 2309 llidaco
1180 2251 1287 2328 Lopida
1303 2255 1443 2332 Stnnica,
1466 2262 1633 2325 seminudo

195 2338 376 2402 collationes
391 2339 611 2420 Anlr'quilalunr
625 2339 663 2400 ad
678 2343 823 2401 loannem
838 2340 876 2400 de
932 2336 1025 2397 Nonio
1041 2343 1199 2418 Pinciano,
1212 2344 1338 2424 aliisque
1350 2370 1360 2408 :
1372 2353 1428 2413 sed
1439 2355 1634 2437 quirrpumsro

152 2436 303 2511 Ponseca,
328 2434 517 2495 Palentinum
548 2436 750 2514 Episcopum,
778 2433 876 2495 editae
933 2431 1021 2491 444444
1036 2440 1155 2496 mutum
1172 2437 1269 2499 lucem
1284 2440 1368 2516 vidit,
1383 2462 1477 2509 voces
1492 2450 1634 2512 84444444

152 2529 273 2606 llispali.
933 2522 1098 2587 litterarum
1117 2531 1334 2612 quinquaginta
1361 2538 1482 2602 erudita
1499 2543 1634 2607 illustrans

192 2619 433 2702 Elymolopicon,
451 2638 512 2683 non
526 2620 643 2683 editum
659 2629 693 2681 ut
711 2621 843 2682 ridetur.
931 2617 1034 2680 ordine
1051 2621 1256 2699 dlpbabetico.
1282 2628 1375 2689 Paris
1402 2633 1493 2695 ⁴52⁰.
1515 2637 1542 2696 4.
1562 2635 1636 2699 llasil.

193 2714 277 2775 Artis
302 2713 481 2776 lllretoricae
498 2713 711 2792 compendiosa
728 2715 876 2791 coaptatio
932 2710 1017 2772 4543.
1034 2713 1061 2773 8.
1074 2722 1106 2774 44
1119 2731 1189 2775 cum
1200 2715 1307 2795 angeli
1319 2720 1438 2785 Caninii
1450 2727 1637 2791 locisilebrai·

153 2824 191 2867 or
203 2807 373 2879 Aristotele,
384 2806 529 2867 Cicerone
541 2814 573 2865 44
583 2806 775 2877 Quintiliano.
789 2805 878 2869 Gom·
928 2808 973 2865 cis
994 2808 1067 2868 Novi
1087 2809 1170 2868 4444.
1185 2808 1384 2892 tntwerpiae
1400 2818 1490 2881 4800.
1506 2824 1534 2883 8.
1551 2840 1637 2885 recen.

153 2898 228 2977 pluti
248 2899 336 2960 4549.
355 2900 383 2958 8.
400 2899 550 2960 Granatac
566 2900 653 2959 4583.
930 2904 1016 2958 444444
1028 2899 1164 2978 Gaspsre
1176 2903 1368 2985 Bellero,qni
1380 2918 1415 2971 et
1429 2912 1638 2994 (4444444444-

193 2990 287 3052 ludex
308 2993 468 3053 verborum
491 2999 632 3053 veterum
647 2999 678 3052 et
692 3008 758 3053 raro
785 2994 877 3053 usita-
932 2993 1000 3051 rerii
1019 2993 1262 3057 dissertationem
1281 2998 1319 3061 de
1336 3003 1450 3081 Ophira
1467 3008 1637 3089 rognnead·

152 3090 252 3144 torum
267 3084 347 3162 apud
362 3084 541 3159 Terentium,
553 3085 658 3146 ordine
673 3085 876 3164 alphabetico,
930 3086 1035 3148 iunxit.
1048 3086 1161 3149 llecusa
1180 3096 1227 3149 est
1243 3091 1317 3153 baec
1331 3098 1558 3181 quinquageno,
1570 3104 1636 3164 sicin

154 3192 215 3238 una
228 3194 299 3238 curn
313 3176 499 3251 dictionario,
513 3179 563 3239 cui
574 3180 664 3239 etiarn
673 3175 778 3254 juncta
791 3195 876 3258 prae·
930 3180 1046 3240 Caninii
1063 3187 1095 3238 et
1112 3181 1239 3244 llarrerii
1258 3185 1319 3265 jam
1347 3189 1449 3253 dictae
1475 3195 1638 3259 lucubratio

154 3278 200 3331 ter
218 3268 370 3331 Valerium
386 3267 517 3331 Probum
532 3270 570 3331 ds
587 3274 666 3331 notis
682 3273 874 3348 antiquarum
932 3289 986 3332 nes
1003 3290 1122 3352 quoque
1137 3277 1165 3335 in
1184 3277 1303 3340 Critiois
1326 3286 1424 3345 sacris
1449 3290 1556 3370 Anglis
1575 3292 1636 3351 lou

153 3365 320 3426 litterarum
336 3408 343 3437 ,
369 3361 465 3424 Verba
484 3366 592 3444 depum
606 3366 671 3426 ill.
690 3362 875 3424 Tabularum
929 3364 1012 3437 dini,
1030 3368 1217 3429 Francolurti
1232 3378 1264 3430 et
1278 3372 1502 3443 dmstelodami
1516 3384 1636 3451 4444444,

152 3475 190 3519 cx
206 3458 329 3535 dymari
342 3458 461 3518 ilirallii
476 3459 645 3538 Allobrogis
656 3458 780 3519 historia
793 3457 874 3516 luris
931 3466 1011 3520 tomo
1032 3468 1148 3522 octavo.
1172 3463 1390 3547 Quinquagena
1423 3476 1522 3552 primu
1546 3483 1576 3538 44
1599 3491 1637 3535 aa

153 3550 266 3612 Civilis.
625 3580 630 3595 ›
931 3552 1030 3612 currda
1048 3569 1211 3633 suppressa
1226 3564 1275 3620 444
1289 3578 1343 3640 per
1357 3579 1524 3631 censuram
1550 3567 1635 3631 444440Ι

191 3645 363 3722 Ecphrases
388 3646 418 3704 in
451 3641 629 3722 l’irpilium,
646 3644 684 3705 ad
711 3658 787 3704 usas
807 3644 878 3701 tiro-
932 3644 1047 3719 bezae,
1076 3648 1283 3728 Dominicaui,
1309 3654 1451 3738 Episcopi
1486 3662 1635 3733 Poleatiui,

152 3752 235 3796 num,
257 3737 408 3798 eramiae
431 3737 518 3800 4546,
540 3737 569 3798 a,
931 3739 981 3814 qui
1001 3744 1073 3798 tuuc
1087 3741 1298 3819 inquisitorem
1312 3747 1486 3815 baereticae
1495 3755 1635 3835 pmvintir

194 3831 227 3889 ln
251 3829 388 3890 Perseum
414 3834 506 3892 Paris.
538 3830 626 3892 tasi.
652 3831 679 3891 8.
705 3830 785 3909 apud
806 3831 878 3891 liob.
933 3833 962 3890 in
981 3833 1119 3910 llispanis
1133 3837 1259 3915 agebat,
1275 3848 1382 3918 postea
1397 3844 1634 3928 Ambiepieoopu

154 3919 340 3997 Stephanum
359 3930 389 3982 44
404 3926 540 3985 Lucrnnii
560 3926 647 3985 4599.
664 3924 693 3983 8.
931 3924 1123 4003 Hispalensis.
1141 3930 1295 4007 Siquidem
1317 3937 1387 3995 uta
1410 3935 1596 4003 Nebrisseosi
1609 3954 1632 3999 rr

194 4013 227 4072 ln
257 4001 454 4090 iuvenalem,
471 4020 499 4077 in
524 4017 697 4079 obscuriora
723 4016 825 4090 Plinii,
844 4018 874 4077 in
929 4015 1065 4097 apolopr'a
1080 4019 1122 4081 ad
1137 4021 1302 4085 Ximanr'urn
1315 4032 1343 4099 al
1355 4031 1505 4109 scriptum
1519 4042 1583 4107 cst,
1595 4030 1633 4093 44

153 4100 334 4180 imorem,
353 4109 481 4169 necdum
495 4115 528 4168 ut
545 4119 617 4187 puto
633 4111 723 4172 edita.
929 4127 987 4171 aru
1002 4111 1051 4173 ille
1065 4114 1195 4177 Proerul
1209 4118 1239 4178 in
1254 4124 1316 4181 toro
1332 4128 1509 4200 quaesitoris
1529 4144 1584 4189 rua
1597 4124 1631 4185 or

195 4199 228 4258 44
246 4198 401 4261 Prudenlii
424 4201 555 4278 hymnos
572 4205 636 4264 sire
656 4206 765 4266 librum
787 4201 876 4265 44494·
930 4201 972 4264 nil
986 4206 1081 4284 alapis
1098 4205 1275 4287 laborabat,
1289 4228 1384 4292 quum
1398 4216 1576 4281 arduum
1587 4215 1630 4277 lrrr

152 4276 268 4370 prnsus
298 4301 330 4354 et
361 4298 391 4355 in
425 4294 709 4372 Psycbomacbiam,
737 4301 873 4360 Lucronii
925 4313 1059 4376 quartuor
1075 4302 1245 4378 (Hebraicae
1260 4312 1293 4367 et
1308 4307 1452 4389 Graecae)
1474 4330 1517 4375 esc
1537 4308 1629 4393 pailet

157 4386 245 4447 4448.
265 4388 292 4445 4.
309 4386 397 4447 4444.
417 4387 561 4450 Sicbardo
583 4399 760 4453 recensente
784 4394 872 4453 Basil.
927 4391 1150 4471 reliqionortrn
1160 4397 1288 4478 pendet,
1311 4416 1409 4482 noque
1434 4403 1529 4469 ullust
1553 4402 1625 4467 4444

154 4480 242 4542 isto.
264 4479 293 4540 8.
310 4488 341 4540 44
359 4483 387 4540 44
410 4479 572 4542 Prudentia
591 4485 714 4545 loannis
732 4489 872 4563 Weitzii,
925 4485 1010 4564 pium
1031 4487 1272 4569 relinqueretur,
1290 4510 1350 4573 per
1375 4497 1459 4576 quod
1482 4498 1524 4561 od
1544 4498 1624 4578 dune

157 4575 273 4634 444444.
288 4575 341 4635 404
349 4576 377 4635 9.
389 4573 417 4635 8
928 4578 1068 4641 scandant
1085 4581 1116 4641 in
1132 4581 1222 4646 rebus
1234 4583 1338 4651 dubiis
1355 4590 1558 4657 aerumna
1568 4605 1622 4673 pn·

197 4784 335 4845 aliirarur
346 4791 478 4839 4444444144
488 4787 519 4836 dc
531 4791 582 4837 rita
596 4789 704 4838 4444444444
717 4787 760 4838 lib.
772 4791 795 4841 2.
805 4804 828 4852 p.
839 4791 880 4840 44.
923 4790 996 4843 llebr.
1013 4805 1037 4854 p.
1053 4792 1109 4845 415.

196 4861 222 4917 ὃ)
235 4864 288 4913 bic.
302 4867 428 4913 44444444
440 4875 465 4925 p.
482 4862 534 4915 409.
550 4863 695 4913 lmbourtus
712 4862 774 4915 sibl.
791 4868 878 4914 [alluo
