3368 5362
157 202 217 263 328

155 328 222 372 rum
256 304 414 370 blabillonii
447 309 477 364 et
513 293 675 376 Ruinarti,
707 320 772 381 pag.
809 303 876 364 tlt.

197 405 351 463 Bonontus
374 397 420 457 vel
442 396 532 455 etiam
555 396 699 457 Dononus
722 397 878 459 PUSlNUS

27 534 30 539 ·
118 494 120 498 ’
157 496 322 559 monachus
343 495 375 554 s:
395 492 544 563 ldiniatis,
569 492 690 567 scripsit
721 492 876 552 Sermones

155 607 247 669 super
279 585 430 658 Psolmos,
452 585 504 661 qui
527 584 573 643 bis
599 582 711 643 adsunt
743 586 771 642 in
804 584 875 644 Bibl.

154 682 334 744 cassinensi.
357 682 443 738 Rern.
466 676 503 736 de
525 677 712 737 lloutiaucon
736 677 808 737 Bibl.
832 679 877 736 Bi-

155 775 372 835 bliotbecarum
394 771 475 831 lllSS.
497 789 524 847 p.
547 770 614 830 223.
637 770 706 829 246.

194 865 367 929 PYLADES
398 860 596 934 Buccordus,
618 863 712 938 patria
744 864 877 923 lirinien-

154 962 217 1034 sis,
240 962 327 1018 Poeta
360 964 391 1015 et
423 957 552 1017 Criticus
585 955 642 1015 sub
675 956 791 1016 initium
815 972 876 1017 sec.

154 1054 232 1115 Xlll.
258 1049 449 1129 Plreogoniom
479 1047 603 1110 Hesiodi
630 1051 732 1109 Latine
765 1053 877 1123 vertit,

153 1147 259 1209 XVlll.
281 1142 459 1205 Comoedias
480 1143 574 1202 Plauti
589 1144 729 1216 correxit,
746 1149 777 1202 et
791 1145 877 1220 quin·

152 1258 212 1319 quc
233 1238 465 1299 Commentariis
486 1236 671 1314 explicavit,
695 1237 723 1294 in
747 1236 877 1296 editione

151 1337 197 1394 lo.
216 1332 388 1394 Britannici.
411 1330 528 1389 Brixiae
554 1329 639 1388 4506.
663 1329 712 1388 444.

194 1426 359 1499 PYLEUS,
381 1421 450 1483 vide
473 1428 558 1504 ⁴tome
580 1422 612 1479 V.
634 1438 699 1499 pag.
726 1423 794 1482 282.
831 1423 878 1484 ubi

157 1536 210 1600 pro
232 1515 414 1580 liodicensis
446 1516 510 1592 lege
545 1512 759 1590 dlodottienst's.
787 1519 881 1576 Bone

96 1648 99 1653 -
155 1615 220 1674 nise
241 1612 368 1689 singulis
389 1609 495 1669 diebus
513 1608 654 1668 Sabbathi
673 1608 710 1667 de
728 1612 878 1686 quaestio·

154 1723 192 1767 ne
210 1706 287 1782 juris
309 1705 457 1782 proposita
480 1703 643 1762 disseruit:
667 1702 746 1762 unde
768 1719 876 1763 nomen

154 1800 366 1875 Quaestionum
393 1792 660 1856 Sobbotltinorum.
693 1795 781 1873 Origo
803 1814 878 1874 quo-

153 1909 212 1970 que
239 1889 490 1951 Brooordicorum
517 1889 605 1968 juris
636 1892 690 1966 ipsi
725 1889 875 1950 tribuitur.

118 1997 120 2001 ’
153 1985 265 2047 Deinde
288 2001 396 2062 magno
417 1983 566 2060 stipendio
588 1989 714 2042 vocatus
732 1985 875 2043 Mutinam

154 2081 261 2157 petiit,
279 2078 379 2155 ibique
399 2077 509 2136 docuit.
532 2078 658 2153 Scripsit
674 2077 828 2137 Summum
846 2077 876 2136 in

153 2177 213 2233 tres
236 2176 401 2252 postremos
433 2167 550 2230 Codicis
581 2165 682 2229 libros.
714 2171 876 2248 Egregium

154 2266 222 2346 rjus
244 2271 450 2325 commentum
474 2260 584 2322 Beldus
600 2264 705 2322 recitet
721 2264 749 2320 in
768 2264 877 2322 Praeti·

152 2376 187 2420 ra
208 2361 366 2435 utriusque
380 2355 458 2433 J'uris
479 2356 511 2415 R.
535 2354 572 2414 de
593 2355 744 2415 cautillis:
763 2354 875 2417 Mucii-

150 2450 250 2524 norii,
274 2451 389 2528 iuquit,
409 2466 451 2508 en:
471 2445 531 2508 olto
553 2445 681 2527 lapidem
705 2448 876 2528 projecturi

147 2543 401 2624 proeciomorunt
413 2539 692 2620 praetereuntibus,
707 2547 742 2600 ut
756 2539 817 2603 sibi
828 2560 878 2602 eo-

151 2643 262 2698 usrent.
286 2636 412 2711 Quidum
430 2652 502 2696 vero
524 2635 581 2695 iter
606 2634 746 2715 faciens,
769 2650 806 2716 eu
826 2653 878 2697 oo-

148 2747 181 2790 ce
202 2726 351 2806 neglecto,
372 2727 431 2809 fuit
451 2727 648 2803 vullierotus,
671 2726 699 2788 et
719 2727 873 2788 414444444-

83 2831 86 2835 ’
149 2821 212 2882 rios
229 2826 260 2880 in
269 2822 325 2899 jus
345 2820 465 2881 oocovit
477 2853 493 2891 ‚·
506 2825 541 2881 ut
560 2819 695 2882 uulneris
726 2821 875 2902 impensos

150 2913 315 2987 soluerent;
337 2912 383 2973 illi
402 2913 528 2994 Pyleum
549 2913 783 2988 consuluerunt,
805 2915 873 2994 qui,

152 3026 219 3069 cum
239 3008 331 3068 sciret
352 3005 476 3068 testibus
492 3005 626 3087 probari
643 3024 700 3066 non
716 3006 875 3084 posse,s'l-

67 3167 68 3170 ,
149 3100 192 3163 ios
220 3104 407 3163 transeuntes
438 3100 690 3180 praemonuisse,
712 3099 768 3160 lroc
799 3116 874 3161 ustis

149 3201 195 3258 est
212 3201 287 3256 orte.
309 3194 514 3257 Moeninorios
534 3194 566 3255 in
579 3193 737 3282 judicium¹
762 3190 872 3269 duxit,

149 3295 180 3352 el
197 3306 264 3351 eum
286 3308 307 3348 4
328 3289 474 3350 Pmetore
509 3289 789 3365 interrogarentur,
818 3303 875 3347 cur

150 3394 261 3446 temere
282 3381 409 3462 lapidem
438 3382 614 3462 dejecissent
624 3380 764 3458 ,monitu
783 3378 874 3441 oooo-

39 3550 42 3554 Δ
147 3475 304 3538 4444444444
323 3474 549 3556 responderunt.
573 3475 701 3534 Mironte
729 3472 761 3533 id
783 3475 873 3535 Proe-

71 3576 74 3583 '
148 3576 230 3644 lore,
267 3580 295 3630 et
326 3586 450 3629 causum
472 3572 653 3647 quaerente,
676 3567 754 3626 Muti
782 3572 872 3639 sunt,

148 3662 300 3743 respondit
318 3660 449 3741 Pylius,
473 3667 503 3721 et
521 3658 597 3720 nibil
629 3659 766 3719 audiunt.
801 3659 873 3718 Tum

108 3798 112 3809 .
149 3755 369 3829 aduersarius,
403 3753 508 3827 immo,
542 3753 658 3833 inquit,
688 3752 796 3813 audivi
824 3767 873 3813 eos

149 3844 376 3908 transeuntibus
406 3845 626 3919 ooclomontes,
649 3853 683 3906 ut
702 3844 764 3906 sibi
788 3862 874 3907 cone

149 3945 226 3999 rent.
246 3939 324 4018 Erpo
341 3936 557 4015 absolventur;
577 3937 737 4020 subjunxit
753 3937 872 4019 Pylius,

150 4048 348 4111 praemonens
370 4032 446 4092 enim
468 4032 503 4093 de
525 4032 632 4093 domno
653 4051 711 4093 uon
737 4039 890 4105 tenetur;=

141 4123 256 4204 ¹eosque
278 4121 424 4185 libe'rooit.
449 4126 520 4186 Vide
543 4129 741 4188 Pancirollum
756 4125 794 4187 de
811 4127 872 4186 cla-

149 4221 191 4278 ris
211 4221 320 4294 Legum
343 4218 562 4297 interpretibus
584 4223 619 4281 ll.
641 4222 689 4282 m.

192 4311 365 4371 PYRRHUS
389 4313 534 4386 Perottus,
552 4314 609 4373 sub
626 4313 715 4373 finem
735 4311 870 4374 sonxv.

150 4401 370 4485 Praefationem
392 4405 512 4481 scripsit
536 4407 565 4462 in
597 4405 705 4465 Nicolei
740 4408 870 4480 Perolti,

149 4499 247 4576 patrui
270 4498 315 4556 sui
327 4542 336 4572 ,
360 4496 462 4557 Cornu
483 4496 616 4574 coprete,
638 4500 667 4556 in
690 4499 760 4558 edit.
795 4502 872 4559 Peri-

152 4590 238 4663 sina‚
260 4587 348 4649 ⁴500.
371 4589 417 4648 iol.

713 192 1073 266 len'llnlltls

1272 286 1358 374 Ο..

971 430 1274 581 QUdLlClllNUS,
1296 490 1360 550 vid.
1378 490 1457 551 inira
1476 491 1647 555 wltllllltts

933 585 969 646 de
989 581 1116 665 spoleto.

973 672 1348 749 QUEDLlNEURGENSE
1371 674 1545 738 Chronicon
1564 697 1580 739 a
1602 697 1649 739 sec.

932 773 965 832 ll.
988 785 1084 848 usquc
1115 767 1152 829 ad
1180 769 1213 828 Α.
1237 770 1280 829 C.
1310 770 1403 831 ⁴205.
1436 769 1554 831 editum
1576 784 1646 832 ests

934 865 1077 941 Leibnitio
1100 863 1131 923 S.
1152 864 1183 921 R.
1207 863 1483 925 Rrunsvicensium
1511 871 1534 922 t.
1554 866 1577 925 ll
1598 882 1646 943 pag.

931 957 1053 1020 RiRct
1075 954 1247 1016 blencltenio
1269 963 1342 1014 tom.
1368 956 1408 1016 lll
1435 976 1464 1035 p.
1487 956 1557 1018 469.
1586 957 1648 1019 Cave

932 1048 1032 1120 tamen
1056 1066 1104 1110 res
1124 1047 1426 1128 Quedlinburgenses
1450 1052 1481 1110 in
1501 1052 1551 1112 illo
1576 1070 1647 1130 quae

932 1161 1000 1204 ras:
1033 1160 1103 1203 uam
1139 1145 1238 1220 potius
1270 1161 1286 1203 a
1313 1143 1438 1204 Clerico
1469 1145 1646 1223 quodamibi

933 1243 1141 1298 commorante
1161 1236 1357 1314 compilatum
1380 1244 1415 1297 et
1437 1236 1645 1301 denominatum

932 1329 1042 1405 credo;
1073 1332 1143 1407 quia
1181 1328 1217 1390 ad
1254 1331 1418 1390 Historiam
1455 1329 1642 1394 Universalem

935 1424 1075 1502 pertinet.
1094 1421 1262 1501 mplomou
1280 1441 1352 1482 vero
1370 1422 1647 1505 Quedlinburpensro

934 1521 963 1575 et
983 1516 1147 1577 Historibm
1181 1522 1282 1575 nostro
1313 1520 1456 1595 tempore
1477 1517 1561 1578 dedit
1586 1519 1644 1580 lrid.

932 1610 1083 1671 Ernestus
1102 1611 1276 1670 Kettnerus.

974 1704 1192 1777 QUEROLUS,
1216 1703 1379 1763 Comoedia
1403 1707 1512 1767 seculo
1533 1706 1642 1767 Tbeode

935 1801 1019 1860 siano
1042 1798 1172 1874 scripta,
1195 1794 1248 1855 sed
1272 1796 1375 1856 Plauto
1398 1798 1512 1858 afficta.
1543 1801 1583 1859 lle
1601 1799 1641 1858 bae

931 1891 1117 1952 sufficienter
1137 1892 1198 1967 egit
1220 1890 1373 1950 Fabricius
1396 1892 1428 1951 iu
1453 1892 1530 1952 llibl.
1547 1894 1639 1952 Latina.

970 1981 1102 2044 iocobus
1122 1977 1495 2059 QUESTENBERGIUS‚
1521 1987 1582 2045 sive
1602 1985 1640 2043 lo·

931 2075 1021 2138 cobus
1046 2074 1190 2136 Aurelius
1219 2075 1256 2136 de
1287 2074 1519 2158 Questenberg,
1549 2079 1641 2139 Friber·

930 2174 1033 2248 gensis
1063 2171 1224 2240 llisnicus,
1246 2174 1276 2244 al
1295 2179 1365 2248 post
1386 2180 1521 2234 tractata
1548 2173 1639 2252 Lipsiae

930 2265 1086 2324 literarum
1116 2262 1216 2324 studia
1247 2265 1373 2331 Romam
1410 2269 1514 2341 venit,
1535 2273 1563 2326 et
1593 2279 1642 2342 pm

931 2365 998 2436 pter
1011 2359 1235 2432 καλλιγραφιαν
1256 2363 1287 2415 ct
1300 2359 1500 2420 Latinitatem
1517 2361 1643 2438 puriorem

932 2451 1080 2513 Cardinali
1103 2451 1237 2520 Veneto,
1258 2451 1363 2510 Murco
1381 2449 1421 2513 de
1441 2453 1479 2513 S.
1496 2453 1604 2525 444444,
1620 2451 1643 2506 44

930 2541 1046 2605 deliciis
1067 2544 1139 2604 luit:
1162 2541 1360 2619 cuius-etiam
1383 2546 1534 2624 auspiciis
1553 2545 1587 2607 ab
1600 2544 1641 2603 44-

933 2638 1078 2716 gyropulo
1100 2639 1246 2714 Byzantio
1260 2636 1375 2698 Graeca
1400 2638 1520 2701 didicit.
1537 2637 1644 2701 l'elideo

931 2728 1041 2806 dignus
1061 2737 1132 2804 ost,
1155 2729 1244 2808 cujus
1268 2732 1427 2798 memoria,
1444 2739 1644 2803 conservum

930 2824 999 2898 quie
1022 2823 1187 2883 Reuebliuo
1221 2822 1351 2884 multum
1387 2826 1522 2903 proluit,
1549 2834 1646 2887 contro

930 2918 1061 2975 versiam
1094 2932 1179 2976 suam
1213 2917 1324 2977 Rornae
1353 2933 1428 2978 oum
1453 2919 1643 2981 Pleilerlroruio

929 3011 1143 3086 prosequenti,
1166 3011 1226 3069 imo
1257 3009 1347 3087 plus,
1380 3029 1478 3090 quam
1511 3015 1642 3090 Principes

931 3107 963 3161 et
978 3101 1164 3163 Cardiuales.
1181 3105 1251 3164 Fuit
1265 3105 1376 3166 Romae
1393 3108 1589 3172 Deoretorum
1602 3108 1645 3166 lte

930 3201 995 3254 ctor
1012 3201 1043 3254 et
1059 3197 1200 3257 Brevium
1219 3197 1465 3276 Apostolicorum
1485 3203 1593 3264 Scriba.
1603 3200 1645 3259 le·

929 3295 977 3347 ste
996 3287 1049 3348 Ge.
1075 3289 1207 3350 Fabricio
1228 3307 1254 3350 c.
1274 3295 1302 3353 4.
1328 3294 1444 3355 Romae
1475 3312 1550 3357 sune
1578 3290 1643 3355 tilit-

930 3379 991 3442 lum
1007 3372 1044 3442 de
1056 3381 1133 3443 urbe
1149 3387 1349 3464 conscripsit,
1367 3389 1422 3465 qui
1438 3406 1480 3450 an
1497 3389 1593 3452 editus
1605 3388 1643 3458 sit

929 3492 986 3534 nou
1008 3484 1136 3546 constat.
1162 3476 1311 3557 Epistoioe
1328 3480 1368 3540 ll.
1392 3482 1477 3544 illius
1494 3483 1532 3546 ad
1546 3479 1642 3544 Reucb·

929 3569 1022 3630 linum
1038 3575 1162 3631 exstent
1182 3574 1213 3631 in
1232 3573 1466 3638 Reucblinianis
1478 3576 1640 3658 coniunctim

928 3663 1036 3736 editis,
1060 3680 1124 3742 pag.
1148 3663 1197 3725 st.
1219 3666 1267 3726 58.
1290 3666 1379 3729 Plura
1402 3669 1441 3730 do
1466 3673 1532 3750 ipsu
1552 3673 1640 3734 Petrus

928 3755 1056 3819 Albinus
1077 3760 1106 3817 in
1128 3759 1234 3820 Risnia
1256 3777 1323 3839 pag.
1346 3761 1417 3824 ets.
1431 3771 1474 3825 et
1495 3768 1539 3826 Jo.
1569 3764 1639 3824 lleur.

929 3847 1028 3927 ldajus
1051 3851 1080 3908 in
1104 3851 1171 3911 llita
1192 3852 1349 3914 Reucblini
1373 3872 1403 3934 p.
1426 3856 1502 3921 244.
1522 3873 1584 3936 sqq.

968 3943 1054 4004 Alius
1075 3950 1122 4004 est
1136 3943 1348 4024 sigismundus
1365 3949 1639 4030 Quenstentermiu,

928 4035 966 4096 ad
987 4048 1078 4114 quem
1103 4055 1130 4098 4.
1153 4040 1242 4101 leat.
1263 4039 1333 4101 duta
1354 4049 1406 4103 est
1427 4045 1563 4124 Epistola
1583 4042 1639 4104 lin

927 4131 984 4189 suri
1007 4138 1079 4190 tom.
1101 4132 1140 4191 lll
1162 4131 1237 4210 Opp.
1260 4150 1288 4212 p.
1302 4135 1403 4197 4407.
1422 4143 1539 4220 quique
1558 4137 1636 4200 aulam

928 4221 1108 4283 Ferdinaudi
1129 4230 1256 4284 secutus
1277 4242 1348 4288 esse
1369 4230 1506 4298 videbun

968 4315 1219 4391 QUlNTlANUS,
1239 4319 1412 4401 Episcopus
1428 4325 1634 4398 esculanum

928 4409 999 4468 484.
1028 4409 1066 4471 al.
1100 4411 1169 4472 tta.
1200 4412 1323 4491 scripsit
1345 4415 1515 4496 Epistolom
1543 4419 1576 4481 nd
1597 4417 1634 4477 Pe

927 4506 1008 4562 trum
1041 4502 1332 4581 FullonemAEpisc.
1349 4510 1571 4574 Antiochenam
1596 4505 1634 4570 sd

927 4608 1036 4654 versus
1057 4594 1246 4673 clausulam,
1263 4614 1358 4677 quam
1380 4603 1431 4665 ille
1453 4607 1580 4684 Trisagio
1593 4599 1632 4664 ad·

192 4749 218 4805 a)
233 4748 457 4810 Wsrne'nsrodom
469 4751 516 4811 lpsl
530 4751 639 4812 patriam
656 4749 749 4801 trlbult
766 4750 876 4802 Tbaoda·
922 4761 973 4806 tres
1000 4767 1087 4805 versus
1103 4767 1133 4805 es
1150 4757 1290 4806 1444444444
1310 4762 1512 4830 Questenbergll
1524 4765 1534 4826 (
1545 4767 1568 4813 ln
1584 4762 1632 4810 444·

148 4821 216 4868 44444
230 4820 306 4871 ltlocls
341 4824 366 4870 ln
393 4822 557 4875 Collecttnels
586 4826 714 4884 Poetlels,
743 4832 805 4875 tom.
831 4828 874 4873 lll.
924 4830 1013 4880 44444444
1030 4830 1123 4889 zeltis,
1149 4832 1253 4892 poetam
1281 4844 1466 4898 arrogantem,
1493 4840 1630 4889 adseruntur.

147 4894 301 4953 scriptorum
318 4898 540 4969 ltruusvlcenslqm
556 4898 676 4948 Lelbultll
694 4912 719 4960 p.
744 4899 800 4957 otu.
828 4902 874 4951 ubi
923 4905 966 4965 qul
984 4904 1114 4965 hymnum,
1137 4905 1218 4968 Virpo
1233 4908 1315 4958 4444444
1327 4912 1406 4974 cosli,
1419 4915 1468 4964 slbl
1481 4911 1627 4973 insonnem.
