3368 5362
189 195 250 255 tte

189 302 231 361 De
246 298 328 360 morlo
350 295 488 359 studendi
508 294 537 351 in
553 296 757 372 utroquejme
768 311 835 353 cnm
852 313 903 353 no-

187 392 317 454 minibus
357 391 485 450 omnium
526 387 719 448 scribentium
760 390 791 448 in
823 391 902 472 jure.

188 484 484 548 666115661615.
512 482 539 540 1.
569 483 703 559 Lugduni
724 482 801 560 apud
828 481 905 560 tiry-

188 581 291 657 phium
312 578 398 638 1511.
414 577 442 634 8.
461 576 565 633 Vertat.
585 575 669 635 1666.
776 658 780 665 .

229 668 376 733 Chronico
398 666 577 727 Germaniae
589 710 595 737 ,
609 667 790 744 praesertim
817 667 904 729 Alea·

188 764 247 824 tiae
273 768 302 822 et
324 758 412 820 urbis
441 760 714 837 argentoratensis.
753 763 903 839 impressu

186 865 259 918 sum
276 872 345 916 cum
361 854 548 913 Garumnicis
566 854 723 914 chronicis
742 856 891 916 lledionis.

225 944 660 1028 EpithalamiumMam'rnilrhni
666 947 755 1025 Regis
771 953 800 1008 et
815 948 905 1009 Blan-

184 1061 236 1102 cae
254 1040 371 1103 Mariae
390 1039 518 1119 Deglane
536 1040 737 1100 Romanorum
756 1060 763 1099 :
780 1057 837 1100 non
853 1059 905 1102 ex·

182 1142 243 1196 stat
258 1135 335 1214 apud
353 1133 514 1193 Freherum
526 1133 706 1192 S.D.Germ.
719 1134 905 1195 616616661-

183 1225 454 1287 bitllendreichius:
466 1224 518 1283 scd
533 1232 649 1283 tantum
664 1226 700 1283 ibi
715 1237 907 1289 memoratur.

223 1316 432 1380 Memorabilia
465 1315 741 1395 Evangelistamrm:
778 1321 903 1399 Argent.

183 1414 269 1473 1661.
296 1411 374 1490 quod
398 1427 493 1489 apos,
512 1409 658 1487 imprimis
677 1413 796 1486 icones,
816 1431 902 1475 scan-

181 1504 239 1565 dali
258 1506 465 1584 plenissimum
484 1502 554 1562 dicit
573 1503 799 1566 llendreichius.

221 1599 257 1656 ln
273 1596 392 1657 laudem
409 1599 439 1658 S.
458 1591 641 1669 Sebastiam,
656 1597 722 1657 Vita
734 1598 899 1681 S.Onufrii,

182 1693 212 1750 in
230 1688 347 1750 laudem
362 1706 364 1710 ⁴
377 1689 408 1750 S.
443 1687 590 1751 Valentini
609 1697 639 1751 et
654 1693 684 1752 S.
704 1692 813 1768 lconis,
840 1695 904 1756 Vita

180 1787 211 1846 S.
227 1782 387 1845 Bernardi.
408 1784 483 1844 6661
504 1785 636 1844 15661.

221 1878 311 1938 Multa
330 1875 396 1953 ejus
415 1876 507 1937 habes
532 1877 560 1935 in
589 1878 709 1937 Deliciis
741 1882 897 1943 Pobtamm

178 1968 424 2029 Germanicarum
442 1975 524 2029 tomo
540 1971 563 2028 l.
579 1988 605 2048 p.
624 1971 692 2032 691.

218 2063 303 2121 Varia
336 2061 373 2121 66
407 2079 441 2121 66
474 2068 576 2121 notatu
623 2063 711 2141 digna
745 2071 898 2146 congessit

181 2152 371 2213 Wenclcerus
393 2155 421 2211 in
444 2153 597 2232 Apparatu
613 2155 812 2220 archivorum
832 2179 896 2242 pag.

180 2245 227 2306 15.
248 2244 296 2306 16.
311 2245 359 2305 22.
377 2261 461 2322 seqq.

216 2337 232 2373 t
254 2339 335 2398 later
356 2354 445 2416 opera
467 2341 522 2398 viri
544 2341 897 2407 huiusdoctieccensen-

176 2428 245 2490 dam
260 2431 387 2492 arbitror
404 2436 544 2512 quamvis
561 2435 713 2512 aliquanta
734 2440 896 2518 perplexas

179 2523 240 2583 vita
264 2524 295 2583 S.
329 2524 482 2602 Meynradi
516 2532 658 2606 martyris
690 2537 721 2589 et
752 2533 897 2593 eremitae

171 2616 287 2676 editum
310 2619 338 2677 in
360 2618 520 2679 Germania
541 2622 675 2683 Basileae
705 2639 759 2702 per
788 2625 896 2686 Micha-

174 2708 232 2768 lem
256 2710 437 2771 Furterdn.
471 2714 558 2773 1196.
590 2715 780 2793 Quamquam
813 2723 894 2781 enim

172 2801 325 2879 scriptoris
347 2820 456 2864 namen
479 2807 516 2865 ibi
540 2823 597 2866 non
620 2807 752 2886 legitur,
780 2817 827 2872 est
851 2821 895 2873 ta-

172 2909 239 2952 men
263 2895 292 2953 in
316 2894 374 2954 666
396 2896 562 2958 Sebastiam
586 2903 677 2961 Brant
694 2905 893 2982 epigramma,

173 2984 252 3062 quod
276 2986 324 3046 hic
346 2985 515 3050 adscribere
527 2991 632 3068 placet.

347 3119 397 3180 Ad
412 3119 548 3185 botoron
566 3126 597 3187 S.
610 3126 712 3191 Braat

180 3239 229 3287 sec
246 3239 312 3286 beas
327 3238 361 3288 ab
376 3243 475 3291 meritis
492 3245 620 3306 Meynredt
636 3256 756 3313 martyris
772 3261 850 3318 stane

212 3310 710 3378 mmmmmwwmmnmmm

181 3384 250 3434 tillus
269 3387 294 3434 tn
314 3385 413 3439 laudem
433 3397 567 3452 praecaute
586 3393 662 3458 digne
680 3398 760 3452 relatu

213 3460 340 3511 titterults
358 3467 450 3524 pressit
462 3469 516 3529 jam
534 3470 630 3519 6661166
648 3478 730 3535 noeis,

178 3536 251 3583 11666
267 3535 316 3586 sibl
335 3541 447 3602 suscepit
462 3545 551 3592 1166166
564 3545 719 3611 6166661666
737 3551 848 3604 taboram

211 3609 249 3656 tte
269 3610 353 3661 duce.-
372 3625 418 3675 pro
436 3615 511 3665 noble
529 3621 568 3667 vtr
584 3623 728 3673 venerande
744 3638 804 3689 roge

439 3691 504 3750 ΧΗ.
528 3694 714 3758 66606166.
731 3719 781 3761 66.
801 3706 889 3765 1196.

166 3802 208 3859 De
232 3802 425 3884 Narragonia
446 3814 558 3888 optime
573 3816 818 3884 bibliothecarius
838 3843 882 3885 66

738 186 1138 253 suessulanus

1004 294 1213 357 Memorabilia
1231 299 1504 377 evangelistarum
1536 328 1608 388 opus
1633 327 1667 375 ret

960 391 1037 448 Petri
1060 390 1183 450 Delmisi
1203 397 1234 450 et
1257 393 1337 453 Petri
1359 395 1400 455 66
1422 398 1618 476 bosanham,
1634 410 1663 468 iu

959 480 1082 542 demum
1105 490 1137 543 ut
1155 484 1302 560 imagines
1324 489 1389 547 sint
1411 491 1562 554 Delmisii:
1589 507 1662 559 metm

889 614 892 619 -
959 574 1094 634 subiecta
1126 573 1164 633 de
1196 575 1394 643 ltosanheim.
1427 584 1579 648 Praecedit
1604 608 1660 669 opus

958 673 1057 727 toturn
1080 667 1150 728 Sel).
1167 670 1260 730 Brant
1277 674 1470 752 epigramma
1481 696 1489 752 3
1502 682 1608 758 prodiit
1621 687 1661 746 lle

958 776 1070 838 genoae
1091 776 1139 821 an.
1162 761 1251 822 tbbb.
1274 769 1368 844 typis.
1394 768 1448 829 Th.
1472 773 1660 837 badensisii·

960 850 997 910 66
1015 853 1198 914 tambacher
1208 855 1281 917 Bibl.
1294 858 1401 938 antiq.
1417 863 1658 929 Vindab.cir.l.bt.

1000 944 1282 1017 SEBASTlANUS,
1301 951 1477 1032 discipulus
1492 963 1521 1018 S·
1536 963 1655 1023 Benedicti

960 1042 990 1094 et
1006 1037 1174 1099 monachos
1192 1040 1412 1122 cassinensis,
1429 1066 1492 1110 sec
1508 1053 1552 1113 Vl.
1563 1056 1655 1133 Scripsi

963 1129 1054 1189 Vitem
1071 1132 1101 1192 S.
1119 1131 1318 1214 Hieronymi,
1348 1158 1451 1217 quae,
1477 1146 1554 1221 quad
1569 1151 1652 1217 6666.

959 1223 1105 1300 impressa
1124 1242 1182 1285 666
1201 1233 1268 1298 661,
1288 1227 1425 1295 habetur
1439 1243 1540 1299 autern
1557 1241 1650 1301 161166

958 1315 1210 1391 Cassiuensibus,
1230 1320 1476 1389 Sublacensibus
1492 1338 1523 1389 et
1545 1333 1649 1392 Reatinis

956 1408 1150 1485 Magnoaldus
1168 1413 1345 1490 Ziegelbaor
1358 1436 1390 1477 rn
1405 1420 1572 1500 Conspectu
1584 1428 1614 1483 rei
1626 1426 1648 1484 li·

956 1502 1082 1560 taraciae
1109 1501 1181 1563 Ord.
1196 1505 1225 1565 S.
1243 1507 1402 1570 Benedicti
1422 1523 1498 1590 part.
1515 1516 1535 1576 l.
1558 1534 1608 1594 pag.
1627 1522 1645 1574 t.

955 1590 1039 1652 6666
1053 1596 1173 1657 Petrum
1186 1598 1354 1661 Diaconum
1370 1603 1412 1664 66
1431 1608 1506 1667 viris
1518 1607 1645 1670 innata

956 1685 1174 1750 Casinensibus
1187 1705 1214 1749 c.
1232 1692 1259 1751 i.

991 1777 1251 1844 SEBASTlANUS
1264 1786 1294 1844 S.
1311 1786 1345 1845 6.
1362 1789 1517 1853 Diaconos
1531 1791 1641 1856 666666

953 1867 1012 1943 lis,
1044 1887 1059 1931 a
1097 1873 1199 1951 vigilio
1232 1877 1402 1955 evulgatus
1442 1883 1543 1947 literae
1571 1887 1640 1964 plens

952 1965 1074 2041 scripsit
1084 1964 1120 2026 ad
1136 1968 1301 2047 Episcopos
1313 1971 1639 2058 diversoscontreipsum

953 2054 1091 2132 vigilium
1100 2059 1283 2122 Pontificem.
1296 2066 1377 2127 ilaec
1388 2068 1535 2132 Oldoinus
1545 2075 1568 2131 io
1577 2071 1639 2132 666

953 2162 1027 2207 6666
1042 2151 1173 2215 Domana
1188 2171 1216 2233 p.
1232 2157 1304 2215 598.

993 2240 1256 2309 SEBASTlANUS
1270 2251 1486 2334 lastinianus,
1501 2258 1576 2336 eujus
1587 2258 1638 2318 bre·

951 2333 990 2394 tio
1002 2333 1219 2401 habitatorum
1234 2343 1392 2405 illode'slao
1417 2351 1638 2430 regennarum

952 2427 1044 2500 1566,
1062 2431 1089 2490 1.
1104 2433 1170 2491 eine
1188 2437 1345 2498 mentione
1363 2439 1438 2517 loci,
1454 2446 1555 2522 prodiit
1678 2462 1680 2503 t

992 2522 1253 2588 suessulanus
1268 2529 1468 2615 Mamertus,
1486 2540 1581 2601 Galliae
1594 2539 1636 2598 la·

951 2620 1066 2692 merat,
1084 2617 1255 2680 canonicus
1280 2632 1313 2682 et
1340 2627 1459 2691 Cantor
1474 2634 1606 2694 Trecensis
1617 2631 1634 2685 6

952 2707 1086 2769 Ecclesia
1101 2710 1130 2770 S.
1150 2713 1320 2793 Stephani,
1339 2723 1420 2782 vixit
1439 2727 1517 2788 circa
1531 2744 1556 2788 a.
1576 2723 1636 2785 nrt

953 2799 1078 2879 Scripsit
1096 2804 1134 2865 de
1150 2805 1187 2866 iis
1201 2850 1208 2878 ,
1230 2809 1286 2886 qui
1298 2824 1475 2891 regnarunt
1488 2818 1518 2878 in
1532 2816 1634 2879 irenis

950 2893 1008 2952 MS.
1028 2897 1055 2954 in
1086 2898 1158 2959 Bibl.
1190 2901 1345 2966 Vaticana.
1382 2912 1564 2974 Moutlauaoa
1586 2909 1634 2973 bibl.

950 2985 1120 3051 61616138.
1137 3009 1165 3069 p.
1186 2994 1253 3055 167.
1272 2996 1339 3059 666
1355 2999 1428 3077 ejus
1446 3004 1632 3082 Gallicelingm

949 3088 1071 3143 exarata
1099 3083 1169 3145 vide
1197 3088 1227 3146 in
1250 3091 1315 3151 tac.
1334 3093 1364 3152 le
1385 3096 1469 3178 tang
1495 3098 1634 3161 bibliothece

950 3170 1091 3236 historica
1108 3178 1220 3239 Galliae
1242 3199 1271 3260 p.
1290 3184 1363 3248 362-
1383 3189 1456 3253 3’ll.

990 3267 1247 3332 SEBASTlAh'US
1264 3275 1402 3340 Murrio
1418 3329 1429 3358 ,
1444 3285 1633 3352 0616666666.

947 3354 1116 3423 Canonious
1130 3371 1161 3424 et
1176 3366 1341 3446 Presbyter
1360 3376 1391 3434 in
1409 3383 1527 3455 patria,
1542 3378 1633 3458 plina

949 3450 1047 3527 phos,
1075 3462 1190 3533 orator,
1234 3468 1343 3539 poeta,
1381 3472 1632 3552 cosmograpbosrt

943 3543 1189 3624 iureconsultus,
1217 3554 1310 3615 lrium
1350 3558 1522 3641 linguarum
1544 3566 1632 3644 perte

945 3636 1073 3716 Scripsit
1091 3641 1248 3720 Epitomen
1264 3646 1301 3707 de
1331 3648 1483 3718 laudibus
1510 3658 1631 3719 amm·

945 3745 1036 3804 rum,
1055 3733 1086 3792 in
1113 3736 1267 3816 Baptistae
1294 3744 1464 3811 Mantuani
1485 3769 1577 3831 apere,
1595 3751 1630 3808 bt·

943 3829 1225 3899 6666161861.
1262 3835 1420 3914 Epistulas
1455 3846 1497 3905 ad
1523 3845 1629 3906 66616·

168 3901 231 3953 ster
254 3898 399 3972 prodiisse
423 3903 502 3963 illam
526 3906 634 3968 letinis'
659 3913 766 3975 litteris
797 3919 887 3979 tredi—
943 3916 1023 3976 Vixit
1040 3936 1067 3980 b·
1083 3923 1171 3983 ll9b·
1183 3926 1373 3991 Trilbcmius
1384 3934 1424 3995 66
1439 3941 1537 4018 script
1546 3936 1628 3999 sacta

168 3992 229 4044 tam
253 4006 289 4047 ex
313 3990 463 4054 Germano
484 4015 499 4056 a
517 4001 625 4062 lecobo
648 4006 817 4070 Philomuso
838 4030 887 4072 66.
941 4023 967 4067 0·
985 4011 1053 4069 931·
1068 4022 1100 4072 el
1116 4018 1189 4076 viris
1208 4019 1315 4081 illustr·
1336 4025 1444 4089 Germ.
1461 4031 1563 4111 Hippot
1578 4031 1628 4089 Mt·

168 4077 257 4138 1197.
279 4081 308 4140 in
331 4081 360 4142 b.
381 4085 472 4146 6666
495 4092 523 4148 in
553 4094 682 4158 editione
705 4101 760 4163 666
786 4104 884 4166 laeum
940 4106 1017 4163 racel
1034 4108 1106 4167 nihl.
1123 4112 1250 4195 moriana
1267 4122 1353 4178 tomo
1368 4122 1405 4183 n.
1423 4143 1453 4203 p.
1469 4127 1534 4188 355.

163 4170 372 4248 impressionis
407 4195 464 4238 non
499 4192 647 4263 exprimi,
680 4195 733 4255 sed
766 4214 821 4278 ego
854 4205 882 4262 in
980 4196 1239 4267 SEBASTlANUS
1260 4206 1461 4290 Peritum,
1481 4218 1546 4280 Old·
1568 4218 1626 4277 ΡΨ

162 4281 228 4326 mea
250 4265 362 4329 diserte
383 4269 448 4353 lego
468 4275 498 4335 in
518 4277 593 4340 urbe
617 4284 779 4351 Basiliensi
794 4310 883 4370 opera
938 4288 1106 4355 dicatorum
1125 4299 1250 4374 perusii,
1267 4304 1374 4368 Theol-
1392 4314 1542 4391 Magister,
1560 4310 1625 4371 Tl‘l

159 4364 191 4416 et
212 4363 396 4436 promotione
417 4367 462 4424 1ο.
490 4371 635 4449 Bergman
658 4377 696 4438 de
717 4383 801 4460 Olpe.
824 4385 880 4446 Ad·
938 4382 1024 4460 logos
1040 4394 1071 4446 et
1087 4390 1319 4457 Mathematicus
1351 4404 1504 4483 insignis,
1523 4401 1625 4467 6156

158 4448 291 4514 666666
312 4463 361 4516 est
380 4460 503 4538 insuper
529 4463 653 4530 latinam
680 4473 757 4537 hana
778 4477 883 4540 editio-
938 4476 1478 4564 166666616636666666661661611
1496 4504 1624 4564 Provincii-

159 4558 228 4604 aem
261 4548 298 4606 ab
329 4553 455 4614 authore
487 4573 544 4618 suo
578 4562 754 4628 Sebastiano
783 4575 880 4634 Drand
935 4569 973 4630 lle
999 4574 1134 4638 Tusciae.
1156 4579 1284 4660 Scripsit
1315 4590 1416 4654 Vitam
1435 4599 1469 4659 B.
1498 4594 1624 4663 canabe

160 4650 218 4693 non
242 4642 435 4717 approbatam
458 4655 688 4733 tantummodo,
720 4664 773 4724 sed
810 4666 879 4727 hinc
937 4665 1072 4743 licetine,
1094 4673 1219 4751 virginis
1233 4682 1314 4739 bertii
1342 4686 1418 4750 Ord.
1437 4692 1466 4753 S.
1493 4691 1622 4756 Dominici.

154 4724 352 4808 illustratam,
374 4744 405 4796 et
428 4757 486 4800 nan
509 4748 612 4822 paucis
634 4752 663 4807 in
686 4752 745 4815 666
765 4758 881 4821 addita·
933 4775 1012 4835 quae
1041 4778 1067 4821 a.
1098 4764 1185 4826 1666.
1218 4770 1300 4833 obiit.
1334 4780 1443 4845 Edidit
1469 4806 1534 4849 eam
1549 4785 1622 4846 mnne

157 4822 268 4879 mentis
289 4835 407 4888 auctam
431 4833 534 4894 luisse.
935 4855 1068 4917 Leander
1084 4858 1226 4927 albertus
1244 4867 1320 4930 libre
1338 4872 1380 4938 66
1397 4883 1474 4945 viris
1492 4878 1622 4944 illustribus
