3368 5362
156 203 215 266 126

149 312 387 385 4414441368-
411 331 491 374 more
522 315 663 389 44444444)
687 334 724 376 ex
756 317 866 378 Codice

152 409 301 483 44444444.
321 409 355 467 D.
377 407 517 468 Fritierici
532 407 569 468 de
584 410 783 488 Vintimigliis,
798 413 869 488 Eqi·

147 501 187 559 tis
206 501 424 569 Panormitam,
445 501 624 561 biarchionis
656 505 778 564 Hieracii
812 505 869 564 lra-

153 594 286 654 tristis
309 596 366 653 isto
385 593 504 654 Nicolao
525 596 673 672 Specrali,
695 603 768 657 tunc
801 613 869 656 nec-

150 686 223 750 dum
244 686 342 761 edito,
364 704 455 764 quem
477 686 672 751 4400444414
694 688 871 750 minoritam

151 787 256 853 vocat,
277 779 459 858 produxerat
481 782 624 842 nonnulla
655 782 796 851 laudatus
816 786 871 844 84-

149 873 246 934 144444
267 876 296 932 44
315 875 395 934 44444
410 873 448 933 ad
464 876 809 951 PapasAvenionenses.
823 877 871 936 Vi-

150 966 188 1026 de
204 965 355 1027 Oudinunr
377 973 451 1026 tom.
469 969 487 1027 3
510 985 576 1045 pag.
596 967 665 1028 957.
677 984 741 1046 seq.
753 976 870 1046 atquae

148 1076 239 1138 supra
271 1061 302 1119 n
336 1058 575 1134 4444444444,
605 1045 800 1122 nicolaus
833 1060 870 1121 4

148 1152 274 1229 Platea,
293 1164 383 1232 atqua
399 1157 427 1213 in
449 1152 618 1215 NlCOLAO
639 1153 788 1216 lamaillo.

187 1249 375 1311 Nicotaus
402 1246 604 1328 8444444644,
643 1248 771 1308 Leiando
805 1263 868 1324 cap.

64 1366 65 1370 ¹
148 1345 217 1407 360.
239 1341 453 1423 8444444444,
476 1338 793 1421 444444844444644,
808 1342 871 1399 44-

147 1439 235 1518 glus,
257 1436 421 1497 Monachus
442 1434 645 1496 bernardinus
666 1435 731 1493 sive
758 1425 871 1493 Cister-

146 1533 259 1593 ciensis
278 1533 356 1590 circa
378 1529 434 1590 44.
458 1527 546 1589 4340.
579 1525 653 1603 Ejus
684 1524 870 1586 Moralitotes

144 1624 176 1684 44
196 1623 324 1685 Genesin
345 1622 423 1683 idem
447 1620 597 1682 Lelandus
610 1636 795 1692 memorans,
809 1627 870 1679 tes-

146 1726 230 1780 tatur
243 1735 276 1778 se
288 1717 479 1790 admiratum,
492 1713 570 1794 quod
584 1710 672 1773 homo
685 1717 751 1788 ejus
762 1715 870 1773 aetatis

147 1821 208 1874 tarn
230 1818 356 1891 argute,
379 1817 440 1870 tam
463 1808 585 1883 solido,
608 1814 669 1868 tam
699 1807 870 1885 significan-

146 1914 193 1968 ter
204 1908 352 1986 potuisset
362 1904 502 1965 scribere.
519 1901 681 1965 conciones
696 1901 810 1976 aliquot
819 1899 871 1960 ad-

149 1998 227 2060 6444
242 1996 414 2059 84444444.
433 1995 482 2055 87.
500 1997 619 2055 Pitseus
649 2010 718 2072 pag.
747 1993 815 2053 399.
839 1999 871 2052 44

147 2092 288 2151 vischius
305 2107 371 2168 pag.
387 2090 456 2149 254.

190 2183 381 2246 1440044448
403 2179 610 2262 Sensimus,
633 2180 770 2259 Anqus,
801 2182 872 2241 Car·

147 2279 318 2340 moliturum
337 2278 432 2352 Prior,
444 2275 612 2352 theologus
625 2275 871 2353 Centobrigensis

147 2374 176 2433 ei
193 2369 583 2445 Canoellarius,delunctns
595 2369 682 2429 4444
697 2369 784 2429 4440.
796 2368 871 2446 Ejus

15 2470 18 2479 ‘
149 2463 260 2527 libellm
271 2463 391 2527 644464
402 2461 493 2524 rebus
508 2460 686 2542 Theolopicis
703 2464 870 2527 innotuisse

146 2562 202 2622 sibi
221 2560 311 2620 relert
327 2557 475 2619 Leiandus
493 2574 556 2636 cap.
573 2557 640 2618 454.
658 2558 869 2635 quorumtitu·

146 2654 167 2716 ii
183 2653 262 2732 opud
281 2653 404 2715 Baleum
419 2652 472 2712 xi.
489 2650 536 2710 76.
556 2654 688 2713 Pitseum
708 2667 774 2731 pag.
799 2650 867 2711 644.

148 2754 182 2808 44
195 2747 348 2824 Alegrium
361 2762 428 2824 pag.
443 2746 511 2806 349.
528 2751 601 2805 4444
615 2741 869 2804 OrdimriumLe-

151 2839 303 2911 44444444,
324 2846 354 2899 et
374 2837 647 2900 Delermiootiooes.

191 2927 870 3010 Nicotaussvessiononsissupra,Nicrum

156 3025 299 3090 Gallicus.
781 3045 783 3049 ⁴

195 3122 382 3183 Nicotaus
397 3118 433 3181 de
450 3122 560 3181 Suoolo
576 3118 782 3197 Westphaius‚
793 3119 870 3178 Teu-

155 3223 203 3291 to,
221 3215 376 3295 Gymnasii
394 3213 652 3291 Heidelbergeotis-
666 3213 760 3273 decus
775 3218 806 3272 et
822 3228 871 3271 co-

155 3309 257 3371 lomna
271 3356 280 3385 ,
299 3309 434 3370 interfuit
449 3307 580 3368 Concilio
598 3308 823 3368 constantiensi
836 3306 870 3365 4.

152 3402 240 3466 1417.
260 3404 307 3465 Ex
329 3401 395 3480 ejus
416 3401 706 3480 scriptislaudantur
719 3398 872 3475 Quaestio-

150 3505 281 3559 nestum
302 3497 376 3558 aliae
397 3504 463 3557 tum
485 3496 515 3555 ln
537 3496 762 3556 Sententiarum
781 3493 871 3553 libros

62 3665 68 3676 .
102 3648 103 3652 ,
150 3599 182 3653 ot
202 3594 359 3655 Sermones
381 3590 479 3650 molti.
504 3587 576 3649 Vide
604 3591 650 3647 4ο.
672 3586 872 3645 trithemium

150 3702 215 3763 cap.
236 3685 305 3746 777.
327 3683 364 3743 de
386 3685 417 3744 S.
438 3684 472 3744 E.
490 3681 571 3742 etde
586 3678 787 3741 luminaribus
801 3678 873 3738 Ger-

153 3779 268 3837 maniae
288 3793 352 3854 cap.
376 3778 444 3837 100.
622 3850 625 3857 ⁴
807 3811 808 3814 ,

187 3869 376 3930 Nicotaus
386 3868 875 3948 44849444,444444444444144444-

153 3963 216 4034 444,
236 3962 314 4021 44444
335 3965 391 4022 44.
415 3962 504 4023 1470.
521 3970 625 4023 auctor
642 3961 875 4021 continuationis

153 4054 294 4115 Chronici
315 4054 508 4116 4444804444
531 4052 822 4135 Schofooburpenois
838 4053 875 4113 ab

154 4149 210 4209 44.
233 4147 321 4209 4068.
336 4146 375 4206 44
398 4149 485 4210 4358.
508 4148 581 4208 Vide
599 4155 733 4226 sopiat.
748 4147 876 4208 444544.

194 4242 385 4304 1410044448
423 4238 582 4317 laborato,
609 4243 698 4321 cujus
725 4241 874 4319 dialogum

26 4320 30 4330 ¹
155 4354 224 4399 cum
248 4339 343 4399 AEneo
365 4336 470 4414 SyLvio
492 4335 592 4395 exibet
613 4338 745 4397 Bzovius
772 4335 810 4396 ad
841 4333 875 4394 Α.

155 4434 243 4496 4454.
262 4449 347 4493 num.
371 4432 420 4491 tx.

195 4527 385 4591 Nicotaus
405 4523 589 4584 Tarvisiaus.
611 4526 708 4603 Supra
720 4528 750 4584 44
763 4523 877 4585 BENE·

155 4623 272 4684 144οΤ0
292 4622 344 4683 XL

195 4717 212 4754 ¹*
228 4715 418 4779 Nicotaus
434 4711 602 4791 7494444444
619 4713 645 4771 4.
659 4712 692 4772 V.
706 4713 738 4771 D.
755 4713 877 4791 patricia

753 209 1039 274 Nicotttts

920 316 1079 379 Pontifices
1104 315 1236 392 aliosque
1257 313 1361 374 4444444
1382 311 1533 390 principos
1557 311 1631 371 cieri-

922 413 977 471 caii
996 410 1117 472 tandem
1131 409 1251 468 miiitiae
1266 406 1441 484 adscriptus
1454 402 1631 464 Cathedraiis
1672 455 1676 463 .

922 505 1074 565 Ecclesiae
1087 502 1233 563 Lucensis
1244 498 1484 561 hmhidiaconus
1496 499 1565 576 egit,
1577 515 1633 558 ora·

924 605 969 659 tor
985 613 1126 659 summus
1143 598 1263 674 scripsit
1283 597 1379 654 vitam
1401 593 1567 653 0444444444
1586 592 1632 651 04-

924 693 1054 754 siraconi
1085 692 1229 752 Lucensis
1259 688 1343 749 urbis
1375 688 1495 763 Domini
1514 733 1522 759 ,
1543 685 1632 745 44444

925 787 1045 857 mavis,
1067 784 1199 861 tyranni.
1232 781 1341 842 Pmdiit
1361 797 1442 841 anno
1463 779 1552 841 4406.
1569 781 1594 838 44
1610 779 1633 837 4.

924 880 1076 952 Mutinae,
1099 894 1204 938 recusa
1232 877 1353 936 Parisiis
1376 872 1464 936 4546.
1484 874 1514 932 44
1534 873 1582 934 46.
1598 873 1635 931 ia

925 981 1005 1032 serta
1023 989 1039 1032 a
1057 973 1094 1032 cl.
1118 971 1276 1032 4144444444
1296 974 1369 1028 tom.
1402 968 1455 1028 414.
1482 969 1551 1028 1444.
1581 967 1637 1026 ital.

924 1065 1046 1125 demum
1065 1082 1123 1125 una
1141 1081 1211 1126 com
1226 1066 1354 1124 Etrusca
1373 1064 1514 1121 versione
1530 1061 1635 1139 Georgii

902 1161 989 1220 ‘Dati
1013 1159 1174 1218 Florentini
1202 1160 1298 1218 Lucae
1318 1149 1405 1217 47148.
1427 1173 1522 1233 quam
1544 1155 1635 1215 editio

925 1272 994 1313 nem
1011 1256 1130 1313 curavit
1156 1271 1185 1312 v.
1211 1253 1248 1312 oi.
1278 1251 1362 1311 loan.
1393 1250 1586 1328 Tegrimius‚
1603 1266 1635 1308 er

924 1345 1044 1421 eadem,
1071 1362 1131 1424 qua
1159 1344 1297 1406 Nicolaus
1327 1344 1439 1405 lamilia
1472 1351 1636 1423 prognatus.

924 1442 1006 1500 hanc
1027 1439 1189 1500 editionem
1211 1435 1363 1517 praecedit
1384 1439 1448 1498 vita
1472 1438 1636 1515 'tegrimiia

925 1535 954 1594 P.
977 1531 1148 1593 Alexandro
1166 1534 1267 1609 Pomp.
1294 1533 1374 1591 Berti
1396 1531 1546 1610 congreg.
1564 1547 1637 1590 meae

925 1628 989 1686 4444
1005 1626 1124 1686 erudito
1134 1625 1291 1703 diligenter
1302 1625 1487 1700 conscripta.
1503 1625 1566 1702 Ego
1576 1639 1635 1683 vem

924 1722 1133 1780 annotationes
1165 1735 1249 1778 meas
1270 1718 1382 1796 passim
1401 1714 1550 1778 historiae
1577 1717 1636 1776 huic

924 1813 1070 1874 Castrucii
1092 1811 1195 1872 adieci.
1214 1811 1339 1889 Scripsit
1363 1808 1453 1870 etiam
1483 1808 1637 1868 orationem

925 1906 1231 1971 nomineLucensium
1247 1919 1308 1964 ase
1323 1902 1455 1962 habitam
1472 1902 1638 1962 4444444444·

925 1999 1040 2060 xandro
1057 2000 1104 2059 vt.
1133 1999 1189 2059 44.
1216 1996 1300 2058 itas.
1327 1995 1511 2073 obsequium
1533 1996 1640 2073 religia

924 2109 993 2153 sum
1009 2092 1049 2152 illi
1072 2094 1193 2152 nomine
1214 2089 1350 2152 eiusdem
1367 2090 1452 2168 help.
1485 2093 1640 2168 praestito·

927 2203 988 2248 444.
1007 2186 1126 2246 Ericusa
1144 2192 1193 2244 est
1211 2186 1342 2244 vetustis
1357 2185 1440 2260 typis
1454 2185 1528 2244 sine
1540 2184 1602 2244 loco
1613 2189 1640 2242 et

925 2297 1013 2341 anno.
1031 2282 1107 2340 Tum
1124 2287 1155 2338 et
1172 2278 1261 2338 aliam
1272 2293 1375 2336 eornm
1388 2279 1439 2336 Pio
1451 2279 1502 2338 lll.
1514 2283 1546 2337 et
1558 2278 1639 2338 aliam

924 2375 1054 2453 deniqne
1076 2389 1175 2434 coram
1194 2372 1272 2433 44144
1293 2372 1330 2431 44.
1344 2373 1504 2432 recitatam
1518 2385 1641 2432 excusas

925 2469 1038 2547 absque
1056 2467 1120 2527 ioco
1137 2474 1169 2526 et
1190 2483 1277 2526 anno.
1305 2467 1421 2527 Extant
1442 2466 1520 2526 aliae
1547 2466 1641 2544 plures

923 2563 951 2621 44
971 2559 1042 2623 Cod.
1062 2560 1120 2620 MS.
1136 2576 1226 2638 quem
1244 2565 1347 2619 servat
1367 2558 1510 2620 Biblioth.
1529 2559 1642 2619 Franci-

922 2657 1022 2716 44441.
1057 2653 1238 2725 hieronimi,
1261 2655 1289 2712 in
1325 2670 1385 2731 quo
1416 2655 1530 2731 pariter
1566 2657 1643 2713 extat

923 2746 1059 2809 eiusdem
1089 2747 1219 2824 Tegrimi
1247 2745 1380 2807 nondum
1409 2745 1492 2806 edita
1522 2746 1640 2806 historia

923 2840 991 2901 belli
1007 2840 1169 2900 Florentini
1186 2846 1291 2899 contra
1317 2840 1472 2899 Lucenses
1497 2839 1537 2899 ab
1560 2839 1641 2899 4444

926 2936 1006 2996 1431·
1020 2932 1056 2993 ad
1072 2932 1132 2993 44.
1149 2933 1237 2993 4138.
1255 2933 1422 3010 Scripsisse
1442 2933 1537 2991 etiam
1553 2921 1640 2991 lertur

924 3025 961 3088 da
983 3024 1074 3088 rebus
1093 3027 1159 3088 4444
1180 3024 1435 3088 Commentarium
1449 3026 1553 3101 ignoto
1572 3023 1637 3083 mihi

926 3124 955 3182 44
973 3122 1037 3182 4444
1051 3128 1218 3182 servatum.
1228 3121 1309 3181 Obiit
1323 3119 1381 3179 44.
1399 3117 1487 3179 4587.
1503 3119 1582 3179 Cum
1596 3134 1642 3195 pa·

926 3219 998 3279 riter
1008 3217 1089 3276 turis
1100 3216 1222 3274 scientia
1237 3212 1468 3290 clareret‚plura
1484 3212 1642 3288 insignium

926 3311 1069 3370 ictorum
1093 3309 1203 3385 scripta
1231 3307 1311 3384 typis
1336 3305 1509 3382 evulganda
1533 3304 1643 3365 curarit

927 3411 992 3463 tum
1008 3405 1191 3473 Lacaenam
1205 3400 1344 3478 Nuptiani
1358 3399 1407 3459 ubi
1419 3396 1644 3460 rusticabatur⁸

967 3493 1157 3556 Nicotaus
1171 3493 1346 3553 Teutonicus
1355 3491 1431 3552 O'rd.
1441 3491 1548 3552 Praed.
1561 3506 1641 3570 quero

928 3591 1059 3667 Gangins
1081 3588 1137 3647 hoo
1158 3588 1222 3648 loeo
1243 3594 1388 3647 memorat
1419 3592 1452 3646 et
1489 3587 1579 3647 4354.
1606 3585 1641 3644 ait

929 3685 1061 3755 vixisse,
1085 3682 1162 3743 idem
1184 3688 1231 3741 est
1246 3698 1314 3741 cum
1334 3678 1457 3741 Nicoleo
1471 3678 1642 3756 1444441494,

929 3775 966 3835 de
983 3793 1042 3853 quo
1065 3792 1165 3852 supra.
1469 3778 1471 3782 “

970 3869 1157 3930 Nicotaus
1170 3863 1640 3944 rtomoam‚supra1.aonrcus

970 3961 986 3997 '⁶
1004 3961 1191 4023 4440044148
1204 3960 1245 4021 de
1266 3955 1435 4036 Tinlrelopill
1452 3959 1639 4019 8444444444

932 4057 960 4114 44
983 4056 1140 4133 theologia
1172 4056 1200 4113 44
1231 4054 1433 4115 Universitate
1464 4051 1640 4120 Viennensi,

931 4164 1021 4225 quem
1040 4148 1176 4207 floruisse
1197 4138 1301 4222 colligo
1328 4145 1387 4205 44.
1409 4145 1498 4205 4404.
1527 4144 1642 4222 Scripsit

930 4243 1110 4320 opusculum
1128 4239 1164 4300 de
1182 4239 1337 4315 tentatione
1357 4236 1510 4300 christia
1528 4235 1639 4296 044644

931 4334 1009 4413 quod
1023 4334 1182 4395 offendisse
1195 4333 1345 4393 succurrit
1362 4333 1392 4390 in
1405 4330 1478 4392 044.
1491 4332 1550 4392 MS.
1565 4332 1641 4391 Vien-

932 4431 1017 4489 nensi
1036 4429 1191 4488 Bibliothe.
1209 4426 1450 4487 Benedictiorum
1465 4425 1606 4487 44444444
1615 4423 1637 4483 8.

932 4526 1039 4584 4144444
1057 4524 1214 4583 Scotorum
1232 4519 1249 4556 ¹*

974 4615 1164 4679 4440044448
1182 4613 1388 4695 lhojectensis,
1400 4617 1637 4676 cuiuscommeu

933 4714 1009 4773 tario
1020 4711 1051 4770 io
1062 4709 1214 4771 Boethium
1234 4710 1271 4771 de
1292 4708 1503 4770 Consolatione
1521 4707 1634 4768 multum

159 4813 286 4872 Lucensi
309 4811 421 4872 tamilla
439 4816 530 4869 natus
547 4813 616 4884 post
630 4808 730 4868 varias
758 4807 880 4866 iunctus
935 4807 1087 4869 meliorem
1111 4808 1152 4865 ait
1169 4822 1202 4866 se
1220 4806 1368 4882 reperisse
1379 4801 1565 4879 {Antoninus
1587 4797 1637 4858 iile

158 4908 279 4968 nomine
295 4907 377 4985 Reip.
400 4921 474 4966 suae
501 4904 667 4983 legationes
684 4901 726 4963 ad>
744 4916 881 4963 summos
936 4902 1075 4991 reatinus
1096 4907 1181 4977 parte
1204 4900 1232 4959 3.
1254 4898 1358 4958 histor.
1379 4896 1430 4956 lib.
1453 4886 1634 4972 4444441·
