3368 5362
173 188 234 250 tou
816 178 1025 240 sttvtlut

171 312 225 371 per
246 293 400 353 Pithoeum
437 291 524 350 Paris,
560 287 667 348 deiude
697 288 725 345 in
745 287 818 347 tttbt.
839 289 890 347 PP.
950 287 1042 347 scribi
1056 287 1193 363 potuerit.
1206 287 1283 347 44444
1299 289 1395 349 44444
1410 290 1567 365 viridoeti,
1580 289 1662 350 44444

173 387 323 446 Parisiuae
342 384 556 461 supplemento
568 382 692 452 Latino,
709 379 890 439 inhibiti).
947 380 1008 440 orbi
1025 377 1144 438 erudito
1162 378 1224 437 44444
1243 379 1397 455 dolentes,
1411 384 1593 450 sententiam
1613 390 1661 441 tan

173 478 461 551 Coloniensi,tomo
481 471 892 551 ll.0perumSirmoudi,in
951 480 1152 532 monstrosam
1186 473 1330 533 omnibus
1361 475 1483 535 viribus
1513 474 1661 534 convellere

129 576 133 591 ’
173 571 326 629 Thesauro
345 567 564 626 hnecdotorum
586 566 895 625 novissimoPeziito-
949 562 1149 624 studuerant:
1180 565 1259 623 inter
1289 578 1371 641 quos
1403 568 1521 643 primas
1538 565 1658 642 jurcsuo

175 679 223 743 mo
253 662 299 720 tv.
329 666 404 736 part.
426 659 454 719 2.
482 677 510 736 p.
536 661 562 717 4.
581 656 894 732 deniqueaFabricio
949 659 1063 716 obtinet
1081 658 1248 717 llatorinus
1266 657 1435 734 Veysseire
1457 659 1489 718 14
1505 659 1656 730 Crozc‚lli

174 759 275 812 nostro
300 753 356 812 sub
384 751 474 811 finem
502 758 523 809 t.
546 751 581 809 ll.
605 749 695 825 hujus
712 766 758 826 op.
778 767 805 826 p.
824 750 891 808 6444.
949 749 1161 810 bliothecarius
1177 750 1408 824 berolinensis,
1425 752 1651 812 Dissertationum

212 846 229 881 ⁸
250 844 374 905 Humilia
399 846 476 902 inter
499 860 587 920 opera
609 843 638 914 S.
662 844 739 901 Petri
763 842 895 919 Chryso-
950 844 1176 915 historicarum,
1198 859 1277 918 quae
1299 841 1419 903 Gallica
1440 843 1544 922 lingua
1563 843 1653 922 prodie-

124 999 131 1009 ‚
173 939 228 1015 logi
251 936 347 995 Serm.
372 937 398 995 4.
420 932 545 1010 legenda
567 950 644 1011 quae
663 936 784 1010 incipit:
805 933 894 995 Chri·
950 943 1022 995 runt
1039 933 1191 1007 secunda,
1214 935 1411 995 lloterodomi
1435 934 1525 997 4707.
1547 938 1571 995 4.
1589 953 1649 1013 prae

171 1033 251 1089 44444
273 1028 304 1086 in
325 1027 465 1087 44444444
481 1023 618 1086 actibus:
642 1028 671 1084 in
691 1033 813 1086 vetusto
842 1025 894 1084 ho
948 1029 1035 1105 cipue
1058 1043 1129 1085 vero
1151 1029 1180 1084 44
1202 1026 1350 1085 vindiciis
1373 1029 1521 1088 Veterum
1550 1030 1648 1104 Scn'pto

172 1122 300 1180 miliario
324 1121 382 1179 llS.
405 1120 477 1179 Bibl.
500 1118 676 1178 Canonicor.
713 1117 805 1194 Major
837 1120 894 1178 Ec·
948 1137 1014 1180 rum
1034 1124 1139 1178 contra
1160 1121 1204 1177 Jo.
1229 1116 1448 1194 tlardutnum,
1470 1137 1546 1198 quae
1565 1119 1645 1179 ibidem

158 1214 280 1273 etesiae
297 1213 441 1270 Lucensis
457 1211 598 1270 tribuitur
615 1213 646 1272 S.
664 1211 806 1271 severino
823 1210 892 1289 Epi·
950 1211 1034 1271 tros.
1064 1213 1092 1269 8.
1122 1210 1219 1271 editae
1247 1218 1322 1270 sunt
1362 1212 1444 1272 llaec
1476 1213 1644 1272 sufficiantda

171 1320 258 1382 scopo
279 1305 339 1363 Nec
360 1320 433 1364 sane
457 1306 484 1360 in
501 1303 682 1363 ascribenda
705 1304 829 1362 Humilia
859 1303 892 1361 il·
947 1306 1092 1381 seriptore
1109 1303 1266 1375 fabuloso,
1287 1302 1491 1380 utiuventuti
1506 1348 1513 1376 ,
1527 1305 1643 1364 ueletiam

172 1398 200 1456 la
222 1398 251 1456 S.
276 1399 362 1456 Petro
383 1395 567 1472 chrysologo
582 1395 663 1454 MSS.
682 1393 808 1455 Codices
823 1410 894 1452 444-
947 1394 1054 1455 harum
1078 1411 1179 1455 rerum
1202 1395 1444 1471 imperitioribus
1466 1395 1558 1455 indice
1574 1394 1641 1473 digito
1679 1420 1681 1467 t

171 1491 320 1561 veniunt,
353 1504 422 1547 nam
453 1489 482 1545 in
505 1488 571 1545 aliis
594 1487 621 1546 S.
642 1488 834 1563 Hieronymi,
858 1488 886 1544 in
945 1504 1095 1549 summam
1125 1488 1166 1545 rci
1191 1485 1364 1546 ostendam.
1396 1487 1487 1548 Plura
1509 1507 1544 1547 ex
1563 1489 1642 1548 iliaris
1679 1470 1681 1509 ¹

171 1581 237 1641 aliis
259 1579 351 1640 Slo.
373 1580 581 1656 Chrysostomi
602 1595 710 1638 nomen
745 1579 887 1655 praefert.
943 1581 1071 1642 eruditis
1097 1594 1247 1640 annorum
1285 1578 1373 1638 47447.
1398 1580 1486 1642 4708.
1510 1581 1641 1657 47444444
1678 1588 1681 1603 ’

171 1673 217 1731 An
241 1673 336 1748 reipsa
358 1688 374 1730 a
397 1672 618 1731 Ravennateusi
638 1671 776 1749 praesule
791 1668 889 1729 detra·
945 1680 1098 1751 poterunt.

172 1764 269 1823 henda
292 1765 354 1839 sit,
376 1771 406 1823 et
427 1764 510 1823 alteri
529 1762 705 1822 ascribenda
729 1765 887 1823 incertum.
989 1766 1128 1826 SEVERI
1159 1765 1318 1839 SANCTl,
1355 1766 1385 1825 id
1415 1774 1466 1827 est
1498 1765 1640 1828 ElillElil-

175 1861 205 1920 Si
227 1866 328 1918 tamen
352 1858 488 1917 Severini
513 1872 581 1914 esse
599 1855 727 1930 dicatur,
740 1855 820 1915 dubii
839 1871 890 1932 pa·
943 1858 1007 1918 Clll
1026 1859 1164 1917 Rhetoris
1181 1859 1311 1918 Carmen
1334 1857 1373 1918 de
1398 1857 1544 1919 mortibus
1564 1855 1637 1927 4444,

174 1956 247 2012 44444
270 1949 467 2021 haerebimus,
501 1966 572 2007 num
602 1947 817 2024 praeferendus
850 1948 889 2005 sit
944 1967 1003 2009 non
1034 1952 1169 2027 ignotum
1198 1957 1256 2008 est.
1285 1950 1449 2011 Editiones
1478 1953 1551 2013 illius
1568 1952 1639 2009 varias

174 2045 342 2105 Severinus
363 2042 411 2100 ille.
427 2086 433 2112 ‚
452 2042 538 2099 cuius
553 2038 687 2098 doctrina
716 2038 753 2098 de
771 2041 889 2116 sapien·
945 2049 1105 2101 recensent
1122 2042 1318 2102 Christianus
1335 2046 1487 2105 Daumius
1504 2047 1531 2104 in
1550 2044 1638 2120 Syllaho

173 2139 213 2194 tia
237 2150 326 2210 saepe
348 2139 435 2208 typos
456 2132 602 2188 exercuit.
944 2137 1102 2214 Poetarum
1149 2132 1422 2210 Christianorum,
1455 2145 1487 2196 44
1522 2137 1638 2198 Fabricius

213 2224 384 2283 SEVERUS
403 2220 602 2290 Archontius,
620 2223 667 2278 vir
691 2221 798 2280 doctus
816 2221 889 2293 luit,
944 2226 1019 2286 nihl.
1040 2227 1134 2284 Latin.
1154 2225 1201 2284 tv,
1217 2228 1244 2284 4.
1263 2242 1291 2301 p.
1309 2227 1380 2288 682.
1403 2230 1517 2306 quibus
1535 2227 1638 2289 addenda

174 2318 314 2376 historiae
338 2322 369 2373 44
399 2316 440 2373 444
472 2315 658 2373 nummariae
692 2315 827 2390 peritus,
853 2311 890 2371 ad
944 2326 993 2378 est
1022 2319 1186 2378 novissima
1213 2334 1284 2380 cum
1314 2328 1422 2381 annot.
1445 2323 1638 2381 intinniit

171 2427 262 2488 quem
278 2410 423 2486 Vopiscus
444 2407 630 2489 provocatio
647 2406 744 2464 Firmo
762 2420 788 2464 c·
801 2405 829 2463 2.
841 2405 891 2464 ubi
948 2412 1058 2487 Wollg.
1077 2410 1191 2483 Seberi,
1209 2410 1304 2487 Lugd.
1322 2415 1390 2472 Bet.
1407 2413 1499 2475 4745.
1518 2415 1545 2472 8.
1562 2430 1593 2471 er
1608 2418 1639 2486 tp·

170 2521 209 2564 ex
232 2502 385 2573 nummis,
406 2498 489 2558 libris
511 2499 581 2556 item
603 2499 726 2557 Graecis
746 2504 778 2555 44
802 2496 891 2574 AEgy·
946 2502 1107 2580 pographia
1126 2503 1202 2561 Petri
1221 2519 1281 2562 vau
1313 2503 1462 2579 derha,
1490 2509 1535 2566 cui
1558 2504 1638 2564 nomini

170 2597 241 2674 ptiis
257 2593 466 2661 confirmavit,
488 2592 620 2650 Firmum
647 2591 675 2648 in
702 2588 810 2647 edictis
829 2591 893 2648 suis
949 2596 1022 2655 illita
1049 2595 1191 2671 deinceps
1222 2595 1280 2654 luit
1308 2596 1366 2656 alia
1384 2597 1638 2670 Schedula‚inuut

170 2703 369 2758 αυτοκρατορα
381 2686 472 2744 luisse
495 2685 667 2743 vocitatum.
690 2683 771 2742 Vixit
791 2688 893 2741 autem
950 2688 1131 2764 impressum
1145 2693 1208 2746 est:
1220 2686 1310 2764 Apud
1323 2690 1501 2750 Samuelem
1512 2694 1638 2751 Lucinam

173 2781 198 2837 is
213 2779 313 2838 seculo
328 2783 443 2858 quarto.
949 2777 1038 2838 4747.
1057 2781 1098 2837 444
1113 2778 1244 2838 Auctore
1261 2786 1294 2838 et
1316 2783 1468 2859 opusculo
1484 2786 1575 2843 444444
1591 2785 1638 2840 sunt

212 2871 313 2930 Alium
347 2868 497 2946 quendam
530 2869 675 2927 Severum
697 2865 892 2926 4444444444
947 2869 1134 2930 erudit-orum
1173 2875 1366 2946 sententiae,
1403 2892 1483 2951 quas
1515 2876 1638 2953 plerasque

59 2956 63 2961 ’
173 2963 260 3022 finxit
294 2961 451 3020 cerebrum
469 2962 513 3018 44.
537 2958 683 3018 llarduini
705 2965 737 3018 et
766 2959 892 3017 aliorum
948 2962 1123 3037 compilavit
1141 2960 1245 3021 Editor
1277 2964 1407 3025 ultimus
1426 2969 1457 3025 in
1475 2967 1638 3045 praelatione

172 3057 378 3119 4444444444,
405 3054 502 3111 virum
529 3052 659 3128 aliquem
681 3050 835 3109 eruditum
861 3056 892 3108 et
948 3053 1001 3112 sed
1020 3070 1126 3131 parum
1142 3060 1195 3113 aut
1215 3054 1290 3115 nihil
1308 3056 1426 3117 definit.
1446 3058 1525 3132 uos,
1542 3065 1571 3120 ut
1586 3055 1639 3115 ordi·

172 3149 203 3205 in
222 3145 368 3222 dignitate
382 3146 581 3203 coustitutum
597 3185 603 3214 ,
621 3144 672 3218 qui
690 3142 792 3208 seculo
810 3142 890 3200 Xlll.
948 3160 985 3203 ne
1003 3144 1222 3221 procedamus,
1240 3146 1362 3206 solliciti
1382 3165 1515 3212 sumus:

171 3237 357 3315 temporibus
390 3236 504 3295 scilicet
533 3235 668 3294 obscuris
701 3241 731 3292 44
758 3233 891 3294 barbaris
988 3237 1010 3295 l.
1030 3236 1068 3295 de
1101 3237 1241 3313 Tempore
1267 3243 1436 3318 conscripti
1466 3241 1639 3304 ttttuaumi

170 3329 335 3406 Collegium
351 3327 468 3404 aliquod
492 3328 624 3400 vimrum
647 3325 803 3385 doctorum
825 3342 892 3385 coe·
949 3327 1018 3386 nis:
1036 3327 1092 3387 hoc
1110 3331 1184 3387 satis
1198 3329 1566 3410 clareindigitatus,oam
1578 3329 1639 3394 curt·

169 3422 263 3500 gerit,
282 3422 332 3498 qui
347 3437 437 3479 omne
454 3435 550 3496 genus
565 3419 746 3495 scriptorum
764 3415 892 3477 Graeco-
946 3419 1074 3477 attrahis
1093 3426 1280 3480 memoratur
1311 3440 1342 3480 v.
1379 3426 1452 3486 407.
1485 3429 1548 3488 tis.
1576 3423 1638 3500 cujus

170 3529 272 3573 corum
307 3518 337 3571 et
368 3513 561 3584 Latinorum,
594 3525 649 3568 nec
678 3525 736 3567 non
768 3511 889 3569 Petrum
946 3511 1203 3588 crucissigounr,
1222 3528 1252 3570 v.
1272 3512 1638 3596 liiii-cumeolofidreoe

168 3602 815 3680 Ecclesiasticorumconfinxerint:exceptis
826 3607 892 3660 444-
944 3598 1104 3675 junctum,
1120 3619 1149 3660 v.
1170 3603 1239 3663 tto.
1258 3604 1339 3664 44444
1359 3610 1560 3685 pestilentiam
1578 3606 1638 3668 seda·

168 3705 234 3757 tum
265 3695 551 3770 Cicerone,Plinio,
572 3694 683 3770 Virgilii
718 3694 889 3772 Georgicis,
947 3694 1034 3750 verit.
1053 3693 1158 3753 Nullas
1175 3702 1278 3754 autem
1298 3699 1444 3761 victimas
1461 3720 1513 3781 pro
1526 3702 1637 3762 matese

168 3791 278 3849 Horatii
297 3788 492 3849 Sermonibus
509 3793 541 3846 et
556 3786 718 3862 Epistolis,
738 3793 769 3845 44
787 3789 890 3864 paucis
946 3781 1046 3843 dando
1061 3785 1177 3846 oblatas
1196 3787 1290 3847 luisse
1309 3788 1451 3866 adserit,
1467 3811 1497 3853 v.
1513 3793 1573 3855 ttt.
1592 3789 1637 3850 444

168 3879 347 3956 quibusdam
367 3880 487 3956 scriptis
502 3878 610 3938 4444444
633 3880 772 3955 Martyris
789 3885 820 3937 ct
838 3881 890 3937 Pa·
944 3882 1128 3953 quapropter
1145 3880 1235 3938 etiam
1255 3882 1408 3958 Bucolus,
1427 3887 1479 3945 cui
1500 3885 1636 3954 44444444·

169 3977 251 4029 4444
271 3971 488 4032 hlricanornm
503 3971 559 4041 Qut
584 3978 684 4030 mente
706 3986 799 4029 sanus
819 3977 886 4043 est,
944 3981 996 4026 rus
1009 3970 1052 4026 sic
1064 3976 1255 4045 narraverat,
1268 3976 1433 4036 consilium
1446 3981 1634 4056 capitemreo

169 4062 219 4117 vix
235 4061 338 4118 credet
354 4063 391 4120 ab
418 4061 537 4120 homine
567 4078 640 4121 sano
668 4062 737 4121 talia
764 4060 886 4138 proferri
942 4064 1077 4119 veterem
1096 4060 1288 4140 defugiendi,
1307 4082 1338 4123 v.
1358 4068 1429 4127 123.
1448 4078 1480 4130 44
1496 4071 1531 4132 ad
1551 4064 1634 4142 444444

168 4151 322 4228 potuisse,
340 4157 373 4209 ut
400 4153 498 4210 omnis
522 4152 596 4211 hdcs
621 4159 884 4212 monumentorum
941 4153 1052 4208 summi
1071 4153 1122 4211 Dei
1141 4161 1172 4212 et
1194 4172 1307 4216 numen
1327 4159 1445 4220 Christi
1469 4158 1633 4240 properandi.

166 4249 259 4302 atam
283 4242 386 4300 multis
407 4243 518 4302 seculis
540 4244 785 4321 pessundaretur.
808 4242 882 4302 Nam
939 4256 969 4298 v.
987 4242 1053 4301 446.
1068 4245 1136 4303 tas.
1149 4246 1192 4305 Ex
1204 4245 1251 4304 his
1264 4249 1358 4326 igitur
1368 4262 1507 4330 constat,
1519 4257 1632 4331 scriptun

167 4338 333 4412 proventus
349 4334 532 4409 ingeniorum
546 4337 638 4396 secuti
655 4337 734 4395 Xlll.
747 4352 805 4393 non
818 4343 883 4394 erat
939 4348 1007 4392 esse
1028 4350 1172 4410 carmen,
1191 4355 1286 4415 quum
1305 4342 1411 4421 religio
1428 4345 1632 4408 (1444444444-
1661 4360 1665 4367 ·

167 4435 229 4485 tam
248 4425 338 4499 lelix,
358 4431 390 4485 ut
407 4441 496 4485 omne
511 4429 696 4502 Poetarum,
725 4429 883 4487 Historieo-
937 4425 1123 4502 valesceret,
1139 4430 1284 4491 sacrificia
1303 4449 1377 4494 vero
1399 4446 1432 4498 et
1453 4441 1552 4502 cultus
1569 4451 1632 4516 paga·

130 4542 132 4546 ¹
166 4534 254 4591 rum,
273 4517 518 4595 Philosophorum
536 4525 567 4576 et
578 4521 763 4597 Scriptorum
781 4520 883 4579 Ecclc-
937 4534 1046 4577 norum
1066 4521 1198 4582 nondum
1222 4541 1348 4600 prorsus
1370 4528 1559 4593 deiecissent.

166 4610 354 4669 siasticorum
373 4625 469 4687 genus
486 4608 523 4668 ab
538 4609 596 4668 illis
614 4612 690 4670 intra
709 4618 770 4671 tam
788 4612 881 4671 breve
976 4611 1012 4671 ll.
1030 4613 1117 4673 Nunc
1134 4617 1223 4692 igitur
1244 4616 1282 4675 de
1303 4625 1432 4681 auctore
1454 4626 1517 4701 ipso
1537 4636 1631 4701 quaem·

165 4701 310 4775 temporis
337 4704 468 4779 spatium
499 4702 648 4778 contingi,
670 4710 701 4761 44
719 4706 747 4762 44
766 4710 810 4762 tot
828 4706 883 4763 Co·
938 4720 1024 4771 mus,
1046 4721 1083 4764 an
1106 4707 1236 4784 aliquem
1259 4709 1400 4773 invenire
1424 4710 1631 4792 queamus,u⁰t

164 4787 247 4848 dices
262 4807 313 4864 per
327 4794 502 4852 universum
521 4799 669 4852 terrarum
686 4793 788 4854 orbem
801 4803 883 4853 tran·
938 4797 997 4858 huc
1009 4798 1146 4876 quadret.
1160 4802 1226 4859 444
1245 4802 1402 4866 Paullinus
1418 4809 1565 4885 Nolanos,
1579 4815 1631 4866 tuor
