<?xml version="1.0" encoding="UTF-8"?>
<!DOCTYPE html PUBLIC "-//W3C//DTD XHTML 1.0 Transitional//EN"
    "http://www.w3.org/TR/xhtml1/DTD/xhtml1-transitional.dtd">
<html xmlns="http://www.w3.org/1999/xhtml" xml:lang="en" lang="en">
 <head>
  <title>
</title>
<meta http-equiv="Content-Type" content="text/html;charset=utf-8" />
  <meta name='ocr-system' content='tesseract 3.04.00' />
  <meta name='ocr-capabilities' content='ocr_page ocr_carea ocr_par ocr_line ocrx_word'/>
</head>
<body>
  <div class='ocr_page' id='page_1' title='image "./bibliothecalati01gallgoog_0094.png"; bbox 0 0 3568 5414; ppageno 0'>
   <div class='ocr_carea' id='block_1_1' title="bbox 30 4816 37 4978">
    <p class='ocr_par' dir='ltr' id='par_1_1' title="bbox 30 4816 37 4978">
     <span class='ocr_line' id='line_1_1' title="bbox 30 4816 37 4890; baseline 0 -12"><span class='ocrx_word' id='word_1_1' title='bbox 30 4816 37 4890; x_wconf 82' lang='lat' dir='ltr'><strong>l</strong></span> 
     </span>
     <span class='ocr_line' id='line_1_2' title="bbox 30 4893 32 4978; baseline 0 -6"><span class='ocrx_word' id='word_1_2' title='bbox 30 4893 32 4978; x_wconf 89' lang='lat' dir='ltr'><strong>l</strong></span> 
     </span>
    </p>
   </div>
   <div class='ocr_carea' id='block_1_2' title="bbox 30 5009 33 5114">
    <p class='ocr_par' dir='ltr' id='par_1_2' title="bbox 30 5009 33 5114">
     <span class='ocr_line' id='line_1_3' title="bbox 30 5009 33 5114; baseline 0 0"><span class='ocrx_word' id='word_1_3' title='bbox 30 5009 33 5114; x_wconf 79' lang='lat' dir='ltr'><strong>l</strong></span> 
     </span>
    </p>
   </div>
   <div class='ocr_carea' id='block_1_3' title="bbox 705 209 1553 275">
    <p class='ocr_par' dir='ltr' id='par_1_3' title="bbox 705 209 1553 275">
     <span class='ocr_line' id='line_1_4' title="bbox 705 209 1553 275; baseline 0.006 -5"><span class='ocrx_word' id='word_1_4' title='bbox 705 209 909 274; x_wconf 75' lang='lat' dir='ltr'><strong>uacat}</strong></span> <span class='ocrx_word' id='word_1_5' title='bbox 1511 214 1553 275; x_wconf 77' lang='grc'><strong>97</strong></span> 
     </span>
    </p>
   </div>
   <div class='ocr_carea' id='block_1_4' title="bbox 68 314 1553 4566">
    <p class='ocr_par' dir='ltr' id='par_1_4' title="bbox 68 314 1553 4566">
     <span class='ocr_line' id='line_1_5' title="bbox 87 314 1550 395; baseline -0.001 -13"><span class='ocrx_word' id='word_1_6' title='bbox 87 318 225 382; x_wconf 68' lang='lat' dir='ltr'><strong>emeterii</strong></span> <span class='ocrx_word' id='word_1_7' title='bbox 242 315 399 395; x_wconf 86' lang='lat' dir='ltr'><strong>complexo</strong></span> <span class='ocrx_word' id='word_1_8' title='bbox 414 315 444 376; x_wconf 88' lang='lat' dir='ltr'><strong>S.</strong></span> <span class='ocrx_word' id='word_1_9' title='bbox 472 314 630 376; x_wconf 76' lang='lat' dir='ltr'><strong>Ambrosiii</strong></span> <span class='ocrx_word' id='word_1_10' title='bbox 651 320 682 376; x_wconf 91' lang='lat' dir='ltr'><strong>et</strong></span> <span class='ocrx_word' id='word_1_11' title='bbox 707 316 775 376; x_wconf 90' lang='lat' dir='ltr'><strong>Ful-</strong></span> <span class='ocrx_word' id='word_1_12' title='bbox 828 315 989 378; x_wconf 83' lang='lat' dir='ltr'><strong>sititianum</strong></span> <span class='ocrx_word' id='word_1_13' title='bbox 1001 317 1080 395; x_wconf 78' lang='lat' dir='ltr'><strong>¹imp.</strong></span> <span class='ocrx_word' id='word_1_14' title='bbox 1100 332 1159 393; x_wconf 87' lang='lat' dir='ltr'><strong>qua</strong></span> <span class='ocrx_word' id='word_1_15' title='bbox 1177 332 1247 376; x_wconf 90' lang='lat' dir='ltr'><strong>eum</strong></span> <span class='ocrx_word' id='word_1_16' title='bbox 1264 320 1509 382; x_wconf 69' lang='lat' dir='ltr'><strong>extremauetate</strong></span> <span class='ocrx_word' id='word_1_17' title='bbox 1521 323 1550 381; x_wconf 92' lang='grc'><strong>44</strong></span> 
     </span>
     <span class='ocr_line' id='line_1_6' title="bbox 85 399 1552 492; baseline 0.001 -20"><span class='ocrx_word' id='word_1_18' title='bbox 85 414 158 492; x_wconf 85' lang='lat' dir='ltr'><strong>gentil</strong></span> <span class='ocrx_word' id='word_1_19' title='bbox 176 404 210 472; x_wconf 84' lang='lat' dir='ltr'><strong>de</strong></span> <span class='ocrx_word' id='word_1_20' title='bbox 221 409 273 472; x_wconf 88' lang='lat' dir='ltr'><strong>SS.</strong></span> <span class='ocrx_word' id='word_1_21' title='bbox 286 412 432 471; x_wconf 77' lang='lat' dir='ltr'><strong>&#39;trinitate</strong></span> <span class='ocrx_word' id='word_1_22' title='bbox 443 416 474 470; x_wconf 89' lang='lat' dir='ltr'><strong>et</strong></span> <span class='ocrx_word' id='word_1_23' title='bbox 486 409 632 488; x_wconf 86' lang='lat' dir='ltr'><strong>Fulgentii</strong></span> <span class='ocrx_word' id='word_1_24' title='bbox 644 410 681 471; x_wconf 93' lang='lat' dir='ltr'><strong>de</strong></span> <span class='ocrx_word' id='word_1_25' title='bbox 693 427 775 470; x_wconf 84' lang='lat' dir='ltr'><strong>crea-</strong></span> <span class='ocrx_word' id='word_1_26' title='bbox 829 410 966 471; x_wconf 84' lang='lat' dir='ltr'><strong>haeresin</strong></span> <span class='ocrx_word' id='word_1_27' title='bbox 984 399 1261 471; x_wconf 82' lang='lat' dir='ltr'><strong>Pbantastastarum</strong></span> <span class='ocrx_word' id='word_1_28' title='bbox 1279 417 1310 470; x_wconf 87' lang='lat' dir='ltr'><strong>et</strong></span> <span class='ocrx_word' id='word_1_29' title='bbox 1329 410 1552 488; x_wconf 76' lang='lat' dir='ltr'><strong>Aphthardoce-</strong></span> 
     </span>
     <span class='ocr_line' id='line_1_7' title="bbox 86 501 1553 582; baseline -0.001 -14"><span class='ocrx_word' id='word_1_30' title='bbox 86 506 146 568; x_wconf 86' lang='lat' dir='ltr'><strong>toris</strong></span> <span class='ocrx_word' id='word_1_31' title='bbox 158 506 174 565; x_wconf 81' lang='grc'>1</span> <span class='ocrx_word' id='word_1_32' title='bbox 188 503 265 566; x_wconf 85' lang='lat' dir='ltr'><strong>DEO</strong></span> <span class='ocrx_word' id='word_1_33' title='bbox 281 504 319 564; x_wconf 89' lang='lat' dir='ltr'><strong>de</strong></span> <span class='ocrx_word' id='word_1_34' title='bbox 337 501 428 563; x_wconf 85' lang='lat' dir='ltr'><strong>nihilo</strong></span> <span class='ocrx_word' id='word_1_35' title='bbox 441 505 558 564; x_wconf 82' lang='lat' dir='ltr'><strong>creatis</strong></span> <span class='ocrx_word' id='word_1_36' title='bbox 582 503 697 582; x_wconf 89' lang='lat' dir='ltr'><strong>Scripta</strong></span> <span class='ocrx_word' id='word_1_37' title='bbox 725 503 774 563; x_wconf 91' lang='lat' dir='ltr'><strong>illa</strong></span> <span class='ocrx_word' id='word_1_38' title='bbox 824 510 924 563; x_wconf 90' lang='lat' dir='ltr'><strong>terum</strong></span> <span class='ocrx_word' id='word_1_39' title='bbox 943 502 1055 580; x_wconf 77' lang='lat' dir='ltr'><strong>prolabi</strong></span> <span class='ocrx_word' id='word_1_40' title='bbox 1078 503 1177 562; x_wconf 88' lang='lat' dir='ltr'><strong>visum</strong></span> <span class='ocrx_word' id='word_1_41' title='bbox 1201 507 1323 562; x_wconf 85' lang='lat' dir='ltr'><strong>revocat</strong></span> <span class='ocrx_word' id='word_1_42' title='bbox 1343 503 1380 564; x_wconf 89' lang='lat' dir='ltr'><strong>ab</strong></span> <span class='ocrx_word' id='word_1_43' title='bbox 1400 521 1503 566; x_wconf 84' lang='lat' dir='ltr'><strong>errore</strong></span> <span class='ocrx_word' id='word_1_44' title='bbox 1520 512 1553 566; x_wconf 89' lang='grc'><strong>41</strong></span> 
     </span>
     <span class='ocr_line' id='line_1_8' title="bbox 85 592 1552 675; baseline 0.001 -18"><span class='ocrx_word' id='word_1_45' title='bbox 85 595 182 658; x_wconf 86' lang='lat' dir='ltr'><strong>liicetae</strong></span> <span class='ocrx_word' id='word_1_46' title='bbox 197 599 225 656; x_wconf 94' lang='lat' dir='ltr'><strong>in</strong></span> <span class='ocrx_word' id='word_1_47' title='bbox 243 596 377 675; x_wconf 82' lang='lat' dir='ltr'><strong>Epistola</strong></span> <span class='ocrx_word' id='word_1_48' title='bbox 394 597 510 656; x_wconf 85' lang='lat' dir='ltr'><strong>ilenrici</strong></span> <span class='ocrx_word' id='word_1_49' title='bbox 531 613 569 656; x_wconf 81' lang='lat' dir='ltr'><strong>ex</strong></span> <span class='ocrx_word' id='word_1_50' title='bbox 599 596 647 656; x_wconf 91' lang='lat' dir='ltr'><strong>illo</strong></span> <span class='ocrx_word' id='word_1_51' title='bbox 675 599 775 657; x_wconf 81' lang='lat' dir='ltr'><strong>Mona·</strong></span> <span class='ocrx_word' id='word_1_52' title='bbox 828 594 923 656; x_wconf 87' lang='lat' dir='ltr'><strong>altera</strong></span> <span class='ocrx_word' id='word_1_53' title='bbox 944 593 986 654; x_wconf 86' lang='lat' dir='ltr'><strong>ad</strong></span> <span class='ocrx_word' id='word_1_54' title='bbox 1004 592 1264 656; x_wconf 80' lang='lat' dir='ltr'><strong>cunacswtnaom</strong></span> <span class='ocrx_word' id='word_1_55' title='bbox 1286 595 1437 674; x_wconf 81' lang='lat' dir='ltr'>(Gregorio</span> <span class='ocrx_word' id='word_1_56' title='bbox 1457 599 1552 660; x_wconf 81' lang='lat' dir='ltr'><strong>&#39;luro-</strong></span> 
     </span>
     <span class='ocr_line' id='line_1_9' title="bbox 85 687 1549 768; baseline 0.001 -18"><span class='ocrx_word' id='word_1_57' title='bbox 85 692 155 750; x_wconf 84' lang='lat' dir='ltr'><strong>sterio</strong></span> <span class='ocrx_word' id='word_1_58' title='bbox 166 687 199 750; x_wconf 88' lang='lat' dir='ltr'><strong>ad</strong></span> <span class='ocrx_word' id='word_1_59' title='bbox 214 688 401 768; x_wconf 73' lang='lat' dir='ltr'><strong>Stephanum</strong></span> <span class='ocrx_word' id='word_1_60' title='bbox 414 688 619 766; x_wconf 87' lang='lat' dir='ltr'><strong>Philosophiae</strong></span> <span class='ocrx_word' id='word_1_61' title='bbox 630 689 773 750; x_wconf 86' lang='grc'>4441464-</span> <span class='ocrx_word' id='word_1_62' title='bbox 829 690 915 748; x_wconf 89' lang='lat' dir='ltr'><strong>neusi</strong></span> <span class='ocrx_word' id='word_1_63' title='bbox 937 688 983 748; x_wconf 83' lang='lat' dir='ltr'><strong>lv.</strong></span> <span class='ocrx_word' id='word_1_64' title='bbox 1007 687 1037 748; x_wconf 86' lang='lat'><strong>3.</strong></span> <span class='ocrx_word' id='word_1_65' title='bbox 1057 695 1088 747; x_wconf 92' lang='lat' dir='ltr'><strong>et</strong></span> <span class='ocrx_word' id='word_1_66' title='bbox 1110 689 1158 748; x_wconf 82' lang='grc'><strong>36.</strong></span> <span class='ocrx_word' id='word_1_67' title='bbox 1186 687 1384 763; x_wconf 76' lang='lat' dir='ltr'><strong>clotsindaml</strong></span> <span class='ocrx_word' id='word_1_68' title='bbox 1405 690 1549 768; x_wconf 79' lang='lat' dir='ltr'><strong>Reginam</strong></span> 
     </span>
     <span class='ocr_line' id='line_1_10' title="bbox 83 779 1553 867; baseline -0.001 -23"><span class='ocrx_word' id='word_1_69' title='bbox 83 789 167 844; x_wconf 88' lang='lat' dir='ltr'><strong>center</strong></span> <span class='ocrx_word' id='word_1_70' title='bbox 181 781 328 844; x_wconf 90' lang='lat' dir='ltr'><strong>imbutum</strong></span> <span class='ocrx_word' id='word_1_71' title='bbox 345 782 403 842; x_wconf 82' lang='grc'>444.</span> <span class='ocrx_word' id='word_1_72' title='bbox 420 783 498 843; x_wconf 75' lang='lat' dir='ltr'><strong>tuta</strong></span> <span class='ocrx_word' id='word_1_73' title='bbox 523 781 592 843; x_wconf 89' lang='lat' dir='ltr'><strong>data</strong></span> <span class='ocrx_word' id='word_1_74' title='bbox 609 789 640 843; x_wconf 90' lang='lat' dir='ltr'><strong>et</strong></span> <span class='ocrx_word' id='word_1_75' title='bbox 656 784 675 843; x_wconf 80' lang='grc'>6</span> <span class='ocrx_word' id='word_1_76' title='bbox 694 784 772 844; x_wconf 85' lang='grc'>4414-</span> <span class='ocrx_word' id='word_1_77' title='bbox 821 779 1103 867; x_wconf 65' lang='lat' dir='ltr'><strong>,Lpngobardorum</strong></span> <span class='ocrx_word' id='word_1_78' title='bbox 1125 780 1329 841; x_wconf 76' lang='lat' dir='ltr'><strong>utdlboinum</strong></span> <span class='ocrx_word' id='word_1_79' title='bbox 1341 781 1450 859; x_wconf 84' lang='lat' dir='ltr'><strong>Regem</strong></span> <span class='ocrx_word' id='word_1_80' title='bbox 1462 799 1553 860; x_wconf 90' lang='lat' dir='ltr'><strong>spon-</strong></span> 
     </span>
     <span class='ocr_line' id='line_1_11' title="bbox 82 872 1550 952; baseline 0.002 -18"><span class='ocrx_word' id='word_1_81' title='bbox 82 875 186 936; x_wconf 88' lang='lat' dir='ltr'><strong>berrimo</strong></span> <span class='ocrx_word' id='word_1_82' title='bbox 199 875 406 936; x_wconf 84' lang='lat' dir='ltr'><strong>llootiaucono</strong></span> <span class='ocrx_word' id='word_1_83' title='bbox 424 876 546 952; x_wconf 81' lang='lat' dir='ltr'><strong>vulgata</strong></span> <span class='ocrx_word' id='word_1_84' title='bbox 563 879 592 934; x_wconf 91' lang='lat' dir='ltr'><strong>in</strong></span> <span class='ocrx_word' id='word_1_85' title='bbox 606 877 773 938; x_wconf 86' lang='lat' dir='ltr'><strong>Diariolta-</strong></span> <span class='ocrx_word' id='word_1_86' title='bbox 826 892 896 936; x_wconf 91' lang='lat' dir='ltr'><strong>sum</strong></span> <span class='ocrx_word' id='word_1_87' title='bbox 918 889 1009 936; x_wconf 92' lang='lat' dir='ltr'><strong>suum</strong></span> <span class='ocrx_word' id='word_1_88' title='bbox 1031 874 1068 934; x_wconf 90' lang='lat' dir='ltr'><strong>ab</strong></span> <span class='ocrx_word' id='word_1_89' title='bbox 1090 889 1190 934; x_wconf 86' lang='lat' dir='ltr'><strong>errore</strong></span> <span class='ocrx_word' id='word_1_90' title='bbox 1211 872 1390 935; x_wconf 76' lang='lat' dir='ltr'><strong>Arianorum</strong></span> <span class='ocrx_word' id='word_1_91' title='bbox 1405 873 1442 934; x_wconf 91' lang='lat' dir='ltr'><strong>ad</strong></span> <span class='ocrx_word' id='word_1_92' title='bbox 1460 875 1550 938; x_wconf 88' lang='lat' dir='ltr'><strong>iidem</strong></span> 
     </span>
     <span class='ocr_line' id='line_1_12' title="bbox 82 965 1171 1046; baseline -0.005 -18"><span class='ocrx_word' id='word_1_93' title='bbox 82 967 125 1028; x_wconf 90' lang='lat' dir='ltr'><strong>lico</strong></span> <span class='ocrx_word' id='word_1_94' title='bbox 141 983 200 1046; x_wconf 87' lang='lat' dir='ltr'><strong>pag.</strong></span> <span class='ocrx_word' id='word_1_95' title='bbox 213 969 266 1028; x_wconf 88' lang='grc'><strong>84.</strong></span> <span class='ocrx_word' id='word_1_96' title='bbox 281 967 353 1028; x_wconf 87' lang='lat' dir='ltr'><strong>haec</strong></span> <span class='ocrx_word' id='word_1_97' title='bbox 369 974 460 1029; x_wconf 88' lang='lat' dir='ltr'><strong>sunt:</strong></span> <span class='ocrx_word' id='word_1_98' title='bbox 479 969 521 1028; x_wconf 85' lang='lat' dir='ltr'><strong>De</strong></span> <span class='ocrx_word' id='word_1_99' title='bbox 541 969 659 1029; x_wconf 83' lang='lat' dir='ltr'><strong>ratione</strong></span> <span class='ocrx_word' id='word_1_100' title='bbox 687 967 775 1030; x_wconf 81' lang='lat' dir='ltr'><strong>Fidei</strong></span> <span class='ocrx_word' id='word_1_101' title='bbox 827 965 1013 1029; x_wconf 83' lang='lat' dir='ltr'><strong>Catholicam</strong></span> <span class='ocrx_word' id='word_1_102' title='bbox 1031 965 1171 1026; x_wconf 86' lang='lat' dir='ltr'><strong>adducat.</strong></span> 
     </span>
     <span class='ocr_line' id='line_1_13' title="bbox 82 1058 1547 1140; baseline 0.001 -21"><span class='ocrx_word' id='word_1_103' title='bbox 82 1058 773 1140; x_wconf 71' lang='grc' dir='ltr'>6464441448.ρο444114.1)4644444444ψεὶ-</span> <span class='ocrx_word' id='word_1_104' title='bbox 869 1061 901 1120; x_wconf 75' lang='lat' dir='ltr'><strong>S·</strong></span> <span class='ocrx_word' id='word_1_105' title='bbox 921 1059 1111 1121; x_wconf 75' lang='lat' dir='ltr'><strong>Nicotaus</strong></span> <span class='ocrx_word' id='word_1_106' title='bbox 1133 1061 1155 1120; x_wconf 94' lang='lat' dir='ltr'><strong>l.</strong></span> <span class='ocrx_word' id='word_1_107' title='bbox 1186 1066 1384 1136; x_wconf 84' lang='lat' dir='ltr'><strong>cognomento</strong></span> <span class='ocrx_word' id='word_1_108' title='bbox 1417 1061 1547 1138; x_wconf 80' lang='lat' dir='ltr'><strong>lilopuur</strong></span> 
     </span>
     <span class='ocr_line' id='line_1_14' title="bbox 80 1145 1551 1231; baseline 0.002 -23"><span class='ocrx_word' id='word_1_109' title='bbox 80 1145 214 1209; x_wconf 82' lang='lat' dir='ltr'><strong>bticnidut</strong></span> <span class='ocrx_word' id='word_1_110' title='bbox 248 1148 372 1210; x_wconf 81' lang='lat' dir='ltr'><strong>Domino</strong></span> <span class='ocrx_word' id='word_1_111' title='bbox 398 1154 499 1211; x_wconf 85' lang='lat' dir='ltr'><strong>nostro</strong></span> <span class='ocrx_word' id='word_1_112' title='bbox 529 1149 613 1212; x_wconf 78' lang='lat' dir='ltr'><strong>taso</strong></span> <span class='ocrx_word' id='word_1_113' title='bbox 644 1151 773 1214; x_wconf 82' lang='lat' dir='ltr'><strong>cllristo</strong></span> <span class='ocrx_word' id='word_1_114' title='bbox 827 1155 853 1229; x_wconf 81' lang='lat' dir='ltr'><strong>al</strong></span> <span class='ocrx_word' id='word_1_115' title='bbox 875 1155 1028 1214; x_wconf 87' lang='lat' dir='ltr'><strong>Romanus</strong></span> <span class='ocrx_word' id='word_1_116' title='bbox 1050 1154 1166 1231; x_wconf 87' lang='lat' dir='ltr'><strong>patria,</strong></span> <span class='ocrx_word' id='word_1_117' title='bbox 1181 1157 1213 1212; x_wconf 89' lang='lat' dir='ltr'><strong>et</strong></span> <span class='ocrx_word' id='word_1_118' title='bbox 1234 1153 1312 1228; x_wconf 85' lang='lat' dir='ltr'><strong>Papa</strong></span> <span class='ocrx_word' id='word_1_119' title='bbox 1332 1153 1486 1214; x_wconf 83' lang='lat' dir='ltr'><strong>liumanua</strong></span> <span class='ocrx_word' id='word_1_120' title='bbox 1512 1152 1551 1212; x_wconf 89' lang='lat' dir='ltr'><strong>ab</strong></span> 
     </span>
     <span class='ocr_line' id='line_1_15' title="bbox 80 1239 1548 1314; baseline 0.001 -13"><span class='ocrx_word' id='word_1_121' title='bbox 80 1239 306 1310; x_wconf 65' lang='lat' dir='ltr'><strong>coamantibus.</strong></span> <span class='ocrx_word' id='word_1_122' title='bbox 333 1281 338 1300; x_wconf 81' lang='grc'><strong>.</strong></span> <span class='ocrx_word' id='word_1_123' title='bbox 691 1307 699 1314; x_wconf 73' lang='grc'>,</span> <span class='ocrx_word' id='word_1_124' title='bbox 828 1246 884 1306; x_wconf 78' lang='lat' dir='ltr'><strong>An.</strong></span> <span class='ocrx_word' id='word_1_125' title='bbox 906 1245 1045 1306; x_wconf 64' lang='grc'>658425.</span> <span class='ocrx_word' id='word_1_126' title='bbox 1067 1245 1151 1305; x_wconf 83' lang='grc'>44441.</span> <span class='ocrx_word' id='word_1_127' title='bbox 1173 1243 1210 1304; x_wconf 83' lang='grc'><strong>46</strong></span> <span class='ocrx_word' id='word_1_128' title='bbox 1233 1243 1291 1308; x_wconf 81' lang='lat' dir='ltr'><strong>An.</strong></span> <span class='ocrx_word' id='word_1_129' title='bbox 1312 1242 1380 1303; x_wconf 86' lang='grc'>667.</span> <span class='ocrx_word' id='word_1_130' title='bbox 1403 1244 1476 1303; x_wconf 77' lang='lat' dir='ltr'><strong>Nor.</strong></span> <span class='ocrx_word' id='word_1_131' title='bbox 1500 1245 1548 1305; x_wconf 88' lang='grc'><strong>42.</strong></span> 
     </span>
     <span class='ocr_line' id='line_1_16' title="bbox 108 1331 1551 1416; baseline 0.001 -24"><span class='ocrx_word' id='word_1_132' title='bbox 108 1331 222 1395; x_wconf 84' lang='lat' dir='ltr'><strong>lilcETl</strong></span> <span class='ocrx_word' id='word_1_133' title='bbox 233 1336 355 1414; x_wconf 87' lang='lat' dir='ltr'><strong>Epicopi</strong></span> <span class='ocrx_word' id='word_1_134' title='bbox 367 1331 523 1394; x_wconf 81' lang='lat' dir='ltr'><strong>libranda</strong></span> <span class='ocrx_word' id='word_1_135' title='bbox 538 1333 610 1396; x_wconf 76' lang='lat' dir='ltr'><strong>Fide</strong></span> <span class='ocrx_word' id='word_1_136' title='bbox 621 1353 774 1398; x_wconf 88' lang='lat' dir='ltr'><strong>commen·</strong></span> <span class='ocrx_word' id='word_1_137' title='bbox 828 1337 916 1414; x_wconf 78' lang='lat' dir='ltr'><strong>cuius</strong></span> <span class='ocrx_word' id='word_1_138' title='bbox 937 1335 1089 1416; x_wconf 71' lang='lat' dir='ltr'><strong>apruniac</strong></span> <span class='ocrx_word' id='word_1_139' title='bbox 1119 1343 1244 1397; x_wconf 89' lang='lat' dir='ltr'><strong>centum</strong></span> <span class='ocrx_word' id='word_1_140' title='bbox 1275 1337 1397 1395; x_wconf 73' lang='lat' dir='ltr'><strong>circiter</strong></span> <span class='ocrx_word' id='word_1_141' title='bbox 1427 1341 1551 1396; x_wconf 85' lang='lat' dir='ltr'><strong>exstant</strong></span> 
     </span>
     <span class='ocr_line' id='line_1_17' title="bbox 78 1423 1550 1509; baseline 0.001 -23"><span class='ocrx_word' id='word_1_142' title='bbox 78 1423 117 1486; x_wconf 88' lang='lat' dir='ltr'><strong>dat</strong></span> <span class='ocrx_word' id='word_1_143' title='bbox 129 1426 319 1489; x_wconf 86' lang='lat' dir='ltr'><strong>cassiodorus</strong></span> <span class='ocrx_word' id='word_1_144' title='bbox 339 1444 404 1507; x_wconf 88' lang='lat' dir='ltr'><strong>cap.</strong></span> <span class='ocrx_word' id='word_1_145' title='bbox 422 1430 470 1490; x_wconf 86' lang='grc'><strong>16.</strong></span> <span class='ocrx_word' id='word_1_146' title='bbox 485 1430 712 1492; x_wconf 74' lang='lat' dir='ltr'><strong>institutionum</strong></span> <span class='ocrx_word' id='word_1_147' title='bbox 726 1435 773 1492; x_wconf 87' lang='lat' dir='ltr'><strong>lli·</strong></span> <span class='ocrx_word' id='word_1_148' title='bbox 824 1431 955 1509; x_wconf 77' lang='lat' dir='ltr'><strong>iunctim</strong></span> <span class='ocrx_word' id='word_1_149' title='bbox 977 1429 1075 1490; x_wconf 85' lang='lat' dir='ltr'><strong>editae</strong></span> <span class='ocrx_word' id='word_1_150' title='bbox 1098 1431 1128 1488; x_wconf 90' lang='lat' dir='ltr'><strong>in</strong></span> <span class='ocrx_word' id='word_1_151' title='bbox 1149 1430 1239 1490; x_wconf 89' lang='lat' dir='ltr'><strong>tomis</strong></span> <span class='ocrx_word' id='word_1_152' title='bbox 1256 1428 1457 1490; x_wconf 79' lang='lat' dir='ltr'><strong>Consiliorum</strong></span> <span class='ocrx_word' id='word_1_153' title='bbox 1474 1429 1550 1489; x_wconf 88' lang='lat' dir='ltr'><strong>ltinii</strong></span> 
     </span>
     <span class='ocr_line' id='line_1_18' title="bbox 78 1519 1551 1599; baseline 0.004 -23"><span class='ocrx_word' id='word_1_154' title='bbox 78 1519 201 1582; x_wconf 84' lang='lat' dir='ltr'><strong>vinamm.</strong></span> <span class='ocrx_word' id='word_1_155' title='bbox 219 1521 374 1583; x_wconf 86' lang='lat' dir='ltr'><strong>incertum</strong></span> <span class='ocrx_word' id='word_1_156' title='bbox 391 1538 430 1582; x_wconf 89' lang='lat' dir='ltr'><strong>aa</strong></span> <span class='ocrx_word' id='word_1_157' title='bbox 445 1521 577 1586; x_wconf 87' lang='lat' dir='ltr'><strong>eundem</strong></span> <span class='ocrx_word' id='word_1_158' title='bbox 604 1539 675 1584; x_wconf 91' lang='lat' dir='ltr'><strong>cum</strong></span> <span class='ocrx_word' id='word_1_159' title='bbox 697 1525 771 1586; x_wconf 92' lang='lat' dir='ltr'><strong>libro</strong></span> <span class='ocrx_word' id='word_1_160' title='bbox 826 1527 898 1586; x_wconf 89' lang='lat' dir='ltr'><strong>tom.</strong></span> <span class='ocrx_word' id='word_1_161' title='bbox 920 1525 968 1585; x_wconf 84' lang='lat' dir='ltr'><strong>Vl.</strong></span> <span class='ocrx_word' id='word_1_162' title='bbox 987 1525 1053 1588; x_wconf 82' lang='lat' dir='ltr'><strong>sive</strong></span> <span class='ocrx_word' id='word_1_163' title='bbox 1074 1525 1147 1584; x_wconf 90' lang='lat' dir='ltr'><strong>tomi</strong></span> <span class='ocrx_word' id='word_1_164' title='bbox 1168 1523 1247 1583; x_wconf 83' lang='lat' dir='ltr'><strong>tertii</strong></span> <span class='ocrx_word' id='word_1_165' title='bbox 1271 1526 1354 1599; x_wconf 86' lang='lat' dir='ltr'><strong>parte</strong></span> <span class='ocrx_word' id='word_1_166' title='bbox 1376 1522 1446 1581; x_wconf 87' lang='lat' dir='ltr'><strong>t.et</strong></span> <span class='ocrx_word' id='word_1_167' title='bbox 1460 1521 1551 1599; x_wconf 83' lang='lat' dir='ltr'><strong>Regia</strong></span> 
     </span>
     <span class='ocr_line' id='line_1_19' title="bbox 78 1607 1549 1693; baseline 0.001 -23"><span class='ocrx_word' id='word_1_168' title='bbox 78 1607 161 1688; x_wconf 83' lang='lat' dir='ltr'><strong>quinto</strong></span> <span class='ocrx_word' id='word_1_169' title='bbox 176 1611 286 1674; x_wconf 86' lang='lat' dir='ltr'><strong>Niceoe</strong></span> <span class='ocrx_word' id='word_1_170' title='bbox 299 1613 337 1674; x_wconf 88' lang='lat' dir='ltr'><strong>de</strong></span> <span class='ocrx_word' id='word_1_171' title='bbox 353 1629 413 1693; x_wconf 89' lang='lat' dir='ltr'><strong>quo</strong></span> <span class='ocrx_word' id='word_1_172' title='bbox 428 1631 527 1692; x_wconf 88' lang='lat' dir='ltr'><strong>supra.</strong></span> <span class='ocrx_word' id='word_1_173' title='bbox 827 1625 899 1677; x_wconf 88' lang='lat' dir='ltr'><strong>tom.</strong></span> <span class='ocrx_word' id='word_1_174' title='bbox 921 1618 1017 1678; x_wconf 83' lang='lat' dir='ltr'><strong>xllll.</strong></span> <span class='ocrx_word' id='word_1_175' title='bbox 1038 1615 1145 1676; x_wconf 91' lang='lat' dir='ltr'><strong>Labbei</strong></span> <span class='ocrx_word' id='word_1_176' title='bbox 1164 1621 1236 1673; x_wconf 88' lang='lat' dir='ltr'><strong>tom.</strong></span> <span class='ocrx_word' id='word_1_177' title='bbox 1256 1613 1331 1674; x_wconf 84' lang='lat' dir='ltr'><strong>vul.</strong></span> <span class='ocrx_word' id='word_1_178' title='bbox 1354 1612 1497 1673; x_wconf 87' lang='lat' dir='ltr'><strong>llarduini</strong></span> <span class='ocrx_word' id='word_1_179' title='bbox 1526 1618 1549 1672; x_wconf 90' lang='lat' dir='ltr'><strong>t.</strong></span> 
     </span>
     <span class='ocr_line' id='line_1_20' title="bbox 91 1701 1550 1783; baseline 0.003 -22"><span class='ocrx_word' id='word_1_180' title='bbox 91 1701 273 1768; x_wconf 81' lang='lat' dir='ltr'><strong>lilcETlUll</strong></span> <span class='ocrx_word' id='word_1_181' title='bbox 290 1705 676 1783; x_wconf 70' lang='grc'>74414414444444444444.</span> <span class='ocrx_word' id='word_1_182' title='bbox 703 1711 770 1774; x_wconf 84' lang='grc'>536.</span> <span class='ocrx_word' id='word_1_183' title='bbox 826 1712 902 1772; x_wconf 84' lang='grc'>1444</span> <span class='ocrx_word' id='word_1_184' title='bbox 924 1710 1054 1770; x_wconf 82' lang='lat' dir='ltr'><strong>maxime</strong></span> <span class='ocrx_word' id='word_1_185' title='bbox 1076 1707 1170 1769; x_wconf 86' lang='lat' dir='ltr'><strong>coleti</strong></span> <span class='ocrx_word' id='word_1_186' title='bbox 1192 1707 1306 1766; x_wconf 86' lang='lat' dir='ltr'><strong>Veneta</strong></span> <span class='ocrx_word' id='word_1_187' title='bbox 1328 1711 1399 1764; x_wconf 87' lang='lat' dir='ltr'><strong>tom.</strong></span> <span class='ocrx_word' id='word_1_188' title='bbox 1428 1708 1465 1767; x_wconf 87' lang='lat' dir='ltr'><strong>X.</strong></span> <span class='ocrx_word' id='word_1_189' title='bbox 1499 1705 1550 1766; x_wconf 90' lang='lat' dir='ltr'><strong>ubi</strong></span> 
     </span>
     <span class='ocr_line' id='line_1_21' title="bbox 77 1797 1550 1882; baseline 0.003 -28"><span class='ocrx_word' id='word_1_190' title='bbox 77 1809 146 1870; x_wconf 81' lang='lat' dir='ltr'><strong>quem</strong></span> <span class='ocrx_word' id='word_1_191' title='bbox 162 1805 306 1860; x_wconf 86' lang='lat' dir='ltr'><strong>memorat</strong></span> <span class='ocrx_word' id='word_1_192' title='bbox 327 1799 458 1878; x_wconf 89' lang='lat' dir='ltr'><strong>cangius</strong></span> <span class='ocrx_word' id='word_1_193' title='bbox 474 1801 676 1880; x_wconf 78' lang='lat' dir='ltr'><strong>Episcopum,</strong></span> <span class='ocrx_word' id='word_1_194' title='bbox 705 1805 773 1866; x_wconf 91' lang='lat' dir='ltr'><strong>nul·</strong></span> <span class='ocrx_word' id='word_1_195' title='bbox 826 1803 976 1882; x_wconf 80' lang='lat' dir='ltr'><strong>appendix</strong></span> <span class='ocrx_word' id='word_1_196' title='bbox 997 1803 1088 1861; x_wconf 91' lang='lat' dir='ltr'><strong>etiam</strong></span> <span class='ocrx_word' id='word_1_197' title='bbox 1110 1800 1198 1859; x_wconf 89' lang='lat' dir='ltr'><strong>tertia</strong></span> <span class='ocrx_word' id='word_1_198' title='bbox 1219 1815 1257 1858; x_wconf 80' lang='lat' dir='ltr'><strong>aa</strong></span> <span class='ocrx_word' id='word_1_199' title='bbox 1278 1797 1391 1859; x_wconf 88' lang='lat' dir='ltr'><strong>ltaluzii</strong></span> <span class='ocrx_word' id='word_1_200' title='bbox 1413 1805 1485 1858; x_wconf 89' lang='lat' dir='ltr'><strong>torn.</strong></span> <span class='ocrx_word' id='word_1_201' title='bbox 1516 1799 1550 1858; x_wconf 88' lang='lat' dir='ltr'><strong>V.</strong></span> 
     </span>
     <span class='ocr_line' id='line_1_22' title="bbox 78 1883 1550 1972; baseline 0.003 -27"><span class='ocrx_word' id='word_1_202' title='bbox 78 1883 124 1946; x_wconf 86' lang='lat' dir='ltr'><strong>lun</strong></span> <span class='ocrx_word' id='word_1_203' title='bbox 140 1891 270 1967; x_wconf 81' lang='lat' dir='ltr'><strong>reperio,</strong></span> <span class='ocrx_word' id='word_1_204' title='bbox 293 1907 391 1970; x_wconf 80' lang='lat' dir='ltr'><strong>seque</strong></span> <span class='ocrx_word' id='word_1_205' title='bbox 421 1894 559 1954; x_wconf 88' lang='lat' dir='ltr'><strong>meminit</strong></span> <span class='ocrx_word' id='word_1_206' title='bbox 584 1896 676 1956; x_wconf 89' lang='lat' dir='ltr'><strong>citato</strong></span> <span class='ocrx_word' id='word_1_207' title='bbox 707 1896 771 1958; x_wconf 91' lang='lat' dir='ltr'><strong>loco</strong></span> <span class='ocrx_word' id='word_1_208' title='bbox 826 1895 988 1959; x_wconf 84' lang='grc'>4444441144.</span> <span class='ocrx_word' id='word_1_209' title='bbox 1011 1910 1079 1972; x_wconf 85' lang='lat' dir='ltr'><strong>pag.</strong></span> <span class='ocrx_word' id='word_1_210' title='bbox 1098 1892 1168 1954; x_wconf 83' lang='grc'>479.</span> <span class='ocrx_word' id='word_1_211' title='bbox 1192 1889 1258 1952; x_wconf 80' lang='lat' dir='ltr'><strong>tac.</strong></span> <span class='ocrx_word' id='word_1_212' title='bbox 1283 1889 1350 1951; x_wconf 87' lang='grc'>467.</span> <span class='ocrx_word' id='word_1_213' title='bbox 1365 1889 1550 1950; x_wconf 78' lang='grc'>,4441444446</span> 
     </span>
     <span class='ocr_line' id='line_1_23' title="bbox 76 1979 1550 2066; baseline 0.001 -26"><span class='ocrx_word' id='word_1_214' title='bbox 76 1979 409 2061; x_wconf 76' lang='lat' dir='ltr'><strong>litcberioszquietiam</strong></span> <span class='ocrx_word' id='word_1_215' title='bbox 424 1987 564 2048; x_wconf 86' lang='lat' dir='ltr'><strong>NlCETll</strong></span> <span class='ocrx_word' id='word_1_216' title='bbox 588 1987 770 2066; x_wconf 87' lang='lat' dir='ltr'><strong>Lugdunen-</strong></span> <span class='ocrx_word' id='word_1_217' title='bbox 824 1999 895 2051; x_wconf 91' lang='lat' dir='ltr'><strong>tom.</strong></span> <span class='ocrx_word' id='word_1_218' title='bbox 920 1991 967 2050; x_wconf 95' lang='grc'><strong>42.</strong></span> <span class='ocrx_word' id='word_1_219' title='bbox 990 1987 1122 2065; x_wconf 80' lang='lat' dir='ltr'><strong>spicileg.</strong></span> <span class='ocrx_word' id='word_1_220' title='bbox 1146 1981 1212 2064; x_wconf 84' lang='lat' dir='ltr'><strong>pag.</strong></span> <span class='ocrx_word' id='word_1_221' title='bbox 1236 1983 1285 2043; x_wconf 88' lang='grc'><strong>42.</strong></span> <span class='ocrx_word' id='word_1_222' title='bbox 1311 1984 1396 2059; x_wconf 87' lang='lat' dir='ltr'><strong>(tom,</strong></span> <span class='ocrx_word' id='word_1_223' title='bbox 1429 1985 1443 2042; x_wconf 91' lang='grc'>1</span> <span class='ocrx_word' id='word_1_224' title='bbox 1477 1981 1550 2042; x_wconf 86' lang='grc'>4641.</span> 
     </span>
     <span class='ocr_line' id='line_1_24' title="bbox 75 2076 1550 2161; baseline -0.002 -22"><span class='ocrx_word' id='word_1_225' title='bbox 75 2077 184 2152; x_wconf 58' lang='lat' dir='ltr'><strong>moui</strong></span> <span class='ocrx_word' id='word_1_226' title='bbox 198 2076 305 2138; x_wconf 88' lang='lat' dir='ltr'><strong>eadem</strong></span> <span class='ocrx_word' id='word_1_227' title='bbox 318 2079 395 2140; x_wconf 82' lang='lat' dir='ltr'><strong>vixit</strong></span> <span class='ocrx_word' id='word_1_228' title='bbox 422 2085 603 2157; x_wconf 87' lang='lat' dir='ltr'><strong>tempestate</strong></span> <span class='ocrx_word' id='word_1_229' title='bbox 624 2084 667 2142; x_wconf 89' lang='lat' dir='ltr'><strong>ait</strong></span> <span class='ocrx_word' id='word_1_230' title='bbox 695 2083 769 2144; x_wconf 87' lang='lat' dir='ltr'><strong>nibil</strong></span> <span class='ocrx_word' id='word_1_231' title='bbox 824 2101 920 2145; x_wconf 88' lang='lat' dir='ltr'><strong>novae</strong></span> <span class='ocrx_word' id='word_1_232' title='bbox 942 2099 1008 2161; x_wconf 85' lang='lat' dir='ltr'><strong>pag.</strong></span> <span class='ocrx_word' id='word_1_233' title='bbox 1025 2079 1106 2147; x_wconf 80' lang='grc'>596.)</span> <span class='ocrx_word' id='word_1_234' title='bbox 1120 2079 1234 2139; x_wconf 86' lang='lat' dir='ltr'><strong>Earum</strong></span> <span class='ocrx_word' id='word_1_235' title='bbox 1256 2077 1392 2136; x_wconf 89' lang='lat' dir='ltr'><strong>omnium</strong></span> <span class='ocrx_word' id='word_1_236' title='bbox 1414 2076 1550 2136; x_wconf 84' lang='lat' dir='ltr'><strong>notitiam</strong></span> 
     </span>
     <span class='ocr_line' id='line_1_25' title="bbox 76 2167 1545 2252; baseline -0.001 -23"><span class='ocrx_word' id='word_1_237' title='bbox 76 2171 177 2243; x_wconf 81' lang='lat' dir='ltr'><strong>utare,</strong></span> <span class='ocrx_word' id='word_1_238' title='bbox 196 2169 279 2247; x_wconf 87' lang='lat' dir='ltr'><strong>quod</strong></span> <span class='ocrx_word' id='word_1_239' title='bbox 296 2188 365 2232; x_wconf 89' lang='lat' dir='ltr'><strong>eum</strong></span> <span class='ocrx_word' id='word_1_240' title='bbox 383 2178 537 2234; x_wconf 80' lang='lat' dir='ltr'><strong>auctorem</strong></span> <span class='ocrx_word' id='word_1_241' title='bbox 554 2175 768 2252; x_wconf 88' lang='lat' dir='ltr'><strong>opusculorum</strong></span> <span class='ocrx_word' id='word_1_242' title='bbox 822 2176 931 2238; x_wconf 89' lang='lat' dir='ltr'><strong>tradidi</strong></span> <span class='ocrx_word' id='word_1_243' title='bbox 952 2182 1024 2235; x_wconf 91' lang='lat' dir='ltr'><strong>torn.</strong></span> <span class='ocrx_word' id='word_1_244' title='bbox 1047 2173 1089 2233; x_wconf 79' lang='lat' dir='ltr'><strong>lx</strong></span> <span class='ocrx_word' id='word_1_245' title='bbox 1109 2169 1185 2231; x_wconf 88' lang='lat' dir='ltr'><strong>Bibl.</strong></span> <span class='ocrx_word' id='word_1_246' title='bbox 1215 2171 1346 2230; x_wconf 81' lang='lat' dir='ltr'><strong>Graecae</strong></span> <span class='ocrx_word' id='word_1_247' title='bbox 1376 2184 1442 2246; x_wconf 90' lang='lat' dir='ltr'><strong>pag.</strong></span> <span class='ocrx_word' id='word_1_248' title='bbox 1475 2167 1545 2228; x_wconf 86' lang='grc'>636.</span> 
     </span>
     <span class='ocr_line' id='line_1_26' title="bbox 75 2257 1545 2349; baseline 0.001 -31"><span class='ocrx_word' id='word_1_249' title='bbox 75 2257 117 2318; x_wconf 82' lang='lat' dir='ltr'><strong>sm</strong></span> <span class='ocrx_word' id='word_1_250' title='bbox 133 2261 231 2322; x_wconf 86' lang='lat' dir='ltr'><strong>Nicetii</strong></span> <span class='ocrx_word' id='word_1_251' title='bbox 249 2263 443 2326; x_wconf 81' lang='lat' dir='ltr'><strong>Trevircasis</strong></span> <span class='ocrx_word' id='word_1_252' title='bbox 468 2268 591 2328; x_wconf 87' lang='lat' dir='ltr'><strong>nomine</strong></span> <span class='ocrx_word' id='word_1_253' title='bbox 618 2265 768 2329; x_wconf 88' lang='lat' dir='ltr'><strong>editorum</strong></span> <span class='ocrx_word' id='word_1_254' title='bbox 822 2288 886 2349; x_wconf 87' lang='lat' dir='ltr'><strong>seq.</strong></span> <span class='ocrx_word' id='word_1_255' title='bbox 918 2271 963 2330; x_wconf 82' lang='lat' dir='ltr'><strong>Ex</strong></span> <span class='ocrx_word' id='word_1_256' title='bbox 996 2268 1044 2326; x_wconf 87' lang='lat' dir='ltr'><strong>his</strong></span> <span class='ocrx_word' id='word_1_257' title='bbox 1075 2263 1225 2343; x_wconf 83' lang='lat' dir='ltr'><strong>Epistulas</strong></span> <span class='ocrx_word' id='word_1_258' title='bbox 1245 2259 1399 2323; x_wconf 79' lang='lat' dir='ltr'><strong>sexdecim</strong></span> <span class='ocrx_word' id='word_1_259' title='bbox 1420 2275 1545 2320; x_wconf 88' lang='lat' dir='ltr'><strong>causam</strong></span> 
     </span>
     <span class='ocr_line' id='line_1_27' title="bbox 75 2350 1548 2438; baseline -0.007 -13"><span class='ocrx_word' id='word_1_260' title='bbox 75 2353 296 2425; x_wconf 66' lang='lat' dir='ltr'><strong>lllflilsuadere·</strong></span> <span class='ocrx_word' id='word_1_261' title='bbox 378 2413 381 2418; x_wconf 92' lang='lat'><strong>.</strong></span> <span class='ocrx_word' id='word_1_262' title='bbox 619 2357 623 2364; x_wconf 85' lang='grc'>’</span> <span class='ocrx_word' id='word_1_263' title='bbox 822 2363 918 2425; x_wconf 86' lang='lat' dir='ltr'><strong>Photii</strong></span> <span class='ocrx_word' id='word_1_264' title='bbox 939 2365 1114 2438; x_wconf 85' lang='lat' dir='ltr'><strong>spectantes</strong></span> <span class='ocrx_word' id='word_1_265' title='bbox 1134 2363 1166 2417; x_wconf 90' lang='lat' dir='ltr'><strong>et</strong></span> <span class='ocrx_word' id='word_1_266' title='bbox 1177 2354 1283 2416; x_wconf 90' lang='lat' dir='ltr'><strong>iisdem</strong></span> <span class='ocrx_word' id='word_1_267' title='bbox 1298 2350 1548 2414; x_wconf 84' lang='lat' dir='ltr'><strong>illisadllt&#39;cltat-</strong></span> 
     </span>
     <span class='ocr_line' id='line_1_28' title="bbox 101 2441 1546 2532; baseline 0 -27"><span class='ocrx_word' id='word_1_268' title='bbox 101 2443 314 2510; x_wconf 75' lang='lat' dir='ltr'><strong>sulcamus</strong></span> <span class='ocrx_word' id='word_1_269' title='bbox 330 2441 523 2511; x_wconf 71' lang='lat' dir='ltr'><strong>Treor&#39;ranct‘t</strong></span> <span class='ocrx_word' id='word_1_270' title='bbox 540 2451 578 2512; x_wconf 90' lang='lat' dir='ltr'><strong>ab</strong></span> <span class='ocrx_word' id='word_1_271' title='bbox 591 2450 627 2512; x_wconf 78' lang='grc' dir='ltr'><strong>Α.</strong></span> <span class='ocrx_word' id='word_1_272' title='bbox 644 2452 713 2513; x_wconf 86' lang='grc'>627.</span> <span class='ocrx_word' id='word_1_273' title='bbox 729 2453 769 2515; x_wconf 89' lang='grc'><strong>46</strong></span> <span class='ocrx_word' id='word_1_274' title='bbox 824 2454 880 2517; x_wconf 85' lang='lat' dir='ltr'><strong>lem</strong></span> <span class='ocrx_word' id='word_1_275' title='bbox 897 2455 1077 2532; x_wconf 79' lang='lat' dir='ltr'><strong>Imperator.</strong></span> <span class='ocrx_word' id='word_1_276' title='bbox 1098 2465 1189 2528; x_wconf 87' lang='lat' dir='ltr'><strong>quam</strong></span> <span class='ocrx_word' id='word_1_277' title='bbox 1211 2448 1327 2525; x_wconf 91' lang='lat' dir='ltr'><strong>abipso</strong></span> <span class='ocrx_word' id='word_1_278' title='bbox 1339 2446 1482 2524; x_wconf 86' lang='lat' dir='ltr'><strong>scriptam</strong></span> <span class='ocrx_word' id='word_1_279' title='bbox 1494 2463 1546 2505; x_wconf 92' lang='lat' dir='ltr'><strong>no·</strong></span> 
     </span>
     <span class='ocr_line' id='line_1_29' title="bbox 73 2531 1546 2621; baseline -0.003 -21"><span class='ocrx_word' id='word_1_280' title='bbox 73 2531 126 2596; x_wconf 76' lang='grc'>566.</span> <span class='ocrx_word' id='word_1_281' title='bbox 138 2539 324 2620; x_wconf 84' lang='lat' dir='ltr'><strong>Episcopus,</strong></span> <span class='ocrx_word' id='word_1_282' title='bbox 341 2541 380 2604; x_wconf 87' lang='lat' dir='ltr'><strong>de</strong></span> <span class='ocrx_word' id='word_1_283' title='bbox 396 2557 457 2621; x_wconf 85' lang='lat' dir='ltr'><strong>quc</strong></span> <span class='ocrx_word' id='word_1_284' title='bbox 472 2545 619 2604; x_wconf 87' lang='lat' dir='ltr'><strong>Baronius</strong></span> <span class='ocrx_word' id='word_1_285' title='bbox 635 2545 672 2605; x_wconf 91' lang='lat' dir='ltr'><strong>ad</strong></span> <span class='ocrx_word' id='word_1_286' title='bbox 694 2548 770 2608; x_wconf 88' lang='lat' dir='ltr'><strong>llar-</strong></span> <span class='ocrx_word' id='word_1_287' title='bbox 824 2553 901 2609; x_wconf 85' lang='lat' dir='ltr'><strong>tavit</strong></span> <span class='ocrx_word' id='word_1_288' title='bbox 922 2545 1102 2608; x_wconf 81' lang='lat' dir='ltr'><strong>Anastasius</strong></span> <span class='ocrx_word' id='word_1_289' title='bbox 1125 2541 1198 2603; x_wconf 85' lang='lat' dir='ltr'><strong>Bibl.</strong></span> <span class='ocrx_word' id='word_1_290' title='bbox 1220 2548 1251 2599; x_wconf 90' lang='lat' dir='ltr'><strong>et</strong></span> <span class='ocrx_word' id='word_1_291' title='bbox 1272 2539 1400 2599; x_wconf 81' lang='lat' dir='ltr'><strong>Decreta</strong></span> <span class='ocrx_word' id='word_1_292' title='bbox 1420 2555 1458 2598; x_wconf 85' lang='lat' dir='ltr'><strong>ex</strong></span> <span class='ocrx_word' id='word_1_293' title='bbox 1472 2539 1546 2598; x_wconf 87' lang='lat' dir='ltr'><strong>cm·</strong></span> 
     </span>
     <span class='ocr_line' id='line_1_30' title="bbox 74 2628 1546 2710; baseline -0.003 -15"><span class='ocrx_word' id='word_1_294' title='bbox 74 2628 177 2710; x_wconf 67' lang='grc'>4114145.</span> <span class='ocrx_word' id='word_1_295' title='bbox 195 2635 283 2696; x_wconf 78' lang='lat' dir='ltr'><strong>Rom.</strong></span> <span class='ocrx_word' id='word_1_296' title='bbox 300 2636 335 2696; x_wconf 87' lang='lat' dir='ltr'><strong>V.</strong></span> <span class='ocrx_word' id='word_1_297' title='bbox 357 2636 514 2696; x_wconf 88' lang='lat' dir='ltr'><strong>Decembr.</strong></span> <span class='ocrx_word' id='word_1_298' title='bbox 546 2636 767 2700; x_wconf 89' lang='lat' dir='ltr'><strong>Sammartbaul</strong></span> <span class='ocrx_word' id='word_1_299' title='bbox 823 2643 904 2702; x_wconf 87' lang='lat' dir='ltr'><strong>tiano</strong></span> <span class='ocrx_word' id='word_1_300' title='bbox 926 2643 955 2702; x_wconf 91' lang='lat' dir='ltr'><strong>in</strong></span> <span class='ocrx_word' id='word_1_301' title='bbox 978 2654 1072 2700; x_wconf 89' lang='lat' dir='ltr'><strong>onum</strong></span> <span class='ocrx_word' id='word_1_302' title='bbox 1094 2635 1217 2696; x_wconf 87' lang='lat' dir='ltr'><strong>collecta</strong></span> <span class='ocrx_word' id='word_1_303' title='bbox 1239 2639 1270 2692; x_wconf 89' lang='lat' dir='ltr'><strong>et</strong></span> <span class='ocrx_word' id='word_1_304' title='bbox 1291 2631 1359 2692; x_wconf 90' lang='lat' dir='ltr'><strong>sub.</strong></span> <span class='ocrx_word' id='word_1_305' title='bbox 1384 2631 1451 2691; x_wconf 81' lang='lat' dir='ltr'><strong>XX.</strong></span> <span class='ocrx_word' id='word_1_306' title='bbox 1474 2630 1546 2690; x_wconf 92' lang='lat' dir='ltr'><strong>titu-</strong></span> 
     </span>
     <span class='ocr_line' id='line_1_31' title="bbox 71 2722 1544 2812; baseline 0.001 -32"><span class='ocrx_word' id='word_1_307' title='bbox 71 2722 622 2806; x_wconf 70' lang='grc'>1114441144(14414114444443.747.</span> <span class='ocrx_word' id='word_1_308' title='bbox 647 2746 711 2808; x_wconf 86' lang='lat' dir='ltr'><strong>seq.</strong></span> <span class='ocrx_word' id='word_1_309' title='bbox 737 2739 771 2792; x_wconf 91' lang='lat' dir='ltr'><strong>et</strong></span> <span class='ocrx_word' id='word_1_310' title='bbox 824 2735 861 2794; x_wconf 90' lang='lat' dir='ltr'><strong>lis</strong></span> <span class='ocrx_word' id='word_1_311' title='bbox 881 2733 998 2812; x_wconf 84' lang='lat' dir='ltr'><strong>digesta</strong></span> <span class='ocrx_word' id='word_1_312' title='bbox 1030 2727 1123 2789; x_wconf 85' lang='lat' dir='ltr'><strong>edidit</strong></span> <span class='ocrx_word' id='word_1_313' title='bbox 1152 2728 1197 2787; x_wconf 86' lang='lat' dir='ltr'><strong>lc.</strong></span> <span class='ocrx_word' id='word_1_314' title='bbox 1229 2723 1399 2797; x_wconf 89' lang='lat' dir='ltr'><strong>coobleos,</strong></span> <span class='ocrx_word' id='word_1_315' title='bbox 1429 2723 1544 2800; x_wconf 83' lang='lat' dir='ltr'><strong>lipsiae</strong></span> 
     </span>
     <span class='ocr_line' id='line_1_32' title="bbox 70 2805 1545 2901; baseline -0.003 -23"><span class='ocrx_word' id='word_1_316' title='bbox 70 2805 185 2878; x_wconf 82' lang='grc'>0461444</span> <span class='ocrx_word' id='word_1_317' title='bbox 202 2826 267 2880; x_wconf 90' lang='lat' dir='ltr'><strong>tom</strong></span> <span class='ocrx_word' id='word_1_318' title='bbox 287 2822 299 2881; x_wconf 99' lang='grc'>1</span> <span class='ocrx_word' id='word_1_319' title='bbox 319 2837 384 2898; x_wconf 86' lang='lat' dir='ltr'><strong>pag.</strong></span> <span class='ocrx_word' id='word_1_320' title='bbox 403 2820 491 2882; x_wconf 82' lang='grc'>1449.</span> <span class='ocrx_word' id='word_1_321' title='bbox 504 2837 567 2900; x_wconf 90' lang='lat' dir='ltr'><strong>seq.</strong></span> <span class='ocrx_word' id='word_1_322' title='bbox 582 2820 770 2901; x_wconf 85' lang='lat' dir='ltr'><strong>NicetiiEpi·</strong></span> <span class='ocrx_word' id='word_1_323' title='bbox 825 2827 912 2888; x_wconf 86' lang='grc'>1636.</span> <span class='ocrx_word' id='word_1_324' title='bbox 936 2827 963 2884; x_wconf 91' lang='grc'><strong>4.</strong></span> <span class='ocrx_word' id='word_1_325' title='bbox 985 2821 1059 2883; x_wconf 91' lang='grc'>4464</span> <span class='ocrx_word' id='word_1_326' title='bbox 1079 2823 1190 2898; x_wconf 81' lang='lat' dir='ltr'><strong>Eumae</strong></span> <span class='ocrx_word' id='word_1_327' title='bbox 1212 2817 1301 2878; x_wconf 88' lang='grc'>1542.</span> <span class='ocrx_word' id='word_1_328' title='bbox 1329 2815 1382 2875; x_wconf 90' lang='grc'>441.</span> <span class='ocrx_word' id='word_1_329' title='bbox 1405 2814 1545 2876; x_wconf 86' lang='lat' dir='ltr'><strong>coloniae</strong></span> 
     </span>
     <span class='ocr_line' id='line_1_33' title="bbox 68 2907 1544 2997; baseline -0.001 -29"><span class='ocrx_word' id='word_1_330' title='bbox 68 2907 130 2982; x_wconf 76' lang='lat' dir='ltr'><strong>ttapi</strong></span> <span class='ocrx_word' id='word_1_331' title='bbox 152 2915 301 2974; x_wconf 85' lang='lat' dir='ltr'><strong>tractatus</strong></span> <span class='ocrx_word' id='word_1_332' title='bbox 334 2910 371 2972; x_wconf 90' lang='lat' dir='ltr'><strong>de</strong></span> <span class='ocrx_word' id='word_1_333' title='bbox 398 2910 511 2990; x_wconf 74' lang='lat' dir='ltr'><strong>uigiliis</strong></span> <span class='ocrx_word' id='word_1_334' title='bbox 532 2929 692 2994; x_wconf 88' lang='lat' dir='ltr'><strong>perperam</strong></span> <span class='ocrx_word' id='word_1_335' title='bbox 717 2917 770 2976; x_wconf 90' lang='lat' dir='ltr'><strong>tri·</strong></span> <span class='ocrx_word' id='word_1_336' title='bbox 823 2927 915 2997; x_wconf 86' lang='lat' dir='ltr'><strong>atque</strong></span> <span class='ocrx_word' id='word_1_337' title='bbox 935 2915 1003 2978; x_wconf 89' lang='lat' dir='ltr'><strong>alibi</strong></span> <span class='ocrx_word' id='word_1_338' title='bbox 1027 2929 1134 2974; x_wconf 87' lang='lat' dir='ltr'><strong>recusa</strong></span> <span class='ocrx_word' id='word_1_339' title='bbox 1155 2911 1274 2971; x_wconf 88' lang='lat' dir='ltr'><strong>notavit</strong></span> <span class='ocrx_word' id='word_1_340' title='bbox 1306 2907 1379 2968; x_wconf 81' lang='lat' dir='ltr'><strong>Lod.</strong></span> <span class='ocrx_word' id='word_1_341' title='bbox 1413 2908 1544 2968; x_wconf 87' lang='lat' dir='ltr'><strong>lacobus</strong></span> 
     </span>
     <span class='ocr_line' id='line_1_34' title="bbox 70 2991 1544 3086; baseline 0 -26"><span class='ocrx_word' id='word_1_342' title='bbox 70 2991 142 3060; x_wconf 75' lang='lat' dir='ltr'><strong>lutus</strong></span> <span class='ocrx_word' id='word_1_343' title='bbox 166 3003 196 3066; x_wconf 91' lang='lat' dir='ltr'><strong>S.</strong></span> <span class='ocrx_word' id='word_1_344' title='bbox 229 3001 458 3068; x_wconf 83' lang='lat' dir='ltr'><strong>lllEllolinlO</strong></span> <span class='ocrx_word' id='word_1_345' title='bbox 484 3014 575 3085; x_wconf 90' lang='lat' dir='ltr'><strong>atqua</strong></span> <span class='ocrx_word' id='word_1_346' title='bbox 601 3008 678 3068; x_wconf 89' lang='lat' dir='ltr'><strong>inter</strong></span> <span class='ocrx_word' id='word_1_347' title='bbox 702 3009 768 3086; x_wconf 79' lang='lat' dir='ltr'><strong>eius</strong></span> <span class='ocrx_word' id='word_1_348' title='bbox 822 3011 898 3072; x_wconf 81' lang='lat' dir='ltr'><strong>Bibl.</strong></span> <span class='ocrx_word' id='word_1_349' title='bbox 919 3005 1093 3086; x_wconf 70' lang='lat' dir='ltr'><strong>Pontificius</strong></span> <span class='ocrx_word' id='word_1_350' title='bbox 1106 3021 1172 3085; x_wconf 84' lang='lat' dir='ltr'><strong>pag.</strong></span> <span class='ocrx_word' id='word_1_351' title='bbox 1196 3001 1265 3064; x_wconf 85' lang='grc'>163.</span> <span class='ocrx_word' id='word_1_352' title='bbox 1281 3000 1365 3062; x_wconf 78' lang='lat' dir='ltr'><strong>Alias</strong></span> <span class='ocrx_word' id='word_1_353' title='bbox 1394 2998 1544 3078; x_wconf 86' lang='lat' dir='ltr'><strong>Epistulas</strong></span> 
     </span>
     <span class='ocr_line' id='line_1_35' title="bbox 70 3091 1545 3182; baseline -0.001 -28"><span class='ocrx_word' id='word_1_354' title='bbox 70 3093 157 3168; x_wconf 79' lang='lat' dir='ltr'><strong>scripta</strong></span> <span class='ocrx_word' id='word_1_355' title='bbox 184 3096 309 3170; x_wconf 84' lang='grc'>464144,</span> <span class='ocrx_word' id='word_1_356' title='bbox 327 3096 389 3157; x_wconf 88' lang='lat' dir='ltr'><strong>scd.</strong></span> <span class='ocrx_word' id='word_1_357' title='bbox 408 3102 521 3160; x_wconf 87' lang='lat' dir='ltr'><strong>auctori</strong></span> <span class='ocrx_word' id='word_1_358' title='bbox 538 3116 594 3160; x_wconf 91' lang='lat' dir='ltr'><strong>suo</strong></span> <span class='ocrx_word' id='word_1_359' title='bbox 608 3102 768 3164; x_wconf 87' lang='lat' dir='ltr'><strong>restitutus</strong></span> <span class='ocrx_word' id='word_1_360' title='bbox 822 3101 968 3182; x_wconf 88' lang='lat' dir='ltr'><strong>quasdam</strong></span> <span class='ocrx_word' id='word_1_361' title='bbox 982 3103 1026 3161; x_wconf 86' lang='lat' dir='ltr'><strong>to.</strong></span> <span class='ocrx_word' id='word_1_362' title='bbox 1037 3097 1201 3160; x_wconf 79' lang='lat' dir='ltr'><strong>cordesius</strong></span> <span class='ocrx_word' id='word_1_363' title='bbox 1215 3095 1309 3156; x_wconf 90' lang='lat' dir='ltr'><strong>edidit</strong></span> <span class='ocrx_word' id='word_1_364' title='bbox 1319 3111 1389 3154; x_wconf 90' lang='lat' dir='ltr'><strong>oum</strong></span> <span class='ocrx_word' id='word_1_365' title='bbox 1402 3091 1545 3153; x_wconf 77' lang='lat' dir='ltr'><strong>ilincma·</strong></span> 
     </span>
     <span class='ocr_line' id='line_1_36' title="bbox 68 3182 1545 3271; baseline -0.001 -26"><span class='ocrx_word' id='word_1_366' title='bbox 68 3182 221 3250; x_wconf 83' lang='lat' dir='ltr'><strong>tltaoberio</strong></span> <span class='ocrx_word' id='word_1_367' title='bbox 236 3195 313 3271; x_wconf 88' lang='lat' dir='ltr'><strong>tom.</strong></span> <span class='ocrx_word' id='word_1_368' title='bbox 331 3192 349 3252; x_wconf 86' lang='lat'><strong>3</strong></span> <span class='ocrx_word' id='word_1_369' title='bbox 364 3191 509 3269; x_wconf 87' lang='lat' dir='ltr'><strong>spicilegii</strong></span> <span class='ocrx_word' id='word_1_370' title='bbox 529 3193 608 3269; x_wconf 81' lang='lat' dir='ltr'><strong>(edit.</strong></span> <span class='ocrx_word' id='word_1_371' title='bbox 628 3209 724 3256; x_wconf 82' lang='lat' dir='ltr'><strong>novae</strong></span> <span class='ocrx_word' id='word_1_372' title='bbox 741 3203 767 3255; x_wconf 92' lang='lat' dir='ltr'><strong>t.</strong></span> <span class='ocrx_word' id='word_1_373' title='bbox 821 3197 846 3256; x_wconf 90' lang='lat' dir='ltr'><strong>ri</strong></span> <span class='ocrx_word' id='word_1_374' title='bbox 867 3194 1024 3255; x_wconf 80' lang='lat' dir='ltr'><strong>ilemensis</strong></span> <span class='ocrx_word' id='word_1_375' title='bbox 1044 3191 1187 3270; x_wconf 88' lang='lat' dir='ltr'><strong>Epistolis</strong></span> <span class='ocrx_word' id='word_1_376' title='bbox 1208 3190 1298 3250; x_wconf 87' lang='lat' dir='ltr'><strong>Paris.</strong></span> <span class='ocrx_word' id='word_1_377' title='bbox 1320 3187 1408 3248; x_wconf 85' lang='grc'>6616.</span> <span class='ocrx_word' id='word_1_378' title='bbox 1425 3185 1452 3244; x_wconf 90' lang='grc'><strong>4.</strong></span> <span class='ocrx_word' id='word_1_379' title='bbox 1468 3185 1545 3244; x_wconf 86' lang='lat' dir='ltr'><strong>Lon·</strong></span> 
     </span>
     <span class='ocr_line' id='line_1_37' title="bbox 72 3275 1541 3368; baseline -0.003 -29"><span class='ocrx_word' id='word_1_380' title='bbox 72 3275 266 3354; x_wconf 75' lang='grc'>1422114444</span> <span class='ocrx_word' id='word_1_381' title='bbox 287 3283 461 3346; x_wconf 88' lang='lat' dir='ltr'><strong>inscribitur</strong></span> <span class='ocrx_word' id='word_1_382' title='bbox 476 3283 512 3345; x_wconf 87' lang='lat' dir='ltr'><strong>de</strong></span> <span class='ocrx_word' id='word_1_383' title='bbox 528 3283 640 3363; x_wconf 73' lang='lat' dir='ltr'><strong>uigiliis</strong></span> <span class='ocrx_word' id='word_1_384' title='bbox 666 3303 768 3350; x_wconf 79' lang='grc'>44444·</span> <span class='ocrx_word' id='word_1_385' title='bbox 821 3304 859 3368; x_wconf 85' lang='lat' dir='ltr'><strong>gc</strong></span> <span class='ocrx_word' id='word_1_386' title='bbox 879 3285 983 3365; x_wconf 87' lang='lat' dir='ltr'><strong>plures</strong></span> <span class='ocrx_word' id='word_1_387' title='bbox 1003 3301 1041 3345; x_wconf 86' lang='lat' dir='ltr'><strong>ex</strong></span> <span class='ocrx_word' id='word_1_388' title='bbox 1061 3282 1167 3343; x_wconf 89' lang='lat' dir='ltr'><strong>iisdem</strong></span> <span class='ocrx_word' id='word_1_389' title='bbox 1195 3281 1348 3360; x_wconf 88' lang='lat' dir='ltr'><strong>Epistulae</strong></span> <span class='ocrx_word' id='word_1_390' title='bbox 1379 3279 1485 3340; x_wconf 88' lang='lat' dir='ltr'><strong>obviae</strong></span> <span class='ocrx_word' id='word_1_391' title='bbox 1512 3278 1541 3336; x_wconf 95' lang='grc'><strong>44</strong></span> 
     </span>
     <span class='ocr_line' id='line_1_38' title="bbox 69 3373 1543 3458; baseline 0 -28"><span class='ocrx_word' id='word_1_392' title='bbox 69 3374 208 3452; x_wconf 73' lang='lat' dir='ltr'><strong>annal,</strong></span> <span class='ocrx_word' id='word_1_393' title='bbox 228 3392 289 3436; x_wconf 88' lang='lat' dir='ltr'><strong>neo</strong></span> <span class='ocrx_word' id='word_1_394' title='bbox 307 3382 408 3438; x_wconf 82' lang='grc'>144444</span> <span class='ocrx_word' id='word_1_395' title='bbox 426 3375 636 3440; x_wconf 89' lang='lat' dir='ltr'><strong>deLaicorum</strong></span> <span class='ocrx_word' id='word_1_396' title='bbox 659 3382 767 3458; x_wconf 85' lang='lat' dir='ltr'><strong>vigiliis</strong></span> <span class='ocrx_word' id='word_1_397' title='bbox 822 3386 903 3443; x_wconf 89' lang='lat' dir='ltr'><strong>tomo</strong></span> <span class='ocrx_word' id='word_1_398' title='bbox 925 3378 1014 3438; x_wconf 89' lang='lat' dir='ltr'><strong>tertio</strong></span> <span class='ocrx_word' id='word_1_399' title='bbox 1035 3374 1234 3437; x_wconf 91' lang='lat' dir='ltr'><strong>conciliorum</strong></span> <span class='ocrx_word' id='word_1_400' title='bbox 1269 3373 1406 3442; x_wconf 89' lang='lat' dir='ltr'><strong>Galliae,</strong></span> <span class='ocrx_word' id='word_1_401' title='bbox 1439 3383 1543 3431; x_wconf 83' lang='grc'>44444-</span> 
     </span>
     <span class='ocr_line' id='line_1_39' title="bbox 69 3463 1541 3544; baseline 0.001 -23"><span class='ocrx_word' id='word_1_402' title='bbox 69 3464 163 3540; x_wconf 73' lang='lat' dir='ltr'><strong>agitur,</strong></span> <span class='ocrx_word' id='word_1_403' title='bbox 179 3485 235 3528; x_wconf 88' lang='lat' dir='ltr'><strong>nee</strong></span> <span class='ocrx_word' id='word_1_404' title='bbox 254 3467 382 3530; x_wconf 76' lang='lat' dir='ltr'><strong>Abbatis</strong></span> <span class='ocrx_word' id='word_1_405' title='bbox 404 3469 451 3529; x_wconf 90' lang='lat' dir='ltr'><strong>bic</strong></span> <span class='ocrx_word' id='word_1_406' title='bbox 472 3485 572 3532; x_wconf 89' lang='lat' dir='ltr'><strong>sermo</strong></span> <span class='ocrx_word' id='word_1_407' title='bbox 592 3471 770 3533; x_wconf 82' lang='grc'>44146444-</span> <span class='ocrx_word' id='word_1_408' title='bbox 823 3477 911 3532; x_wconf 87' lang='lat' dir='ltr'><strong>sente</strong></span> <span class='ocrx_word' id='word_1_409' title='bbox 934 3465 1108 3540; x_wconf 83' lang='lat' dir='ltr'><strong>sirmondo,</strong></span> <span class='ocrx_word' id='word_1_410' title='bbox 1129 3472 1162 3526; x_wconf 91' lang='lat' dir='ltr'><strong>et</strong></span> <span class='ocrx_word' id='word_1_411' title='bbox 1179 3465 1258 3544; x_wconf 91' lang='lat' dir='ltr'><strong>apud</strong></span> <span class='ocrx_word' id='word_1_412' title='bbox 1280 3465 1482 3526; x_wconf 80' lang='grc'>6444444441.</span> <span class='ocrx_word' id='word_1_413' title='bbox 1503 3463 1541 3522; x_wconf 86' lang='lat' dir='ltr'><strong>x.</strong></span> 
     </span>
     <span class='ocr_line' id='line_1_40' title="bbox 69 3553 1542 3644; baseline -0.001 -30"><span class='ocrx_word' id='word_1_414' title='bbox 69 3555 232 3637; x_wconf 76' lang='lat' dir='ltr'><strong>mbu,sed</strong></span> <span class='ocrx_word' id='word_1_415' title='bbox 256 3561 396 3640; x_wconf 87' lang='lat' dir='ltr'><strong>Episcopi</strong></span> <span class='ocrx_word' id='word_1_416' title='bbox 409 3563 553 3640; x_wconf 91' lang='lat' dir='ltr'><strong>populum</strong></span> <span class='ocrx_word' id='word_1_417' title='bbox 567 3563 769 3644; x_wconf 84' lang='lat' dir='ltr'><strong>alloquentis,</strong></span> <span class='ocrx_word' id='word_1_418' title='bbox 824 3562 932 3624; x_wconf 81' lang='lat' dir='ltr'><strong>Aunal.</strong></span> <span class='ocrx_word' id='word_1_419' title='bbox 955 3563 1106 3638; x_wconf 79' lang='lat' dir='ltr'><strong>Responsa</strong></span> <span class='ocrx_word' id='word_1_420' title='bbox 1125 3556 1168 3618; x_wconf 85' lang='lat' dir='ltr'><strong>ad</strong></span> <span class='ocrx_word' id='word_1_421' title='bbox 1187 3553 1330 3620; x_wconf 75' lang='lat' dir='ltr'><strong>Consulto</strong></span> <span class='ocrx_word' id='word_1_422' title='bbox 1340 3553 1542 3632; x_wconf 77' lang='lat' dir='ltr'><strong>Bulpororum</strong></span> 
     </span>
     <span class='ocr_line' id='line_1_41' title="bbox 70 3647 1541 3734; baseline -0.003 -24"><span class='ocrx_word' id='word_1_423' title='bbox 70 3647 173 3712; x_wconf 79' lang='lat' dir='ltr'><strong>utone</strong></span> <span class='ocrx_word' id='word_1_424' title='bbox 192 3654 373 3716; x_wconf 87' lang='lat' dir='ltr'><strong>observavit</strong></span> <span class='ocrx_word' id='word_1_425' title='bbox 390 3655 526 3717; x_wconf 87' lang='lat' dir='ltr'><strong>Valesius</strong></span> <span class='ocrx_word' id='word_1_426' title='bbox 549 3655 585 3716; x_wconf 96' lang='grc'><strong>46</strong></span> <span class='ocrx_word' id='word_1_427' title='bbox 612 3656 767 3718; x_wconf 88' lang='lat' dir='ltr'><strong>Sozomeni</strong></span> <span class='ocrx_word' id='word_1_428' title='bbox 822 3657 927 3734; x_wconf 88' lang='lat' dir='ltr'><strong>capita</strong></span> <span class='ocrx_word' id='word_1_429' title='bbox 942 3653 1014 3715; x_wconf 74' lang='lat' dir='ltr'><strong>tvl.</strong></span> <span class='ocrx_word' id='word_1_430' title='bbox 1034 3648 1541 3731; x_wconf 67' lang='grc'>44134441644444444474464444</span> 
     </span>
     <span class='ocr_line' id='line_1_42' title="bbox 71 3733 1542 3825; baseline -0.003 -21"><span class='ocrx_word' id='word_1_431' title='bbox 71 3733 124 3801; x_wconf 71' lang='lat' dir='ltr'><strong>illl.</strong></span> <span class='ocrx_word' id='word_1_432' title='bbox 142 3744 245 3825; x_wconf 84' lang='lat' dir='ltr'><strong>8.pag.</strong></span> <span class='ocrx_word' id='word_1_433' title='bbox 262 3746 333 3807; x_wconf 90' lang='grc'>462.</span> <span class='ocrx_word' id='word_1_434' title='bbox 345 3745 509 3823; x_wconf 80' lang='lat' dir='ltr'><strong>Subiunxit</strong></span> <span class='ocrx_word' id='word_1_435' title='bbox 523 3748 686 3811; x_wconf 84' lang='lat' dir='ltr'><strong>Daclrerius</strong></span> <span class='ocrx_word' id='word_1_436' title='bbox 700 3751 769 3812; x_wconf 86' lang='lat' dir='ltr'><strong>Ser·</strong></span> <span class='ocrx_word' id='word_1_437' title='bbox 822 3764 893 3808; x_wconf 91' lang='lat' dir='ltr'><strong>oum</strong></span> <span class='ocrx_word' id='word_1_438' title='bbox 915 3743 1187 3809; x_wconf 76' lang='lat' dir='ltr'><strong>constitutionibus</strong></span> <span class='ocrx_word' id='word_1_439' title='bbox 1207 3741 1386 3821; x_wconf 66' lang='lat' dir='ltr'><strong>apostolicis</strong></span> <span class='ocrx_word' id='word_1_440' title='bbox 1399 3755 1437 3800; x_wconf 84' lang='lat' dir='ltr'><strong>cx</strong></span> <span class='ocrx_word' id='word_1_441' title='bbox 1451 3737 1542 3800; x_wconf 86' lang='lat' dir='ltr'><strong>Grae·</strong></span> 
     </span>
     <span class='ocr_line' id='line_1_43' title="bbox 71 3832 1543 3919; baseline -0.003 -20"><span class='ocrx_word' id='word_1_442' title='bbox 71 3844 163 3898; x_wconf 69' lang='lat' dir='ltr'><strong>lucem</strong></span> <span class='ocrx_word' id='word_1_443' title='bbox 176 3837 212 3899; x_wconf 87' lang='lat' dir='ltr'><strong>de</strong></span> <span class='ocrx_word' id='word_1_444' title='bbox 225 3837 417 3904; x_wconf 81' lang='lat' dir='ltr'><strong>Psalntndiac</strong></span> <span class='ocrx_word' id='word_1_445' title='bbox 428 3837 511 3916; x_wconf 87' lang='lat' dir='ltr'><strong>bono,</strong></span> <span class='ocrx_word' id='word_1_446' title='bbox 523 3859 612 3919; x_wconf 86' lang='lat' dir='ltr'><strong>quem</strong></span> <span class='ocrx_word' id='word_1_447' title='bbox 627 3859 686 3902; x_wconf 91' lang='lat' dir='ltr'><strong>una</strong></span> <span class='ocrx_word' id='word_1_448' title='bbox 696 3859 766 3904; x_wconf 90' lang='lat' dir='ltr'><strong>oum</strong></span> <span class='ocrx_word' id='word_1_449' title='bbox 822 3857 858 3900; x_wconf 90' lang='lat' dir='ltr'><strong>oo</strong></span> <span class='ocrx_word' id='word_1_450' title='bbox 870 3885 876 3911; x_wconf 91' lang='lat'><strong>,</strong></span> <span class='ocrx_word' id='word_1_451' title='bbox 887 3839 1119 3916; x_wconf 80' lang='lat' dir='ltr'><strong>canonibusque</strong></span> <span class='ocrx_word' id='word_1_452' title='bbox 1131 3836 1269 3899; x_wconf 87' lang='lat' dir='ltr'><strong>Nicaenis</strong></span> <span class='ocrx_word' id='word_1_453' title='bbox 1281 3833 1404 3894; x_wconf 73' lang='lat' dir='ltr'><strong>lxxx.</strong></span> <span class='ocrx_word' id='word_1_454' title='bbox 1414 3849 1451 3892; x_wconf 86' lang='lat' dir='ltr'><strong>ax</strong></span> <span class='ocrx_word' id='word_1_455' title='bbox 1468 3832 1543 3896; x_wconf 81' lang='grc'>644·</span> 
     </span>
     <span class='ocr_line' id='line_1_44' title="bbox 70 3925 1540 4007; baseline -0.005 -16"><span class='ocrx_word' id='word_1_456' title='bbox 70 3930 194 4002; x_wconf 59' lang='lat' dir='ltr'><strong>”acriore</strong></span> <span class='ocrx_word' id='word_1_457' title='bbox 213 3932 252 3994; x_wconf 93' lang='grc'><strong>46</strong></span> <span class='ocrx_word' id='word_1_458' title='bbox 269 3933 420 3996; x_wconf 88' lang='lat' dir='ltr'><strong>Nicotium</strong></span> <span class='ocrx_word' id='word_1_459' title='bbox 442 3935 508 3994; x_wconf 85' lang='lat' dir='ltr'><strong>sive</strong></span> <span class='ocrx_word' id='word_1_460' title='bbox 522 3933 657 3995; x_wconf 88' lang='lat' dir='ltr'><strong>Nicetam</strong></span> <span class='ocrx_word' id='word_1_461' title='bbox 677 3933 768 3996; x_wconf 85' lang='lat' dir='ltr'><strong>Daco-</strong></span> <span class='ocrx_word' id='word_1_462' title='bbox 822 3933 888 3994; x_wconf 92' lang='lat' dir='ltr'><strong>bico</strong></span> <span class='ocrx_word' id='word_1_463' title='bbox 908 3934 1012 3993; x_wconf 88' lang='lat' dir='ltr'><strong>Latiae</strong></span> <span class='ocrx_word' id='word_1_464' title='bbox 1034 3933 1148 4006; x_wconf 84' lang='lat' dir='ltr'><strong>versis,</strong></span> <span class='ocrx_word' id='word_1_465' title='bbox 1170 3929 1315 4007; x_wconf 80' lang='lat' dir='ltr'><strong>unaverp.</strong></span> <span class='ocrx_word' id='word_1_466' title='bbox 1332 3925 1540 3988; x_wconf 68' lang='lat' dir='ltr'><strong>liticinum·</strong></span> 
     </span>
     <span class='ocr_line' id='line_1_45' title="bbox 71 4016 1541 4105; baseline -0.002 -23"><span class='ocrx_word' id='word_1_467' title='bbox 71 4022 618 4105; x_wconf 69' lang='grc' dir='ltr'><strong>Ι’4441444444444144444414414164414</strong></span> <span class='ocrx_word' id='word_1_468' title='bbox 644 4026 681 4086; x_wconf 92' lang='lat' dir='ltr'><strong>de</strong></span> <span class='ocrx_word' id='word_1_469' title='bbox 708 4043 768 4104; x_wconf 90' lang='lat' dir='ltr'><strong>quo</strong></span> <span class='ocrx_word' id='word_1_470' title='bbox 821 4025 860 4086; x_wconf 89' lang='grc'><strong>64</strong></span> <span class='ocrx_word' id='word_1_471' title='bbox 880 4019 1027 4085; x_wconf 83' lang='lat' dir='ltr'><strong>Boionius</strong></span> <span class='ocrx_word' id='word_1_472' title='bbox 1048 4023 1085 4084; x_wconf 93' lang='grc'><strong>46</strong></span> <span class='ocrx_word' id='word_1_473' title='bbox 1108 4024 1165 4083; x_wconf 81' lang='lat' dir='ltr'><strong>Aa.</strong></span> <span class='ocrx_word' id='word_1_474' title='bbox 1189 4022 1257 4083; x_wconf 85' lang='grc'>4466.</span> <span class='ocrx_word' id='word_1_475' title='bbox 1279 4037 1309 4080; x_wconf 91' lang='grc'><strong>4.</strong></span> <span class='ocrx_word' id='word_1_476' title='bbox 1331 4021 1358 4079; x_wconf 91' lang='grc'><strong>7.</strong></span> <span class='ocrx_word' id='word_1_477' title='bbox 1381 4021 1424 4080; x_wconf 81' lang='grc'><strong>444</strong></span> <span class='ocrx_word' id='word_1_478' title='bbox 1455 4016 1541 4080; x_wconf 83' lang='lat' dir='ltr'><strong>Suio-</strong></span> 
     </span>
     <span class='ocr_line' id='line_1_46' title="bbox 70 4111 1542 4196; baseline 0.001 -26"><span class='ocrx_word' id='word_1_479' title='bbox 70 4111 144 4184; x_wconf 71' lang='grc'>4444)</span> <span class='ocrx_word' id='word_1_480' title='bbox 163 4113 298 4174; x_wconf 84' lang='lat' dir='ltr'><strong>retulere</strong></span> <span class='ocrx_word' id='word_1_481' title='bbox 318 4113 445 4184; x_wconf 87' lang='lat' dir='ltr'><strong>codices</strong></span> <span class='ocrx_word' id='word_1_482' title='bbox 465 4115 657 4192; x_wconf 85' lang='lat' dir='ltr'><strong>llanuscripti</strong></span> <span class='ocrx_word' id='word_1_483' title='bbox 670 4118 769 4194; x_wconf 88' lang='lat' dir='ltr'><strong>inspe-</strong></span> <span class='ocrx_word' id='word_1_484' title='bbox 821 4133 906 4178; x_wconf 85' lang='lat' dir='ltr'><strong>mone</strong></span> <span class='ocrx_word' id='word_1_485' title='bbox 926 4119 1004 4196; x_wconf 81' lang='lat' dir='ltr'><strong>llege</strong></span> <span class='ocrx_word' id='word_1_486' title='bbox 1024 4119 1155 4194; x_wconf 82' lang='lat' dir='ltr'><strong>llartyre</strong></span> <span class='ocrx_word' id='word_1_487' title='bbox 1176 4117 1206 4174; x_wconf 91' lang='lat' dir='ltr'><strong>in</strong></span> <span class='ocrx_word' id='word_1_488' title='bbox 1232 4115 1386 4175; x_wconf 86' lang='lat' dir='ltr'><strong>Britannia</strong></span> <span class='ocrx_word' id='word_1_489' title='bbox 1417 4111 1542 4173; x_wconf 79' lang='lat' dir='ltr'><strong>Aremo-</strong></span> 
     </span>
     <span class='ocr_line' id='line_1_47' title="bbox 72 4197 1542 4294; baseline 0.003 -33"><span class='ocrx_word' id='word_1_490' title='bbox 72 4197 100 4250; x_wconf 85' lang='lat' dir='ltr'><strong>ui</strong></span> <span class='ocrx_word' id='word_1_491' title='bbox 112 4201 216 4264; x_wconf 83' lang='lat' dir='ltr'><strong>labbeo</strong></span> <span class='ocrx_word' id='word_1_492' title='bbox 234 4223 305 4284; x_wconf 85' lang='lat' dir='ltr'><strong>pag.</strong></span> <span class='ocrx_word' id='word_1_493' title='bbox 323 4207 372 4268; x_wconf 91' lang='grc'><strong>26.</strong></span> <span class='ocrx_word' id='word_1_494' title='bbox 389 4207 464 4268; x_wconf 81' lang='lat' dir='ltr'><strong>bibl.</strong></span> <span class='ocrx_word' id='word_1_495' title='bbox 487 4225 582 4268; x_wconf 89' lang='lat' dir='ltr'><strong>novae</strong></span> <span class='ocrx_word' id='word_1_496' title='bbox 607 4209 770 4270; x_wconf 86' lang='grc'>4144444444-</span> <span class='ocrx_word' id='word_1_497' title='bbox 822 4211 909 4287; x_wconf 88' lang='lat' dir='ltr'><strong>rica,</strong></span> <span class='ocrx_word' id='word_1_498' title='bbox 929 4209 966 4270; x_wconf 91' lang='grc'><strong>46</strong></span> <span class='ocrx_word' id='word_1_499' title='bbox 988 4209 1078 4288; x_wconf 85' lang='lat' dir='ltr'><strong>cujus</strong></span> <span class='ocrx_word' id='word_1_500' title='bbox 1101 4210 1280 4294; x_wconf 83' lang='lat' dir='ltr'><strong>legationem</strong></span> <span class='ocrx_word' id='word_1_501' title='bbox 1292 4207 1390 4284; x_wconf 89' lang='lat' dir='ltr'><strong>capita</strong></span> <span class='ocrx_word' id='word_1_502' title='bbox 1417 4221 1542 4284; x_wconf 87' lang='lat' dir='ltr'><strong>respou-</strong></span> 
     </span>
     <span class='ocr_line' id='line_1_48' title="bbox 71 4293 1541 4380; baseline -0.002 -19"><span class='ocrx_word' id='word_1_503' title='bbox 71 4293 171 4361; x_wconf 72' lang='grc'>41411444.</span> <span class='ocrx_word' id='word_1_504' title='bbox 193 4300 330 4360; x_wconf 83' lang='lat' dir='ltr'><strong>Exstant</strong></span> <span class='ocrx_word' id='word_1_505' title='bbox 350 4307 381 4360; x_wconf 91' lang='lat' dir='ltr'><strong>et</strong></span> <span class='ocrx_word' id='word_1_506' title='bbox 402 4300 469 4377; x_wconf 86' lang='lat' dir='ltr'><strong>ejus</strong></span> <span class='ocrx_word' id='word_1_507' title='bbox 487 4297 638 4379; x_wconf 82' lang='lat' dir='ltr'><strong>Epistodae</strong></span> <span class='ocrx_word' id='word_1_508' title='bbox 655 4299 732 4362; x_wconf 88' lang='lat' dir='ltr'><strong>duae</strong></span> <span class='ocrx_word' id='word_1_509' title='bbox 749 4303 776 4367; x_wconf 74' lang='lat' dir='ltr'><strong>a,</strong></span> <span class='ocrx_word' id='word_1_510' title='bbox 820 4305 941 4364; x_wconf 87' lang='lat' dir='ltr'><strong>sionum</strong></span> <span class='ocrx_word' id='word_1_511' title='bbox 951 4303 1061 4364; x_wconf 88' lang='lat' dir='ltr'><strong>Nicolai</strong></span> <span class='ocrx_word' id='word_1_512' title='bbox 1080 4304 1102 4363; x_wconf 93' lang='lat' dir='ltr'><strong>l.</strong></span> <span class='ocrx_word' id='word_1_513' title='bbox 1121 4304 1216 4380; x_wconf 87' lang='lat' dir='ltr'><strong>Papae</strong></span> <span class='ocrx_word' id='word_1_514' title='bbox 1231 4299 1396 4378; x_wconf 90' lang='lat' dir='ltr'><strong>publicavit</strong></span> <span class='ocrx_word' id='word_1_515' title='bbox 1408 4299 1541 4358; x_wconf 87' lang='lat' dir='ltr'><strong>sirmon-</strong></span> 
     </span>
     <span class='ocr_line' id='line_1_49' title="bbox 72 4375 1540 4474; baseline 0.004 -30"><span class='ocrx_word' id='word_1_516' title='bbox 72 4375 467 4469; x_wconf 71' lang='grc'>8444464444444441444.1</span> <span class='ocrx_word' id='word_1_517' title='bbox 487 4393 644 4454; x_wconf 87' lang='lat' dir='ltr'><strong>concilior.</strong></span> <span class='ocrx_word' id='word_1_518' title='bbox 655 4394 766 4454; x_wconf 87' lang='lat' dir='ltr'><strong>calliae</strong></span> <span class='ocrx_word' id='word_1_519' title='bbox 820 4395 879 4456; x_wconf 90' lang='lat' dir='ltr'><strong>dus</strong></span> <span class='ocrx_word' id='word_1_520' title='bbox 899 4402 921 4455; x_wconf 91' lang='lat' dir='ltr'><strong>t.</strong></span> <span class='ocrx_word' id='word_1_521' title='bbox 940 4397 958 4456; x_wconf 84' lang='grc'><strong>3</strong></span> <span class='ocrx_word' id='word_1_522' title='bbox 974 4413 1003 4474; x_wconf 91' lang='lat' dir='ltr'><strong>p.</strong></span> <span class='ocrx_word' id='word_1_523' title='bbox 1017 4395 1086 4456; x_wconf 88' lang='grc'>274.</span> <span class='ocrx_word' id='word_1_524' title='bbox 1104 4392 1289 4456; x_wconf 88' lang='grc'>4444444464</span> <span class='ocrx_word' id='word_1_525' title='bbox 1315 4393 1390 4453; x_wconf 87' lang='lat' dir='ltr'><strong>llcta</strong></span> <span class='ocrx_word' id='word_1_526' title='bbox 1417 4393 1540 4452; x_wconf 87' lang='lat' dir='ltr'><strong>Sancto-</strong></span> 
     </span>
     <span class='ocr_line' id='line_1_50' title="bbox 71 4480 1539 4566; baseline 0.001 -25"><span class='ocrx_word' id='word_1_527' title='bbox 71 4483 117 4552; x_wconf 72' lang='grc'>444.</span> <span class='ocrx_word' id='word_1_528' title='bbox 130 4480 191 4542; x_wconf 83' lang='lat' dir='ltr'><strong>tlt.</strong></span> <span class='ocrx_word' id='word_1_529' title='bbox 213 4484 286 4545; x_wconf 85' lang='grc'>322.</span> <span class='ocrx_word' id='word_1_530' title='bbox 312 4492 342 4545; x_wconf 87' lang='grc'><strong>41</strong></span> <span class='ocrx_word' id='word_1_531' title='bbox 360 4484 378 4544; x_wconf 83' lang='lat' dir='ltr'><strong>d</strong></span> <span class='ocrx_word' id='word_1_532' title='bbox 395 4485 500 4549; x_wconf 86' lang='lat' dir='ltr'><strong>carolo</strong></span> <span class='ocrx_word' id='word_1_533' title='bbox 521 4487 636 4546; x_wconf 90' lang='lat' dir='ltr'><strong>cointio</strong></span> <span class='ocrx_word' id='word_1_534' title='bbox 653 4491 713 4546; x_wconf 91' lang='lat' dir='ltr'><strong>tom</strong></span> <span class='ocrx_word' id='word_1_535' title='bbox 737 4487 764 4546; x_wconf 88' lang='grc'><strong>2.</strong></span> <span class='ocrx_word' id='word_1_536' title='bbox 820 4505 888 4549; x_wconf 87' lang='lat' dir='ltr'><strong>rum</strong></span> <span class='ocrx_word' id='word_1_537' title='bbox 910 4495 932 4548; x_wconf 92' lang='lat' dir='ltr'><strong>t.</strong></span> <span class='ocrx_word' id='word_1_538' title='bbox 954 4489 1001 4550; x_wconf 88' lang='lat' dir='ltr'><strong>Vl.</strong></span> <span class='ocrx_word' id='word_1_539' title='bbox 1023 4483 1103 4550; x_wconf 85' lang='lat' dir='ltr'><strong>lunii</strong></span> <span class='ocrx_word' id='word_1_540' title='bbox 1126 4490 1175 4550; x_wconf 81' lang='grc'><strong>24.</strong></span> <span class='ocrx_word' id='word_1_541' title='bbox 1197 4502 1225 4566; x_wconf 94' lang='lat' dir='ltr'><strong>p.</strong></span> <span class='ocrx_word' id='word_1_542' title='bbox 1248 4486 1317 4548; x_wconf 86' lang='grc'>246.</span> <span class='ocrx_word' id='word_1_543' title='bbox 1338 4501 1401 4562; x_wconf 89' lang='lat' dir='ltr'><strong>seq.</strong></span> <span class='ocrx_word' id='word_1_544' title='bbox 1417 4485 1539 4544; x_wconf 83' lang='lat' dir='ltr'><strong>Praeter</strong></span> 
     </span>
    </p>
   </div>
   <div class='ocr_carea' id='block_1_5' title="bbox 29 4559 1539 4659">
    <p class='ocr_par' dir='ltr' id='par_1_5' title="bbox 29 4559 1539 4659">
     <span class='ocr_line' id='line_1_51' title="bbox 29 4559 1539 4659; baseline 0.003 -31"><span class='ocrx_word' id='word_1_545' title='bbox 29 4601 30 4606; x_wconf 21' lang='grc' dir='ltr'><strong>κ</strong></span> <span class='ocrx_word' id='word_1_546' title='bbox 71 4559 152 4630; x_wconf 80' lang='lat' dir='ltr'><strong>local.</strong></span> <span class='ocrx_word' id='word_1_547' title='bbox 166 4575 308 4638; x_wconf 84' lang='lat' dir='ltr'><strong>Francor.</strong></span> <span class='ocrx_word' id='word_1_548' title='bbox 327 4593 397 4655; x_wconf 87' lang='lat' dir='ltr'><strong>pag.</strong></span> <span class='ocrx_word' id='word_1_549' title='bbox 412 4578 460 4637; x_wconf 86' lang='lat'><strong>80.</strong></span> <span class='ocrx_word' id='word_1_550' title='bbox 478 4584 510 4638; x_wconf 88' lang='grc'><strong>41</strong></span> <span class='ocrx_word' id='word_1_551' title='bbox 527 4579 576 4640; x_wconf 79' lang='grc'><strong>24.</strong></span> <span class='ocrx_word' id='word_1_552' title='bbox 593 4584 685 4655; x_wconf 86' lang='lat' dir='ltr'><strong>atque</strong></span> <span class='ocrx_word' id='word_1_553' title='bbox 697 4577 766 4640; x_wconf 83' lang='lat' dir='ltr'><strong>inde</strong></span> <span class='ocrx_word' id='word_1_554' title='bbox 820 4581 972 4659; x_wconf 84' lang='lat' dir='ltr'><strong>Epistulas</strong></span> <span class='ocrx_word' id='word_1_555' title='bbox 993 4581 1131 4644; x_wconf 88' lang='lat' dir='ltr'><strong>laudatas</strong></span> <span class='ocrx_word' id='word_1_556' title='bbox 1151 4583 1170 4642; x_wconf 82' lang='grc'><strong>4</strong></span> <span class='ocrx_word' id='word_1_557' title='bbox 1190 4579 1345 4658; x_wconf 81' lang='lat' dir='ltr'><strong>sigeberto</strong></span> <span class='ocrx_word' id='word_1_558' title='bbox 1359 4593 1386 4636; x_wconf 91' lang='lat' dir='ltr'><strong>c.</strong></span> <span class='ocrx_word' id='word_1_559' title='bbox 1400 4575 1468 4638; x_wconf 87' lang='grc'>1142.</span> <span class='ocrx_word' id='word_1_560' title='bbox 1479 4576 1539 4633; x_wconf 86' lang='lat' dir='ltr'><strong>Du-</strong></span> 
     </span>
    </p>
   </div>
   <div class='ocr_carea' id='block_1_6' title="bbox 72 4651 1535 4766">
    <p class='ocr_par' dir='ltr' id='par_1_6' title="bbox 72 4651 1535 4766">
     <span class='ocr_line' id='line_1_52' title="bbox 72 4651 1535 4766; baseline 0.003 -44"><span class='ocrx_word' id='word_1_561' title='bbox 72 4651 91 4714; x_wconf 78' lang='lat' dir='ltr'><strong>ir</strong></span> <span class='ocrx_word' id='word_1_562' title='bbox 106 4665 183 4728; x_wconf 86' lang='lat' dir='ltr'><strong>tomis</strong></span> <span class='ocrx_word' id='word_1_563' title='bbox 196 4659 403 4732; x_wconf 82' lang='lat' dir='ltr'><strong>Consiliorum</strong></span> <span class='ocrx_word' id='word_1_564' title='bbox 412 4672 570 4749; x_wconf 80' lang='lat' dir='ltr'><strong>uolgatae,</strong></span> <span class='ocrx_word' id='word_1_565' title='bbox 588 4687 646 4733; x_wconf 90' lang='lat' dir='ltr'><strong>nna</strong></span> <span class='ocrx_word' id='word_1_566' title='bbox 661 4668 767 4730; x_wconf 77' lang='lat' dir='ltr'><strong>adlu-</strong></span> <span class='ocrx_word' id='word_1_567' title='bbox 821 4672 935 4766; x_wconf 79' lang='lat' dir='ltr'><strong>modus</strong></span> <span class='ocrx_word' id='word_1_568' title='bbox 954 4673 1006 4738; x_wconf 87' lang='lat' dir='ltr'><strong>lv.</strong></span> <span class='ocrx_word' id='word_1_569' title='bbox 1026 4675 1074 4738; x_wconf 88' lang='grc'><strong>21.</strong></span> <span class='ocrx_word' id='word_1_570' title='bbox 1096 4675 1134 4736; x_wconf 88' lang='grc'><strong>64</strong></span> <span class='ocrx_word' id='word_1_571' title='bbox 1155 4673 1269 4737; x_wconf 83' lang='lat' dir='ltr'><strong>Officiis</strong></span> <span class='ocrx_word' id='word_1_572' title='bbox 1288 4677 1319 4732; x_wconf 87' lang='lat' dir='ltr'><strong>et</strong></span> <span class='ocrx_word' id='word_1_573' title='bbox 1352 4667 1535 4731; x_wconf 80' lang='lat' dir='ltr'><strong>Tritbcmius</strong></span> 
     </span>
    </p>
   </div>
   <div class='ocr_carea' id='block_1_7' title="bbox 98 4869 1294 5048">
    <p class='ocr_par' dir='ltr' id='par_1_7' title="bbox 98 4869 1294 5048">
     <span class='ocr_line' id='line_1_53' title="bbox 98 4869 1112 4949; baseline 0.007 -21"><span class='ocrx_word' id='word_1_574' title='bbox 98 4869 119 4928; x_wconf 75' lang='grc' dir='ltr'><strong>Ι)</strong></span> <span class='ocrx_word' id='word_1_575' title='bbox 130 4875 228 4928; x_wconf 53' lang='lat' dir='ltr'><strong>&amp;meto</strong></span> <span class='ocrx_word' id='word_1_576' title='bbox 248 4879 351 4930; x_wconf 78' lang='grc'>41144444</span> <span class='ocrx_word' id='word_1_577' title='bbox 367 4887 428 4930; x_wconf 85' lang='lat' dir='ltr'><strong>tom</strong></span> <span class='ocrx_word' id='word_1_578' title='bbox 447 4877 469 4931; x_wconf 91' lang='grc'><strong>4.</strong></span> <span class='ocrx_word' id='word_1_579' title='bbox 496 4893 552 4944; x_wconf 81' lang='lat' dir='ltr'><strong>pag.</strong></span> <span class='ocrx_word' id='word_1_580' title='bbox 569 4879 626 4934; x_wconf 75' lang='grc'>264.</span> <span class='ocrx_word' id='word_1_581' title='bbox 653 4879 767 4932; x_wconf 82' lang='lat' dir='ltr'><strong>labbeus</strong></span> <span class='ocrx_word' id='word_1_582' title='bbox 814 4889 835 4935; x_wconf 89' lang='grc'><strong>4.</strong></span> <span class='ocrx_word' id='word_1_583' title='bbox 849 4885 866 4934; x_wconf 82' lang='grc'>2</span> <span class='ocrx_word' id='word_1_584' title='bbox 882 4883 913 4934; x_wconf 84' lang='grc'><strong>64</strong></span> <span class='ocrx_word' id='word_1_585' title='bbox 929 4889 954 4937; x_wconf 78' lang='lat' dir='ltr'><strong>s.</strong></span> <span class='ocrx_word' id='word_1_586' title='bbox 969 4889 997 4936; x_wconf 76' lang='lat' dir='ltr'><strong>E.</strong></span> <span class='ocrx_word' id='word_1_587' title='bbox 1015 4900 1039 4949; x_wconf 86' lang='lat' dir='ltr'><strong>p.</strong></span> <span class='ocrx_word' id='word_1_588' title='bbox 1057 4885 1112 4935; x_wconf 81' lang='grc'>127.</span> 
     </span>
     <span class='ocr_line' id='line_1_54' title="bbox 1237 4985 1294 5048; baseline -0.07 0"><span class='ocrx_word' id='word_1_589' title='bbox 1237 4985 1294 5048; x_wconf 80' lang='lat' dir='ltr'><strong>titt</strong></span> 
     </span>
    </p>
   </div>
   <div class='ocr_carea' id='block_1_8' title="bbox 0 0 1788 5414">
    <p class='ocr_par' dir='ltr' id='par_1_8' title="bbox 0 0 1788 5414">
     <span class='ocr_line' id='line_1_55' title="bbox 0 0 1788 5414; baseline 0 5"><span class='ocrx_word' id='word_1_590' title='bbox 0 0 1788 5414; x_wconf 95' lang='lat' dir='ltr'><strong> </strong></span> 
     </span>
    </p>
   </div>
  </div>
 </body>
</html>
