3368 5362
152 204 210 265 138

190 310 271 369 idem
295 305 441 367 b'otlterus
472 304 613 364 Balbulus
640 307 764 380 putatur
783 304 869 372 ¹San·

38 424 44 435 ·
148 406 291 483 gallensis
312 402 361 461 ille
382 407 486 460 auctor
506 396 654 459 librorum
676 413 806 476 quorum
832 395 868 455 de

147 499 210 561 vito
227 493 331 559 Caroli
349 493 458 571 linqui,
476 493 512 553 ad
546 493 686 553 Carolum
721 493 865 551 Crassum

149 610 225 671 quos
243 599 309 669 post.
326 590 477 649 Canisium
497 597 568 647 tom.
590 590 600 647 4
625 604 690 663 pag.
704 586 771 645 3440.
786 584 865 658 (edit.

150 703 245 745 novae
267 693 338 742 tom.
357 683 374 743 2
386 690 470 760 parte
483 684 510 741 3.
525 698 589 757 pag.
603 680 661 752 57.)
674 686 704 735 et
716 676 866 736 Andream

149 779 188 840 du
211 779 328 840 Chesne
351 785 420 836 tom.
444 777 462 835 2
486 792 587 834 rerum
603 775 785 832 Francorum
800 789 865 849 pag.

149 877 215 936 407.
238 871 459 933 emendatiores
481 867 574 928 edidit
596 868 668 927 Sim.
693 865 769 925 Frid.
791 865 869 925 ilab-

148 971 236 1043 nius,
259 975 292 1029 444
313 968 373 1026 dixi
396 972 468 1025 tom.
492 968 503 1025 4
531 980 597 1042 pag.
631 962 698 1020 320.
731 957 804 1018 l'ide
836 966 867 1017 et

749 188 1053 253 NO'FKERUS

926 317 1017 373 nare,
1040 317 1107 359 curn
1137 305 1237 359 tamen
1266 303 1381 361 rariora
1414 303 1487 363 haec
1515 307 1591 377 sint,
1608 314 1634 367 44

925 397 974 454 vix
998 411 1088 453 unam
1112 402 1143 452 44
1163 394 1292 453 alteram
1315 395 1470 472 pagellam
1489 398 1634 475 impleant,

924 488 1096 564 praestabat
1132 503 1198 545 meo
1231 485 1358 564 quidem
1386 489 1521 566 judici03
1540 509 1635 570 paucas

923 582 1015 642 hasco
1049 583 1204 641 variantes
1233 579 1326 655 dare,
1349 599 1444 660 quam
1475 587 1637 663 opusculum

923 685 1024 737 totum
1050 675 1243 735 recudere*
1515 752 1518 757 Ι

935 788 939 797 ·
963 770 1172 831 b'OTKEllUS
1193 772 1334 840 Doctae,
1357 773 1458 832 Pictor
1475 781 1506 833 et
1521 774 1637 836 44ιά4444

925 865 992 924 sive
1011 864 1161 940 l‘bysicus
1183 873 1214 923 et
1235 866 1310 925 artis
1330 864 1498 927 Theoricae
1517 868 1640 944 Magister

924 959 1001 1018 idern
1027 960 1078 1034 qui
1101 975 1153 1035 pro
1172 960 1335 1018 severitate
1358 957 1589 1037 disciplinarum
1603 963 1640 1023 Fi·

146 1064 299 1123 Oudinum
322 1069 393 1120 tom.
416 1061 434 1117 2
462 1075 526 1135 pag.
549 1057 617 1116 323.
645 1051 867 1129 Gundlingiana
918 1051 1002 1132 peris
1014 1067 1146 1128 pronum
1161 1055 1397 1128 cognominatus
1417 1053 1488 1125 luit,
1510 1054 1640 1116 claruset

147 1158 253 1217 xxt't.
275 1172 341 1233 pag·
364 1154 412 1212 93.
436 1153 598 1228 Dupinium
627 1156 698 1206 tom.
732 1147 761 1205 9.
792 1145 866 1205 Bibl.

151 1251 269 1311 Eccles.
292 1266 356 1325 pag.
379 1249 426 1306 56.
450 1244 606 1304 Barthium
629 1242 729 1302 XLVI.
753 1241 782 1298 8.
808 1238 868 1299 ild-

148 1361 263 1404 versar.
286 1349 343 1400 etc.

190 1437 205 1471 ⁸
226 1436 335 1497 Omisit
356 1433 509 1493 Fabricius
538 1429 661 1489 Notlrcri
697 1429 788 1488 buius
809 1430 871 1505 epi-

149 1529 256 1588 stolam
284 1527 320 1588 ad
355 1529 384 1586 F.
420 1525 621 1602 liutpertum,
644 1525 672 1580 in
696 1539 755 1599 qua
777 1538 809 1580 so
831 1521 869 1580 de

148 1621 373 1681 obtrectationis
390 1620 515 1678 crimine
536 1623 662 1695 purgat,
684 1631 774 1693 quam
804 1615 869 1674 vul·

147 1717 230 1791 garrit
253 1717 282 1774 Ρ.
304 1716 380 1789 Pez,
403 1721 434 1771 et
456 1712 612 1772 llauberus
634 1711 662 1768 in
685 1707 750 1767 cod.
769 1704 869 1787 Diplo-

147 1810 255 1868 matico
277 1825 342 1885 pag.
364 1808 432 1867 l08.
774 1872 778 1880 .

186 1903 263 1962 Cum
287 1904 314 1959 in
338 1902 454 1960 officina
490 1900 608 1960 libraria
639 1906 812 1977 prostantes
834 1898 868 1956 14-

148 1997 218 2054 bros
250 1999 387 2073 geminos
408 1995 445 2053 ab
467 1992 585 2052 Halmio
606 1993 706 2053 editos
731 1991 871 2053 444444443-

139 2107 237 2158 .sem,
259 2089 461 2164 legissemque
484 2089 512 2143 in
534 2105 580 2164 op.
602 2089 784 2165 praelatione
806 2085 871 2146 dari

152 2183 190 2240 ibi
210 2181 344 2241 illonacbi
367 2180 572 2257 Sangallensis
596 2184 688 2240 vitam
713 2181 809 2241 Caroli
833 2182 869 2239 ll.

153 2274 249 2335 44444444
270 2292 360 2351 qnam
393 2291 470 2352 quae
491 2291 529 2335 ex
562 2275 680 2335 Canisio
706 2274 871 2352 prodierit,

151 2371 360 2429 correctiorem
394 2366 481 2428 avide
514 2367 604 2427 libros
638 2368 708 2427 4444444
742 2369 869 2445 poposci.

154 2466 192 2523 tlt
224 2462 299 2521 lacta
331 2462 401 2521 cum
440 2461 600 2521 canisiano
633 2462 682 2521 illo
713 2461 871 2521 collatione

153 2572 230 2615 vana
252 2572 305 2633 spe
327 2555 486 2631 deceptum
512 2567 559 2613 me
583 2557 685 2642 statim
718 2555 870 2629 intellexi3

153 2666 221 2707 nam
245 2656 474 2725 praeterquam
497 2666 563 2708 raro
585 2649 644 2709 duo
667 2650 722 2707 ista
746 2650 824 2706 inter
838 2664 871 2705 se

155 2741 348 2817 discrepant,
370 2743 398 2800 in
435 2742 494 2801 illis
525 2744 554 2800 in
588 2742 698 2819 quibus
731 2741 872 2801 diilerunt

156 2832 305 2892 interdum
341 2835 461 2910 vulgata
483 2834 573 2893 editio
596 2833 789 2911 praeferenda
821 2841 869 2894 est

155 2943 259 2985 norae.
281 2928 459 2986 Canisianus
480 2927 573 2986 codex
587 2930 728 3004 integrior
739 2933 786 2985 est
797 2927 871 2986 alte-

157 3038 189 3079 ro
206 3022 256 3098 qui
275 3018 386 3078 desinit
402 3022 429 3077 ln
446 3036 510 3096 rap.
529 3023 615 3080 XXX
634 3020 800 3080 Canisiarto.
817 3023 873 3080 De·

156 3120 298 3192 pravatae.
309 3114 445 3173 lectionis
456 3114 593 3192 exempla
606 3113 873 3175 unumalterumve

156 3210 258 3282 accipe
280 3208 350 3282 Cap.
374 3209 400 3266 4.
424 3206 495 3265 edit.
527 3207 630 3266 Canis.
660 3208 740 3268 444444
771 3224 873 3267 eorum

157 3298 273 3357 nornine
286 3297 461 3360 Clementem
474 3299 504 3358 in
522 3296 621 3360 Gallio
637 3300 771 3360 residere
783 3318 875 3381 prae-

158 3393 292 3471 cepit..
316 3438 352 3452 ..
379 3391 507 3453 alterum
539 3411 612 3455 oero
647 3397 761 3454 nomine
793 3392 875 3454 Albi-

157 3505 228 3546 num
241 3487 272 3546 in
283 3485 402 3547 italiam
418 3486 542 3549 diremit.
566 3489 665 3549 Codex
688 3488 792 3549 llabnii
810 3505 875 3565 cap.

158 3584 186 3641 4.
205 3582 299 3641 Unum
316 3599 419 3641 eorum
437 3581 467 3640 444
485 3579 585 3640 Gellio
602 3579 736 3640 residere
750 3596 874 3660 proece-

156 3674 216 3754 pit.
237 3720 242 3732 .
263 3717 296 3734 ..
318 3673 454 3733 Alterum
475 3691 545 3736 vero
566 3673 681 3733 nomine
698 3675 730 3731 in
756 3672 875 3734 ltaliam

159 3767 282 3826 direxit.
305 3769 445 3829 Caninius
461 3785 527 3847 cap.
544 3768 577 3826 V.
603 3767 673 3826 Tum
692 3764 739 3825 ille
757 3765 874 3825 telinu-

161 3860 294 3918 ctoritote
311 3857 471 3920 roboratus
488 3861 718 3939 Responsorinm
740 3859 875 3919 intonuit.

161 3950 296 4010 Halmius
325 3953 402 4012 Tunc
420 3952 468 4013 ille
483 3954 537 4013 44444
551 3953 729 4014 auctoritate
750 3950 876 4013 roboro-

161 4047 210 4101 tus
224 4043 373 4122 imposuit.
391 4047 560 4107 Fatendum
576 4055 624 4106 est
642 4055 742 4106 tamen
765 4054 796 4105 et
815 4049 878 4106 oxi·
914 4040 917 4049 '

163 4136 239 4193 mias
259 4134 410 4196 interdurn
433 4139 571 4200 Codicem
595 4143 678 4201 illum
700 4141 805 4200 ollerre
836 4141 877 4200 lo—

163 4228 278 4286 ctiones
296 4244 333 4289 ac
355 4230 490 4304 periodos
511 4231 656 4308 quasdam
689 4233 804 4293 hiulcas
831 4251 877 4293 sa·

204 4439 228 4499 a)
244 4442 272 4487 4.
288 4439 313 4489 2.
328 4440 391 4490 tlibi.
411 4442 517 4492 vindob.
531 4457 555 4505 p.
574 4443 629 4494 4444).
645 4458 696 4508 seq.
714 4453 737 4496 st
753 4447 811 4499 757.
827 4460 881 4511 seq.

921 1148 986 1224 ipse
1004 1153 1071 1224 post
1092 1145 1185 1205 seculi
1206 1143 1313 1204 decimi
1326 1145 1470 1208 medium
1489 1150 1519 1207 in
1534 1150 1640 1229 Sangal-

922 1240 998 1300 lensi
1029 1241 1218 1300 monasterio.
1252 1241 1294 1298 De
1325 1239 1391 1299 boc.
1427 1241 1582 1303 Eckardus
1606 1244 1640 1304 al·

923 1342 992 1408 tar,
1015 1333 1088 1392 libro
1109 1332 1147 1392 de
1168 1334 1288 1394 casibus
1309 1334 1488 1394 llonasterii
1517 1337 1551 1396 S.
1578 1337 1639 1397 Galli

923 1445 988 1505 cap.
1011 1428 1059 1488 43.
1082 1435 1153 1486 tom.
1178 1430 1188 1487 4
1212 1425 1346 1486 Goldasti
1369 1426 1594 1489 Alemannicor.
1616 1449 1638 1508 p.

924 1523 971 1581 55.
994 1536 1058 1596 seq.
1081 1520 1219 1579 Perillam
1237 1518 1304 1595 ejus
1326 1521 1356 1578 in
1379 1527 1449 1580 arte
1479 1522 1588 1583 lledice
1612 1531 1636 1584 44

923 1616 1046 1692 pictoria
1068 1612 1203 1691 pluribus
1219 1611 1394 1689 celebrans,
1411 1615 1537 1676 nullum
1554 1625 1632 1677 4444444

922 1707 990 1785 ejus
1010 1710 1157 1783 scriptum
1178 1707 1326 1771 nominat,
1353 1712 1480 1768 tantum
1515 1712 1558 1769 ait
1583 1726 1636 1768 eun

924 1803 1030 1862 iecisse
1053 1800 1217 1859 chamaro
1239 1798 1344 1858 libbati
1368 1798 1502 1861 decoras
1526 1802 1640 1883 antiplo-

923 1913 999 1967 nns,
1013 1904 1044 1954 et
1062 1894 1222 1972 hymnum:
1240 1894 1347 1953 Rector
1361 1897 1488 1955 44444444
1505 1895 1641 1958 metuendo

923 1988 997 2050 secli
1007 2034 1014 2059 ,
1032 1997 1063 2047 et
1076 1989 1223 2065 hymnum
1240 1986 1275 2047 de
1291 2004 1355 2045 444444
1369 1987 1494 2067 virpine
1506 2008 1644 2051 4444444444-

926 2089 1000 2162 tyre,
1018 2081 1193 2143 Eclrebardo
1215 2085 1342 2155 seniori,
1366 2085 1491 2145 llecano
1507 2088 1586 2146 circa
1599 2088 1645 2146 44.

925 2178 994 2237 970.
1016 2176 1134 2236 Notlreri
1156 2175 1259 2235 illedici
1291 2175 1426 2237 doctoris
1460 2178 1590 2259 hymnus
1616 2178 1645 2239 de

925 2273 956 2332 S.
977 2269 1120 2331 0444444444
1135 2277 1235 2329 exstat
1252 2272 1330 2330 inter
1343 2272 1560 2352 Sangallensia
1576 2276 1648 2335 ada·

926 2367 1003 2425 nisio
1019 2364 1118 2436 edita,
1146 2371 1237 2440 atque
1265 2363 1334 2423 inde
1365 2366 1394 2422 in
1429 2369 1508 2428 Bibl.
1538 2371 1646 2430 Patron

927 2458 1022 2536 Lugd.
1042 2465 1063 2517 t.
1083 2459 1131 2517 27.
1154 2475 1183 2535 p.
1205 2458 1272 2517 5444.

968 2551 1169 2615 NOFKERUS
1188 2551 1351 2612 blonaehus
1368 2554 1581 2633 sangallensis
1597 2567 1646 2618 ter·

927 2648 1008 2722 tius,
1031 2644 1130 2705 studio
1147 2653 1178 2703 et
1199 2645 1334 2707 doctrina
1357 2647 1590 2713 laudatissimus
1605 2668 1646 2712 co·

927 2746 1088 2817 gnomanto
1108 2736 1224 2813 Labeo,
1254 2740 1420 2800 defunctus
1447 2741 1540 2802 Anno
1570 2744 1647 2804 4024.

924 2835 1011 2894 Hunc
1032 2832 1222 2905 Labeonem,
1243 2841 1277 2893 ut
1304 2841 1386 2894 recte
1417 2837 1463 2894 lo.
1494 2840 1646 2899 lietzlerus

924 2926 974 2987 lib.
996 2943 1060 3004 cap.
1084 2926 1130 2984 44.
1148 2924 1186 2984 de
1205 2926 1372 2987 illustribus
1392 2928 1645 3008 Sangallensibus,

927 3037 985 3079 non
1008 3036 1080 3078 vero
1102 3017 1275 3091 Otiridum,
1304 3027 1337 3080 ut
1359 3022 1464 3082 visum
1496 3025 1644 3085 Lambecio

926 3115 957 3189 a)
976 3130 1031 3172 nec
1048 3111 1209 3172 b'otlrerum
1231 3114 1389 3174 Balbulum
1414 3122 1449 3175 ut
1471 3118 1641 3195 quibusdam

927 3207 993 3268 aliis
1009 3222 1188 3284 persuasum
1209 3207 1284 3279 44444,
1303 3207 1330 3281 4))
1347 3215 1508 3271 auctorem
1528 3228 1642 3272 essere

927 3303 1001 3360 teris
1025 3299 1190 3360 Theotiacne
1207 3317 1296 3377 quam
1327 3301 1476 3363 babemus
1508 3306 1640 3365 versionis

928 3400 1019 3472 atque
1036 3396 1230 3471 expositionis
1259 3392 1450 3455 psalmorum
1473 3399 1595 3459 Davidis
1617 3403 1639 3454 44

928 3497 1113 3547 caeterorum
1134 3487 1326 3549 Conticorum
1349 3486 1559 3568 Biblieornm,
1576 3507 1638 3572 syn·
1677 3542 1681 3551 .

930 3578 1047 3661 dolique
1063 3579 1223 3660 Apostolici
1237 3585 1327 3660 atque
1342 3581 1570 3657 ,llbonnsioni,
1586 3601 1637 3646 eru

929 3674 993 3733 dite
1016 3674 1256 3735 demonstratum
1283 3679 1388 3748 est,b
1415 3680 1634 3741 bibliothecario

930 3770 1114 3848 Sangallensi
1132 3771 1301 3829 clarissimo
1326 3773 1482 3832 bernardo
1512 3772 1635 3836 Franrb'o

930 3870 955 3940 4)
978 3872 1008 3923 44
1030 3867 1046 3924 a
1068 3863 1228 3942 praeclaris
1251 3865 1328 3923 Viris
1345 3863 1373 3938 d)
1391 3870 1443 3942 qui
1461 3869 1576 3946 Lipsiae
1587 3868 1635 3926 lau-

930 3957 1085 4017 datissimo
1103 3955 1204 4015 studio
1222 3964 1253 4014 et
1282 3956 1446 4033 conjuncta
1468 3978 1558 4039 opera
1587 3960 1630 4018 hoc

927 4051 990 4127 jam
1006 4058 1117 4127 agunt,
1137 4057 1170 4110 ut
1192 4067 1249 4109 non
1270 4052 1371 4112 minus
1398 4053 1520 4131 linguae
1546 4057 1634 4114 teuto

933 4146 1015 4203 nicae
1035 4145 1149 4203 Veteris
1165 4146 1295 4222 origines
1316 4150 1347 4203 at
1369 4147 1567 4223 antiquitates
1589 4143 1632 4203 cla

932 4237 1049 4296 rissime
1066 4245 1189 4315 pateant
1205 4243 1296 4313 atque
1314 4239 1530 4315 iliustrentur,
1557 4250 1629 4316 quau

973 4458 998 4516 4)
1016 4460 1043 4505 44
1061 4459 1120 4507 dtas.
1138 4454 1261 4504 historico
1280 4455 1403 4513 critttice,
1417 4457 1520 4506 ttotkerl
1534 4457 1632 4520 psalterio

157 4513 317 4564 Ultimum
329 4518 422 4577 5404444)
433 4517 601 4579 fflb¹¹¹⁰¹¹¹¹¹³s
612 4524 725 4581 4144444144
736 4530 761 4573 θῑ
772 4535 801 4572 ⁸¹
812 4530 882 4585 444444
928 4535 1065 4596 praemissa
1086 4534 1111 4580 tu
1124 4535 1192 4578 tomo
1203 4528 1232 4577 'i.
1247 4529 1357 4577 thesauri
1376 4530 1546 4582 sebiltertanl.

105 4638 109 4645 ‚
158 4589 312 4640 1444444444).
329 4593 373 4653 qul
385 4591 476 4641 0tlrldl
494 4592 605 4641 laborem
618 4591 633 4640 4
645 4597 752 4645 44444444
767 4599 883 4659 tnteroo-
973 4608 999 4664 d)
1011 4608 1144 4668 Beptrope
1155 4618 1204 4652 4444
1221 4604 1367 4652 4444444444)
1377 4606 1502 4654 Historia
1519 4608 1634 4656 uorten-

159 4662 239 4714 44444444
252 4662 329 4715 4444444
344 4666 392 4716 sibl
411 4668 543 4728 persuasit.

204 4738 232 4798 b)
247 4740 394 4791 4444444444
411 4745 516 4791 minimo
542 4754 596 4803 cap.
617 4742 658 4793 44).
684 4746 751 4792 vitae
768 4744 880 4807 4444444444,

159 4823 267 4875 cumque
282 4821 374 4868 secutis
385 4816 497 4870 vediano
508 4851 516 4879 ,
528 4820 652 4880 nuptum,
670 4822 721 4870 444.
738 4824 862 4884 bainagio
874 4858 882 4883 ,

160 4884 274 4950 altimus.

928 4683 1007 4731 seben
1024 4681 1135 4744 sprncbe
1148 4693 1199 4729 uon
1212 4681 1319 4740 einipen
1329 4679 1505 4740 Mitpliedcrn
1515 4685 1561 4731 der
1576 4683 1633 4728 deut·

931 4758 1023 4806 4444444
1038 4756 1234 4808 Geeellscbusee
1251 4755 1280 4802 ln
1298 4754 1415 4817 leipzip,
1434 4755 1630 4809 colecestriam.
1680 4816 1682 4823 Ι

931 4835 956 4885 2.
972 4848 999 4896 p.
1016 4832 1081 4883 576.
1097 4843 1155 4893 seq:
