3632 5416
729 231 751 292 Τ
768 229 789 292 ll

88 320 193 412 Praed.
219 325 372 386 sumtibus
389 325 543 388 societatis
560 326 789 424 bibliopolarum
798 233 869 410 ,ΟΜ
888 233 1014 406 ATristem
1031 338 1123 408 140404
1140 344 1175 410 de
1198 347 1325 431 4444040,
1351 372 1420 422 cnm
1444 261 1582 426 404042ἰέ

88 415 168 481 4600
186 420 274 482 tomis
289 419 399 482 xxm.
414 419 465 482 401.
861 434 983 512 0044000
1002 443 1033 496 04
1047 438 1198 504 4444440440
1213 445 1367 524 Sophiani.
1383 453 1465 516 Duos
1482 466 1582 536 posto-

127 513 210 586 Quao
223 515 251 574 in
264 515 392 594 singulis
410 515 456 578 his
473 515 654 580 editionibus
666 527 805 598 exstant,
862 527 1093 596 rioresThomaa
1104 552 1173 598 esse
1184 540 1581 627 omnesjudicant,primum

60 690 62 698 Ι
85 623 222 670 000000
250 610 421 690 singulatim
449 613 686 690 recensebimus,
704 614 808 676 editio·
860 621 947 702 ajunt
976 641 1045 688 osse
1070 629 1222 708 liegioaldi
1253 633 1291 694 de
1320 639 1459 717 Piperno,
1488 645 1582 725 idque

85 717 158 762 nem
176 709 287 779 tamen,
305 721 395 782 quam
415 705 470 784 ipsi
489 707 632 768 Pontificii
652 708 804 770 meliorem
860 721 1119 786 consentientibus
1144 727 1341 805 scriptoribus
1364 735 1507 813 antiquis.
1526 742 1581 803 Co·

84 796 273 870 existimant,
291 799 453 890 itomanam
471 802 584 880 secuti,
603 801 652 864 ubi
670 804 805 882 singulae
861 809 918 870 lon.
937 812 1024 874 4480.
1042 816 1147 878 venor.
1163 837 1215 898 per
1233 823 1353 885 Petrum
1371 827 1578 896 Licbtoostein
1603 895 1606 903 ,

84 906 206 970 quoque
225 891 366 957 librorum
384 891 544 970 editiones,
563 912 639 974 quas
657 898 804 980 expiscari
861 904 948 970 4503.
963 910 1073 972 bonon.
1092 911 1181 976 4575.
1198 912 1310 978 Graece
1330 923 1420 982 vertit
1434 923 1579 1006 Georgius

84 986 256 1072 potuimus,
274 984 482 1066 subjicientur.
859 999 1041 1077 scholarius,
1066 1005 1096 1065 io
1122 1008 1194 1071 444444.
1214 1011 1364 1084 Medione.
1388 1015 1516 1082 Albutius
1541 1021 1580 1084 00

198 1080 311 1144 Tomos
328 1081 350 1140 1.
366 1080 513 1144 Editionis
530 1085 691 1147 44000400.
859 1093 993 1174 Georgiis
1012 1115 1040 1177 p.
1058 1097 1128 1162 400.

128 1173 193 1236 Tito
211 1175 245 1238 0.
263 1173 387 1238 Tuumne
403 1175 559 1242 edinereie
573 1177 702 1242 40440040.
899 1188 932 1248 40
951 1188 1041 1252 libros
1067 1191 1105 1255 de
1130 1197 1238 1275 anima,
1256 1199 1294 1262 00
1310 1201 1393 1266 00010
1410 1212 1441 1268 04
1466 1157 1578 1272 mundo
1664 1187 1668 1193 ’

124 1267 281 1350 depositio
296 1271 479 1350 (imperfecta
498 1274 609 1348 tamen)
628 1272 657 1334 in
671 1273 806 1354 primam
860 1281 944 1346 Paris
958 1283 1041 1348 1530
1058 1288 1107 1350 404.
1244 1295 1248 1301 “

47 1357 54 1378 “
81 1367 111 1424 et
126 1361 291 1426 secundnm
313 1364 385 1445 peri
399 1363 587 1441 Herminius,
602 1384 672 1430 cum
687 1367 805 1447 duplici
901 1380 1039 1454 Fortasse
1055 1381 1127 1446 liare
1140 1363 1296 1465 Erpositio
1307 1390 1449 1458 librorum
1462 1396 1579 1460 Aristo.

80 1464 188 1520 textus
206 1459 461 1539 interpretatione.
479 1463 602 1539 ootiooo
620 1469 652 1522 et
682 1463 808 1524 loannis
860 1471 929 1532 totis
941 1471 978 1534 00
995 1476 1094 1538 anina
1109 1485 1157 1540 ost
1173 1481 1222 1542 tlte
1237 1481 1361 1550 tiberne
1376 1485 1577 1568 [0004400404

80 1552 275 1632 argyropoli.
859 1567 997 1645 0040400,
1022 1586 1111 1648 quoru
1143 1574 1172 1632 in
1203 1574 1375 1642 hebraicum
1406 1597 1577 1648 sermonem

123 1645 282 1734 dispositio
300 1647 330 1710 in
342 1647 476 1730 primum
488 1648 689 1711 etaecundum
704 1648 805 1734 Poste·
859 1677 1039 1725 conversum
1056 1667 1228 1744 possidebat
1244 1672 1372 1736 tt'oltius
1389 1673 1579 1758 ’0000404404

77 1739 200 1828 riorum
217 1739 537 1824 4144040ιί00400,ουιο
556 1745 802 1824 interpretatione
859 1763 945 1832 prout
962 1757 1071 1836 legitur
1091 1762 1119 1820 40
1138 1761 1320 1830 Bibliotheca
1335 1769 1414 1832 illius
1429 1759 1579 1840 Hebraico

78 1838 207 1914 0044000
224 1843 255 1899 04
269 1837 458 1918 Argyropyli.
859 1847 920 1922 Vol.
940 1850 986 1909 tv.
1005 1869 1033 1929 p.
1047 1853 1119 1916 805.

123 1931 207 2004 Quae
236 1930 291 1993 hoc
323 1939 403 1996 tomo
431 1931 605 2010 habentur,¹
625 1933 802 2014 prodierunt
896 1945 931 2006 10
947 1963 1047 2026 perun
1064 1948 1243 2028 Naturalia,
1262 1955 1404 2023 nimirum
1428 1963 1457 2025 in
1486 1965 1578 2030 libros

78 2027 244 2104 separatim
273 2027 405 2090 Venetlls
423 2045 475 2107 por
493 2028 571 2091 Guil.
601 2028 639 2091 de
667 2029 803 2108 4444400,
857 2035 999 2108 deserina
1013 2045 1043 2102 et
1057 2049 1190 2117 00440040,
1206 2045 1242 2110 de
1258 2053 1401 2116 memorio
1416 2059 1579 2124 044040401-

79 2120 162 2186 4480
180 2121 229 2184 401.
243 2139 296 2202 per
309 2121 508 2186 Octavianum
527 2125 649 2186 Scotum
669 2121 758 2198 4405,
771 2130 803 2188 44
854 2135 982 2210 servitio,
997 2133 1033 2202 de
1049 2153 1150 2201 eomiio
1173 2145 1203 2204 04
1220 2142 1530 2223 0404140000000440
1548 2163 1578 2219 et

79 2235 153 2282 0004
178 2216 411 2290 Quaestionibus
427 2216 571 2282 Dominici
599 2216 637 2280 00
655 2217 801 2282 41000440.
855 2224 1034 2292 divinatione
1047 2241 1399 2312 personarumcaetora
1414 2247 1521 2312 Petrus
1538 2250 1576 2314 da

80 2313 219 2374 Venetiis
238 2309 325 2374 1407.
856 2322 1002 2388 Arvernia
1018 2329 1178 2406 supplevit,
1190 2333 1254 2394 scil.
1268 2333 1304 2395 do
1318 2327 1575 2406 montarcenne·
1696 2379 1702 2396 ·

361 2406 474 2482 T⁰ml¹⁵
492 2405 528 2467 ¹¹·
856 2413 942 2493 44040,
959 2417 994 2479 de
1011 2420 1190 2500 1000440000
1206 2432 1236 2488 04
1248 2424 1397 2494 tremente
1422 2434 1501 2496 04400
1511 2483 1520 2513 ,
1539 2438 1575 2502 de

119 2499 277 2581 Effltttt'lt't
305 2499 336 2561 in
352 2504 414 2562 0440
432 2496 525 2564 libros
537 2497 577 2565 440
602 2497 725 2582 einaim
746 2518 801 2562 00-
855 2513 1051 2592 respiratione
1067 2520 1096 2576 et
1112 2517 1317 2599 inspiratione,
1332 2522 1535 2605 dejnventote
1547 2534 1577 2594 el

75 2595 152 2673 dito,
181 2611 251 2658 cum
280 2601 367 2656 40440
398 2595 521 2674 0044000
549 2601 590 2674 04Ὶ
610 2594 800 2674 argyropoli.
854 2611 1009 2668 senecam,
1039 2610 1166 2688 paduae,
1185 2614 1263 2691 apud
1294 2618 1508 2700 Hieronymum
1536 2627 1573 2688 de

75 2692 183 2754 Coton.
211 2688 299 2752 4480.
326 2691 432 2752 Tenet.
459 2687 538 2768 apud
557 2689 679 2752 Scotum
710 2689 798 2760 4480,
855 2700 1011 2778 moranus,
1028 2703 1107 2785 0093
1126 2707 1173 2768 00,
1192 2725 1260 2772 cum
1277 2711 1478 2782 additionibus
1494 2722 1571 2783 pem

77 2786 159 2851 4504
185 2784 256 2847 ibid.
280 2802 332 2863 per
350 2786 495 2846 40000040
513 2791 544 2844 04
566 2785 743 2862 Gregorium
761 2783 799 2844 00
854 2791 891 2850 00
916 2794 1057 2858 divornia
1076 2807 1106 2859 et
1124 2799 1198 2862 libro
1227 2805 1339 2868 Proculi
1366 2810 1398 2888 tl.
1415 2813 1518 2890 t‘rootn
1535 2815 1573 2876 do

77 2881 231 2962 Gregoriis
252 2878 329 2941 ttae
345 2879 393 2940 401.
420 2881 559 2940 Fortasse
576 2879 633 2939 sub
647 2877 745 2939 Titulo
763 2874 800 2938 00
854 2891 955 2950 causis
989 2890 1028 2965 pb
1060 2892 1210 2974 Aquinate
1245 2898 1406 2978 illustrato,
1435 2904 1600 2972 40004440,

70 2969 800 3060 44044444400040040400.4ῑο044448.4.
854 2981 931 3044 raus
950 2983 1020 3045 iram
1040 2984 1118 3048 4400
1134 2988 1276 3068 aaronem
1295 2994 1393 3058 44044
1417 3000 1567 3078 oannem

115 3073 195 3134 144444
223 3068 282 3132 000
310 3070 423 3149 priores
449 3067 562 3128 Graece
591 3069 670 3128 versi
689 3071 762 3128 suot
781 3080 798 3126 0
853 3074 890 3137 dn
904 3077 1108 3144 prolocutori,
1122 3089 1151 3144 ep
1167 3083 1294 3148 rum-,204

76 3164 130 3228 Ge.
141 3164 304 3237 Scbolario,
321 3165 349 3224 io
367 3162 442 3226 Bibi.
458 3160 631 3224 4400400004
648 3161 800 3222 Vaticana.
1118 3181 1230 3242 pomus
1252 3183 1301 3244 lp·

77 3260 183 3334 Quotii
198 3277 226 3339 p.
245 3258 315 3321 345.
894 3257 1053 3342 dopmno
1069 3263 1099 3328 in
1115 3265 1270 3334 0400000440
1281 3269 1373 3336 libror
1385 3277 1573 3360 4404004044-

118 3350 343 3418 Commentario
371 3351 556 3430 {imperfecta
584 3347 697 3430 tameo}
717 3345 798 3410 4014·
853 3372 972 3432 eornm,
989 3375 1059 3420 curu
1079 3353 1217 3426 versione
1234 3370 1356 3447 antiqua
1374 3376 1405 3432 et
1422 3373 1573 3436 440000440-
1644 3437 1652 3456 ,

1 3440 2 3446 ’
78 3443 147 3510 troi
164 3452 229 3510 tres
245 3445 281 3510 de
305 3445 389 3510 cnon
416 3451 446 3508 et
469 3443 597 3524 Mundo,
624 3462 695 3508 cum
712 3452 798 3508 40440
855 3453 1037 3514 04040044.
1055 3443 1200 3519 4500401.

77 3546 203 3622 0044000
220 3550 251 3606 04
267 3543 458 3623 argyropoli.
482 3543 544 3603 4400
571 3543 651 3602 enim
669 3539 799 3604 absolvit
895 3546 930 3608 10
958 3545 1069 3610 librom
1093 3549 1129 3612 440
1156 3552 1231 3616 unte
1259 3561 1289 3618 et
1314 3557 1471 3643 Esaevrtrio,
1502 3582 1571 3630 cum

79 3639 110 3701 S.
126 3639 269 3706 Thomas,
286 3636 338 3700 sed
354 3638 468 3716 4014000
484 3639 590 3716 Petrus
601 3637 639 3698 de
658 3635 798 3708 alvernia,
854 3643 970 3708 earnm.
987 3645 1118 3708 Thomna
1135 3647 1173 3708 do
1192 3650 1243 3710 vio
1258 3650 1403 3730 cajetani,

77 3732 245 3813 discipulus
256 3732 322 3812 ejus
336 3732 501 3794 absolvisse
520 3731 703 3812 perhibetur.
720 3731 797 3794 Cum
894 3737 1051 3820 Empuaitio
1068 3740 1098 3802 40
1113 3739 1224 3806 1404004
1240 3743 1276 3806 04
1293 3745 1430 3812 Consule.

79 3827 124 3890 lits
151 3827 355 3892 additionibus
383 3829 461 3888 Petri
489 3827 526 3888 de
559 3828 701 3889 Alvernia
728 3825 799 3888 00444
1129 3839 1241 3900 Tomus
1263 3841 1297 3902 v,

78 3929 151 3989 suot
188 3922 321 3984 venetiis
349 3919 427 3984 4480
442 3921 511 3984 ibid.
536 3939 588 4001 per
601 3922 798 3986 Octavianum
894 3927 1052 4010 depositio
1069 3930 1211 3994 indecem
1226 3931 1319 3998 libror
1335 3933 1510 4007 5444004004
1531 3943 1575 4006 ort

81 4021 217 4090 Scotum,
234 4016 312 4080 1405
330 4018 378 4079 104.
395 4024 425 4078 04
443 4016 523 4096 0000
540 4019 649 4080 400400
666 4019 753 4084 4546.
854 4023 1083 4098 Nicomachum,
1117 4043 1187 4090 curu
1219 4033 1357 4098 versione
1387 4037 1510 4116 0044000
1541 4047 1573 4100 04

118 4113 156 4176 40
169 4111 303 4194 primum
319 4116 346 4174 et
362 4103 525 4176 0000000444
541 4109 577 4174 00
590 4113 797 4194 peroratione,
853 4117 977 4204 4000040
992 4120 1182 4202 Argyropyti.
1202 4124 1335 4200 venetiis
1352 4128 1429 4191 1540
1443 4135 1475 4191 04
1493 4130 1570 4194 4500

1 4239 2 4246 ¹
78 4228 148 4274 cum
177 4210 315 4274 versione
340 4209 463 4288 0044000
486 4216 517 4268 04
542 4209 646 4270 Franc.
673 4209 799 4274 Vatabli.
855 4214 932 4276 lolio.

79 4306 214 4368 40004440
232 4322 283 4384 per
298 4306 419 4366 Petrum
437 4301 640 4366 Lichtenstoin
660 4301 737 4368 44408
749 4306 798 4368 401.
893 4310 930 4370 In
946 4313 1008 4372 octo
1021 4306 1115 4374 libros
1128 4310 1333 4392 Politicorum,
1348 4333 1418 4380 cum
1434 4323 1573 4384 versione

78 4401 104 4462 ol
124 4407 229 4482 postea
246 4399 324 4463 1565
344 4398 392 4460 404.
853 4407 976 4484 antiqua
994 4413 1026 4466 04
1051 4405 1195 4469 Leonardi
1213 4407 1339 4472 dretioi.
1358 4413 1433 4476 Cum
1461 4416 1574 4492 praela·

119 4495 199 4558 llaec
215 4494 276 4557 duo
291 4495 451 4575 posteriora
469 4510 557 4576 opem
576 4493 664 4557 simul
684 4495 799 4575 prodia-
853 4501 933 4562 tione
948 4501 1096 4577 b'imiraei,
1113 4501 1205 4564 Paris.
1225 4502 1312 4566 4500.
1328 4505 1526 4570 4000441103
1542 4517 1573 4572 et

80 4595 151 4652 4004
168 4589 308 4654 Columna
326 4585 405 4652 1400
424 4590 472 4652 404.
854 4593 933 4658 taos
952 4595 1000 4658 404.

350 4687 463 4750 Tomos
481 4687 531 4748 tlt.
893 4690 924 4750 ln
949 4707 1055 4752 ornnes
1073 4690 1128 4754 hos
1146 4691 1238 4756 libros
1255 4692 1425 4756 4004040440
1446 4695 1572 4776 040004-

1 4789 2 4794 ’
120 4778 280 4861 depositio
297 4778 327 4840 in
338 4790 471 4862 quotuor
483 4778 575 4844 libror
589 4782 796 4860 dietmrorrim,
852 4785 949 4848 tiones
967 4785 1150 4868 conjunctim
1166 4787 1341 4872 prodierunt
1362 4792 1467 4856 Tenet.
1494 4791 1571 4856 4400

1 4881 2 4888 ’
81 4893 149 4942 eum
167 4873 308 4938 40404000
321 4881 447 4954 antiqua
461 4883 492 4938 et
509 4877 655 4942 Traoeisci
679 4897 696 4942 a
714 4879 798 4942 Vico·
853 4882 902 4944 iot.

84 4977 226 5044 mercato.
244 4970 347 5034 140004.
367 4969 439 5037 itti
460 4971 507 5038 104.
892 4977 1052 5040 Caeterum
1067 4977 1146 5060 0000
1162 4979 1191 5044 S·
1208 4979 1337 5048 Tlroraas
1354 4979 1490 5051 40144400
1506 4982 1570 5048 brt·
1621 5012 1624 5018 ·
