3368 5362
161 187 220 252 450

166 297 289 374 campis
307 294 336 354 S.
359 294 499 354 Lutetiae.
514 293 691 352 Parisiorum
714 292 840 353 Prolessi
861 293 879 352 b

163 396 267 448 vetere
303 391 449 449 blanuscr.
480 388 558 446 eruti
580 402 615 445 ac
636 387 664 444 ln
687 387 786 446 lucem
810 394 881 466 post

161 479 361 543 Bibliothecae
375 481 581 543 cluniacensis
595 466 756 538 editionem
774 481 876 563 emissi

161 581 234 636 sunl
254 592 292 635 ex
312 576 429 635 officina
447 572 613 635 Nivelliana
632 571 804 650 sumptibus
826 573 878 632 Se-

161 666 287 728 64444444
309 667 468 743 cramoisy
489 681 570 724 anno
593 662 670 725 4647
693 664 721 723 in
744 665 772 723 8.
795 672 825 724 et
847 667 875 723 44

161 761 233 823 04444.
264 763 384 822 Petrum
407 760 511 819 cnlon.
533 765 605 817 tom.
629 760 665 818 X.
688 765 719 817 et
741 757 832 836 Lugd.
855 765 877 818 4.

160 854 251 915 XVll.
267 853 328 914 Nec
344 855 417 913 latet
434 868 508 926 nos,
524 853 622 928 iuquit
636 851 772 912 Andreas
783 851 878 923 Quer-

158 955 294 1019 cetanns‚
306 948 363 1008 alia
380 946 473 1006 multa
492 946 649 1023 scripsisse
665 947 780 1005 Patrem
797 944 878 1007 hunc

158 1057 268 1120 nempe
290 1041 398 1101 librum
421 1038 457 1099 de
480 1036 734 1100 translationes.
751 1034 878 1100 'Benedi-

158 1135 213 1208 444,
234 1133 323 1212 cujus
346 1135 482 1193 meminit
504 1135 671 1209 Aynroinus
695 1132 877 1210 Monachus,

159 1229 287 1289 alterum
306 1226 341 1286 de
359 1227 532 1307 Contempto
546 1225 657 1301 144444,
675 1227 753 1286 44444
765 1233 878 1286 testan-

158 1321 318 1382 44404444
337 1319 512 1380 Pontificum
531 1321 801 1393 lemovicensium,
814 1336 879 1379 ser-

160 1430 319 1493 monesque
341 1415 444 1492 plures
468 1430 503 1474 ac
529 1414 658 1494 llpmrros
681 1418 778 1473 otest
798 1412 876 1492 apud

159 1508 359 1568 Tritbemium
375 1527 381 1566 :
399 1506 451 1568 sed
476 1507 592 1568 nullum
615 1504 713 1566 adhuc
743 1507 877 1566 invenire

160 1604 244 1664 licuit
265 1605 316 1681 qui
339 1601 388 1662 vel
409 1601 539 1679 aliquem
557 1616 661 1661 eorum
680 1599 789 1678 publici
800 1598 878 1677 juris

159 1699 256 1757 tacere
273 1702 326 1757 aut
339 1701 442 1774 posset
463 1701 515 1754 aut
533 1694 633 1754 vellet.
652 1694 828 1754 Sermonem
846 1695 876 1753 in

159 1791 236 1850 14444
253 1792 283 1851 S.
300 1791 417 1851 blartini
439 1787 532 1848 edidit
546 1785 727 1848 Edmuudus
744 1788 877 1847 44444444

157 1892 229 1944 torn.
252 1884 286 1944 V.
304 1883 438 1943 thesauri
456 1881 626 1941 anecdotor.
646 1897 712 1959 pag.
734 1881 802 1941 648.
830 1882 877 1940 ln·

156 1981 214 2056 cip.
232 1978 330 2038 84444
347 1973 420 2034 hoec
435 1972 579 2033 hodierno
595 1971 764 2034 solennitas.
782 1973 876 2033 Dialo-

158 2088 230 2151 gum
248 2069 283 2129 de
296 2074 364 2128 orte
376 2067 492 2129 4144444
506 2065 608 2128 444444
622 2066 800 2144 Anonymus
810 2069 878 2127 blel-

163 2164 286 2225 licensis
302 2179 370 2240 cap.
385 2161 434 2222 75.
451 2159 617 2223 chronicon
630 2157 810 2220 4444444444
821 2154 878 2222 444-

158 2259 305 2334 nuscript.
334 2261 490 2315 servatum
517 2254 726 2333 cantabrigiae
753 2256 781 2313 in
805 2255 877 2315 Bibl.

158 2351 283 2430 Collegii
300 2352 331 2410 S.
349 2348 502 2409 Benedicti
520 2348 642 2408 Caveus
668 2352 831 2425 memorat,
848 2356 880 2408 et

847 182 955 248 000

933 309 1002 355 4444
1023 292 1110 354 44444
1131 292 1299 353 Chronicon
1332 293 1483 356 comitum
1511 294 1619 377 ludega-

933 390 1074 450 vensium
1095 404 1143 465 ap.
1172 386 1348 466 d‘Acbery'
1365 388 1504 468 Spiclleg.
1524 396 1545 450 4
1563 392 1585 452 x
1601 411 1620 472 p.

932 485 999 544 tto.
1021 480 1093 543 Vide
1114 480 1188 543 haec
1218 483 1318 544 omnia
1340 483 1371 542 in
1394 481 1500 544 eadem
1524 483 1620 547 historia

918 576 1074 643 4444444444
1103 582 1125 635 4.
1155 577 1192 636 Vl
1223 592 1297 655 pag·
1322 558 1634 658 0544441444444444

930 671 960 731 S.
982 668 1095 730 Odonis
1126 676 1190 731 tum
1222 664 1379 759 deperdh
1399 687 1472 732 cum
1493 670 1623 752 suppositi·

931 763 971 823 tia
993 765 1068 822 satis
1090 769 1229 824 accurate
1248 763 1285 822 ibi
1305 762 1551 826 recensentur.'

970 857 1048 917 000
1070 854 1225 931 0444444,
1253 857 1319 915 4444
1339 857 1392 934 qui
1411 856 1429 918 4
1457 856 1547 918 04444
1562 846 1624 918 duxlt

931 951 1098 1029 originem,
1118 949 1246 1009 celando
1263 966 1327 1028 cap.
1347 950 1417 1011 480.
1446 959 1624 1025 memoratus,

933 1040 1010 1102 idem
1028 1058 1097 1102 curn
1112 1039 1216 1102 Odone
1234 1043 1445 1104 cantuariensi
1461 1044 1590 1124 Archiep.
1602 1042 1626 1103 44

932 1151 990 1213 quo
1008 1150 1109 1212 sopra.
1214 1166 1219 1176 ·

971 1226 1048 1288 000
1069 1225 1104 1287 de
1116 1225 1233 1307 Deopito
1247 1225 1293 1305 (de
1309 1228 1405 1305 Duell)
1420 1228 1528 1290 Gallos
1541 1247 1575 1290 44
1590 1228 1629 1289 Ab

933 1319 1000 1380 bate
1013 1320 1044 1381 8.
1061 1320 1189 1381 cornelii
1216 1320 1470 1399 compendiensis
1487 1322 1544 1385 An.
1566 1321 1631 1383 4449.

932 1412 969 1474 ad
988 1413 1076 1474 4468.
1094 1412 1195 1474 Abbas
1206 1414 1238 1474 8.
1251 1410 1397 1493 Dionysii.
1410 1414 1488 1476 Vide
1506 1415 1633 1476 samna-

932 1506 1040 1566 thanos
1056 1513 1132 1566 tom.
1157 1503 1205 1567 lV.
1231 1505 1342 1568 Galliae
1369 1507 1566 1570 christianae
1586 1524 1633 1588 pag.

932 1600 999 1661 333.
1016 1599 1091 1678 Ejus
1114 1599 1179 1660 libri
1198 1608 1313 1680 septem
1331 1598 1633 1678 quosblonacbosrd·

933 1694 991 1754 hoc
1012 1700 1043 1752 et
1064 1710 1165 1754 comes
1184 1694 1298 1755 itineris
1314 1695 1403 1773 Regis
1420 1704 1454 1756 et
1474 1713 1492 1758 a
1516 1700 1633 1758 sacrisrt

931 1789 1057 1848 secretis
1072 1790 1191 1867 scripsit
1202 1787 1237 1847 de
1246 1785 1427 1869 profectrone
1441 1788 1588 1853 comum·
1598 1789 1636 1852 tlt

931 1880 1018 1958 Regis
1033 1881 1220 1941 Francorum
1235 1881 1265 1940 in
1281 1881 1429 1943 Orientem
1444 1884 1562 1964 vulgati
1583 1890 1637 1945 suut

932 1974 1383 2053 4044441444444440444444444,
1399 1975 1434 2055 S.⁴
1450 1979 1472 2038 l.
1490 1981 1521 2037 44
1539 1978 1638 2057 sylloge

931 2070 980 2129 cni
1012 2070 1139 2129 titulus:
1164 2069 1194 2129 S.
1226 2066 1367 2129 04444444
1400 2068 1639 2132 claraevallensis

931 2162 1055 2223 Abbatis
1078 2163 1194 2223 illustre
1220 2178 1316 2242 genus
1342 2170 1510 2224 assertum.
1532 2166 1639 2225 0444444

934 2256 1021 2318 4660.
1038 2259 1067 2314 4.
1083 2253 1157 2315 Vide
1175 2255 1294 2333 Pagium
1315 2254 1352 2316 ad
1374 2254 1433 2315 An.
1459 2256 1550 2319 4447.
1566 2253 1640 2319 nult

935 2366 1005 2410 num
1024 2356 1096 2409 tom.
1119 2348 1146 2410 2,
1171 2365 1237 2428 pag.
1259 2346 1346 2409 4443.
1368 2357 1400 2409 et
1415 2351 1566 2413 iacobum
1583 2354 1641 2412 444

158 2451 230 2506 4444
257 2445 391 2505 caveum
416 2442 543 2520 Vossius
560 2459 626 2520 pag.
644 2441 711 2500 340.
728 2442 779 2518 qui
797 2440 880 2501 addit
929 2460 999 2522 gum
1020 2460 1049 2501 4.
1070 2441 1159 2502 6996.
1178 2442 1250 2502 Bibl.
1270 2441 1341 2502 hist.
1357 2443 1498 2504 Francor.

159 2539 251 2597 etiarn
275 2537 371 2596 Vitem
392 2536 424 2596 8.
446 2533 551 2598 Mauri
575 2537 721 2596 blanuscr.
750 2536 780 2593 in
807 2535 880 2595 tlibi.

163 2632 320 2690 Vaticana'
329 2629 389 2689 Sed
405 2629 452 2689 illa
470 2637 518 2688 est
534 2627 648 2688 Odonis
662 2627 883 2688 Glannololien-

159 2725 203 2783 444
217 2769 225 2799 ,
240 2722 277 2782 44
292 2739 351 2799 quo
370 2738 450 2782 mox.
468 2724 510 2782 De
534 2719 597 2781 4444
626 2718 766 2799 Gregorii
793 2722 884 2780 Ture

160 2815 279 2890 nensis,
299 2813 369 2874 vide
386 2831 477 2894 supra
494 2822 565 2874 tom.
584 2815 612 2873 3.
632 2830 695 2891 pag.
714 2813 782 2873 094.

200 2909 216 2942 4
238 2912 358 2969 Praeter
390 2910 542 2986 llymnum
566 2908 594 2964 in
614 2906 733 2966 laudem
755 2908 784 2967 8.
807 2908 882 2967 blar-

160 3005 215 3063 tini
236 3004 287 3080 qui
310 3003 418 3080 legitur
439 3003 467 3060 in
490 2999 669 3060 bibliotheca
691 3000 742 3059 ΡΡ.
766 3000 881 3077 Lugdu·

160 3099 247 3159 44444
278 3097 356 3156 44444
383 3096 474 3155 etiam
505 3093 544 3154 44
575 3093 681 3152 eodem
711 3093 823 3154 Sancto
844 3096 882 3156 ab

161 3189 265 3253 Odoue
279 3188 380 3249 editus
396 3196 443 3248 444
460 3187 607 3268 legendus
623 3205 669 3266 ap.
680 3188 880 3250 hlabillonium

160 3283 268 3344 Annal.
291 3290 313 3342 t.
336 3283 375 3343 444
398 3286 427 3342 44
446 3282 585 3364 Appeud.
608 3301 636 3362 p.
658 3283 725 3344 659.
747 3282 811 3345 edit
826 3287 881 3344 Lu·

162 3394 244 3438 cens.

201 3473 360 3531 'tractatus
381 3469 416 3531 de
437 3470 609 3531 4444444444
630 3472 663 3530 0.
690 3469 816 3532 44444444
843 3471 880 3531 ab

160 3565 335 3626 auctoribus
347 3565 593 3625 ilistlitterariae
605 3565 774 3624 Gallicanae
797 3564 880 3624 abin·

118 3694 120 3699 ·
162 3657 279 3720 dicatur
300 3658 416 3735 04444,
438 3657 519 3737 quod
540 3658 656 3735 scilicet
678 3672 732 3716 nec
763 3658 877 3734 stylum

160 3754 227 3812 eius
248 3755 364 3830 sapiat,
387 3769 442 3812 nec
473 3753 548 3812 satis
569 3756 715 3829 congruat
743 3749 880 3829 dignitati

162 3845 302 3904 Fulconis
338 3847 458 3905 comitis
488 3844 719 3924 Andegavensis
750 3845 819 3923 (qui
851 3845 881 3903 S.

161 3936 297 3997 Odonem
318 3937 471 4015 educavit)
487 3946 521 4000 ut
535 3940 713 4001 Monachum
732 3937 818 3998 illum
839 3939 880 3998 ita

163 4030 352 4106 alloquatur:
384 4032 598 4094 condescendat
620 4030 769 4115 parcitati
799 4047 882 4091 mene

164 4128 266 4185 nestro
288 4121 464 4185 sublimitas.
493 4128 538 4186 lta
562 4130 673 4205 pariter
690 4133 721 4185 ot
734 4131 881 4186 tractatus

164 4218 242 4296 quod
269 4219 292 4276 0
312 4217 462 4278 Martinus
483 4218 604 4279 dicator
627 4238 688 4301 por
712 4216 880 4298 Apostolis‚

78 4343 82 4351 ·
161 4311 313 4392 judicibus
334 4309 438 4371 iisdem
458 4314 651 4391 scriptoribus
674 4315 772 4375 loetus
784 4318 833 4381 est
850 4311 881 4372 8.

164 4406 276 4468 044444
299 4423 356 4466 oon
379 4407 526 4465 sincerus.
548 4407 626 4477 Quin
648 4414 678 4467 et
698 4408 794 4469 Adam
809 4405 881 4466 ’Ab-

164 4501 223 4562 bati
245 4502 414 4563 Perseunae
435 4498 633 4560 vindicandus
654 4508 749 4562 estut
766 4500 882 4561 excol-

89 4659 101 4671 ,
164 4596 292 4658 44444444
311 4594 515 4674 Epistolarum
538 4594 672 4655 eiusdem
695 4595 800 4657 Adami
815 4596 881 4656 vul·

164 4699 268 4770 gatae
293 4693 321 4751 P.
344 4690 477 4751 blartene
509 4686 697 4750 Accedent.
721 4692 732 4749 l
759 4709 788 4769 p.
809 4689 879 4751 738.

164 4794 221 4845 etc.
243 4787 444 4863 agnoscimus
465 4784 589 4860 insuper
611 4783 778 4845 chronicon
813 4802 881 4845 suc·

165 4882 297 4941 cinctum
329 4880 459 4941 Thomae
492 4878 633 4939 Laebensi
667 4879 881 4942 vindicandum

973 2535 1050 2597 000
1066 2535 1101 2596 de
1122 2536 1242 2610 04444,
1264 2536 1436 2616 Theologus
1455 2538 1639 2612 sorbonicus,

936 2645 1070 2690 errorum
1086 2637 1256 2702 accusatus,
1266 2627 1303 2689 de
1314 2629 1425 2706 quibus
1437 2630 1574 2692 damnari
1583 2645 1640 2691 eura

935 2724 1059 2802 contigit
1079 2721 1117 2782 ab
1134 2722 1304 2783 Alexandro
1325 2722 1375 2782 tv,
1391 2722 1450 2784 An.
1474 2720 1562 2785 4056.

975 2816 1053 2877 000
1074 2815 1256 2896 spiscopus,
1277 2830 1368 2894 supra
1390 2818 1420 2876 in
1446 2816 1548 2879 odone
1562 2811 1639 2877 aeb-

936 2926 1064 2972 oocensr.
1130 2923 1133 2926 ’

964 3004 1052 3066 ἲ000
1069 2999 1266 3063 floriacensis
1277 3001 1387 3062 Abbas.
1402 3002 1500 3083 Supra
1514 3006 1543 3065 in
1559 3001 1648 3065 onon·

937 3094 1137 3161 Clnnrbccnsr'.
1305 3112 1309 3118 ·

975 3190 1052 3250 000
1072 3188 1234 3251 llouacbus
1255 3190 1464 3267 Fossotcnsis,
1487 3192 1544 3255 An.
1568 3190 1641 3254 4940

936 3285 1063 3362 scriptor
1092 3282 1171 3343 vitoe
1202 3284 1307 3342 Domni
1333 3281 1510 3347 Burcbordi
1533 3285 1640 3349 comitis

934 3377 1173 3451 helmonensis,
1197 3380 1249 3457 qni
1270 3377 1353 3457 apud'
1378 3380 1536 3459 hugonem
1559 3381 1640 3460 capc-

934 3481 1000 3534 tnm
1030 3480 1061 3532 et
1091 3471 1256 3559 liebertum
1278 3472 1344 3553 ejus
1366 3472 1464 3534 lilium
1486 3477 1640 3554 gratiosos,
1680 3520 1682 3557 ;

935 3565 1015 3625 diem
1033 3567 1106 3626 obiit
1128 3565 1184 3626 An.
1206 3566 1275 3626 999.
1297 3561 1410 3628 Exstat
1429 3569 1459 3627 44
1482 3568 1571 3631 044444
1589 3568 1642 3628 sira

935 3659 1033 3718 taoobi
1048 3657 1089 3719 du
1111 3660 1223 3734 04444,
1245 3659 1429 3720 04444444444
1446 3662 1642 3741 supplemento

934 3751 1159 3831 Antiquitatum
1193 3753 1424 3828 Parisiensium,
1446 3756 1540 3822 Paris.
1568 3754 1641 3816 ldlt.
1679 3744 1682 3771 ¹

937 3848 964 3906 4.
980 3848 1056 3906 4444
1074 3845 1213 3908 Andreae
1231 3845 1271 3906 du
1289 3847 1408 3907 chesne
1427 3853 1504 3908 torn.
1522 3850 1567 3909 lV.
1584 3847 1643 3908 scri·
1680 3836 1682 3843 ’

935 3936 1054 4019 ptorum
1070 3942 1109 4002 de
1125 3941 1216 4001 rebus
1231 3940 1413 4001 Francorum
1429 3960 1497 4021 pag.
1518 3936 1574 4005 446
1587 3940 1642 4003 444.

935 4040 966 4094 44
981 4034 1094 4095 Gallice
1116 4034 1292 4095 Sebastiano
1309 4035 1479 4096 0444144444
1494 4038 1642 4114 interprete

937 4129 965 4186 in
983 4145 1050 4204 equs
1067 4129 1190 4189 historia
1208 4130 1346 4191 civitatis
1357 4128 1641 4192 blelodunensis.Va·

935 4224 986 4282 ris.
1009 4222 1099 4283 4608.
1121 4223 1148 4281 4.

976 4314 992 4351 *
1013 4315 1075 4376 Sub
1096 4314 1186 4375 buius
1207 4316 1365 4394 scriptoris
1392 4319 1514 4379 nomine
1531 4319 1641 4396 legimus

936 4408 1063 4469 indicata
1089 4426 1135 4487 ap.
1158 4409 1346 4470 hlontlaucon
1361 4410 1435 4471 Bibl.
1457 4411 1640 4471 Bibliotheca-

936 4520 1002 4563 rum
1025 4519 1091 4582 pag.
1124 4501 1211 4562 4278.
1245 4501 1339 4562 Vitam
1371 4502 1401 4566 8.
1423 4502 1535 4566 maort
1560 4507 1640 4564 metro

935 4605 966 4658 et
987 4613 1073 4676 prosa
1104 4597 1248 4675 scriptam
1280 4613 1371 4677 quarn
1403 4599 1431 4658 in
1466 4600 1565 4660 nescio
1591 4609 1638 4673 qua

937 4692 1150 4769 (nequeenim
1173 4689 1305 4767 indicat)
1326 4690 1439 4754 Gallica
1473 4690 1637 4754 bibliotheca

934 4793 1038 4845 extare
1058 4785 1138 4844 dicit.
1166 4785 1333 4863 Scriptores
1363 4787 1441 4846 liist.
1474 4783 1632 4846 litterariae

936 4879 1011 4940 Gall.
1036 4886 1058 4938 4.
1079 4879 1129 4939 Vll
1153 4896 1179 4957 p.
1204 4880 1270 4938 494.
1291 4886 1418 4940 censent
1445 4881 1537 4939 vitam
1568 4875 1632 4936 illan
