<?xml version="1.0" encoding="UTF-8"?>
<!DOCTYPE html PUBLIC "-//W3C//DTD XHTML 1.0 Transitional//EN"
    "http://www.w3.org/TR/xhtml1/DTD/xhtml1-transitional.dtd">
<html xmlns="http://www.w3.org/1999/xhtml" xml:lang="en" lang="en">
 <head>
  <title>
</title>
<meta http-equiv="Content-Type" content="text/html;charset=utf-8" />
  <meta name='ocr-system' content='tesseract 3.04.00' />
  <meta name='ocr-capabilities' content='ocr_page ocr_carea ocr_par ocr_line ocrx_word'/>
</head>
<body>
  <div class='ocr_page' id='page_1' title='image "./bibliothecalati01gallgoog_0410.png"; bbox 0 0 3658 5412; ppageno 0'>
   <div class='ocr_carea' id='block_1_1' title="bbox 680 98 1655 210">
    <p class='ocr_par' dir='ltr' id='par_1_1' title="bbox 680 98 1655 210">
     <span class='ocr_line' id='line_1_1' title="bbox 680 98 1655 210; baseline 0.013 -12"><span class='ocrx_word' id='word_1_1' title='bbox 680 140 1004 205; x_wconf 71' lang='lat' dir='ltr'><strong>crassensis</strong></span> <span class='ocrx_word' id='word_1_2' title='bbox 1525 149 1586 210; x_wconf 81' lang='lat' dir='ltr'><strong>ars</strong></span> <span class='ocrx_word' id='word_1_3' title='bbox 1651 98 1655 106; x_wconf 55' lang='grc'><strong>’</strong></span> 
     </span>
    </p>
   </div>
   <div class='ocr_carea' id='block_1_2' title="bbox 92 243 1597 520">
    <p class='ocr_par' dir='ltr' id='par_1_2' title="bbox 92 243 1597 520">
     <span class='ocr_line' id='line_1_2' title="bbox 92 243 1592 334; baseline -0.001 -18"><span class='ocrx_word' id='word_1_4' title='bbox 92 254 191 334; x_wconf 89' lang='lat' dir='ltr'><strong>paullo</strong></span> <span class='ocrx_word' id='word_1_5' title='bbox 205 258 288 331; x_wconf 88' lang='lat' dir='ltr'><strong>post,</strong></span> <span class='ocrx_word' id='word_1_6' title='bbox 308 243 596 329; x_wconf 66' lang='lat' dir='ltr'><strong>auocarentur</strong></span> <span class='ocrx_word' id='word_1_7' title='bbox 613 249 643 309; x_wconf 89' lang='lat' dir='ltr'><strong>S.</strong></span> <span class='ocrx_word' id='word_1_8' title='bbox 659 245 814 311; x_wconf 73' lang='grc'><strong>04404444.</strong></span> <span class='ocrx_word' id='word_1_9' title='bbox 871 250 933 326; x_wconf 88' lang='lat' dir='ltr'><strong>ipse</strong></span> <span class='ocrx_word' id='word_1_10' title='bbox 944 249 1444 312; x_wconf 77' lang='lat' dir='ltr'><strong>meminitHistoruerrndonensts</strong></span> <span class='ocrx_word' id='word_1_11' title='bbox 1454 254 1505 314; x_wconf 89' lang='lat' dir='ltr'><strong>lib.</strong></span> <span class='ocrx_word' id='word_1_12' title='bbox 1518 255 1592 315; x_wconf 90' lang='lat' dir='ltr'><strong>Vtil.</strong></span> 
     </span>
     <span class='ocr_line' id='line_1_3' title="bbox 129 340 1597 423; baseline 0.001 -16"><span class='ocrx_word' id='word_1_13' title='bbox 129 343 354 408; x_wconf 86' lang='lat' dir='ltr'><strong>HODULPHUS</strong></span> <span class='ocrx_word' id='word_1_14' title='bbox 365 342 465 404; x_wconf 83' lang='lat' dir='ltr'><strong>Abbas</strong></span> <span class='ocrx_word' id='word_1_15' title='bbox 478 342 648 402; x_wconf 86' lang='lat' dir='ltr'><strong>monasterii</strong></span> <span class='ocrx_word' id='word_1_16' title='bbox 661 340 690 400; x_wconf 71' lang='lat' dir='ltr'><strong>E</strong></span> <span class='ocrx_word' id='word_1_17' title='bbox 702 340 816 404; x_wconf 77' lang='lat' dir='ltr'><strong>Trudc</strong></span> <span class='ocrx_word' id='word_1_18' title='bbox 867 361 895 422; x_wconf 89' lang='lat' dir='ltr'><strong>p.</strong></span> <span class='ocrx_word' id='word_1_19' title='bbox 914 345 984 404; x_wconf 88' lang='grc'><strong>600.</strong></span> <span class='ocrx_word' id='word_1_20' title='bbox 1002 360 1028 404; x_wconf 89' lang='grc'><strong>4.</strong></span> <span class='ocrx_word' id='word_1_21' title='bbox 1044 349 1075 404; x_wconf 89' lang='grc'><strong>44</strong></span> <span class='ocrx_word' id='word_1_22' title='bbox 1092 342 1279 404; x_wconf 86' lang='lat' dir='ltr'><strong>Trithemius</strong></span> <span class='ocrx_word' id='word_1_23' title='bbox 1297 361 1437 423; x_wconf 85' lang='lat' dir='ltr'><strong>quoque:</strong></span> <span class='ocrx_word' id='word_1_24' title='bbox 1459 345 1597 408; x_wconf 85' lang='lat' dir='ltr'><strong>Velunren</strong></span> 
     </span>
     <span class='ocr_line' id='line_1_4' title="bbox 92 433 1595 520; baseline 0 -18"><span class='ocrx_word' id='word_1_25' title='bbox 92 443 139 502; x_wconf 91' lang='lat' dir='ltr'><strong>ais</strong></span> <span class='ocrx_word' id='word_1_26' title='bbox 165 443 206 518; x_wconf 83' lang='lat' dir='ltr'><strong>(S.</strong></span> <span class='ocrx_word' id='word_1_27' title='bbox 227 440 331 514; x_wconf 74' lang='lat' dir='ltr'><strong>Hanc)</strong></span> <span class='ocrx_word' id='word_1_28' title='bbox 363 435 510 496; x_wconf 90' lang='lat' dir='ltr'><strong>dioecesis</strong></span> <span class='ocrx_word' id='word_1_29' title='bbox 533 433 717 498; x_wconf 75' lang='lat' dir='ltr'><strong>leodiensis.</strong></span> <span class='ocrx_word' id='word_1_30' title='bbox 747 435 815 512; x_wconf 83' lang='lat' dir='ltr'><strong>ipse</strong></span> <span class='ocrx_word' id='word_1_31' title='bbox 871 441 980 516; x_wconf 86' lang='lat' dir='ltr'><strong>septem</strong></span> <span class='ocrx_word' id='word_1_32' title='bbox 1011 435 1157 498; x_wconf 83' lang='lat' dir='ltr'><strong>lidrorurn</strong></span> <span class='ocrx_word' id='word_1_33' title='bbox 1189 441 1294 496; x_wconf 80' lang='grc'><strong>444444</strong></span> <span class='ocrx_word' id='word_1_34' title='bbox 1320 437 1503 501; x_wconf 75' lang='lat' dir='ltr'><strong>simoniacas</strong></span> <span class='ocrx_word' id='word_1_35' title='bbox 1534 441 1595 520; x_wconf 86' lang='lat' dir='ltr'><strong>ipsc</strong></span> 
     </span>
    </p>
   </div>
   <div class='ocr_carea' id='block_1_3' title="bbox 12 527 1598 983">
    <p class='ocr_par' dir='ltr' id='par_1_3' title="bbox 12 527 1598 983">
     <span class='ocr_line' id='line_1_5' title="bbox 93 527 1598 601; baseline 0.003 -11"><span class='ocrx_word' id='word_1_36' title='bbox 93 535 173 594; x_wconf 88' lang='lat' dir='ltr'><strong>vitae</strong></span> <span class='ocrx_word' id='word_1_37' title='bbox 188 549 261 595; x_wconf 88' lang='lat' dir='ltr'><strong>suae</strong></span> <span class='ocrx_word' id='word_1_38' title='bbox 279 532 415 592; x_wconf 81' lang='lat' dir='ltr'><strong>notitiam</strong></span> <span class='ocrx_word' id='word_1_39' title='bbox 444 527 566 588; x_wconf 82' lang='lat' dir='ltr'><strong>exhibet</strong></span> <span class='ocrx_word' id='word_1_40' title='bbox 593 543 609 588; x_wconf 87' lang='lat' dir='ltr'><strong>a</strong></span> <span class='ocrx_word' id='word_1_41' title='bbox 637 527 711 588; x_wconf 88' lang='lat' dir='ltr'><strong>libro</strong></span> <span class='ocrx_word' id='word_1_42' title='bbox 737 527 816 589; x_wconf 86' lang='lat' dir='ltr'><strong>Vlll.</strong></span> <span class='ocrx_word' id='word_1_43' title='bbox 873 529 937 590; x_wconf 89' lang='lat' dir='ltr'><strong>loco</strong></span> <span class='ocrx_word' id='word_1_44' title='bbox 951 533 1042 592; x_wconf 90' lang='lat' dir='ltr'><strong>citato</strong></span> <span class='ocrx_word' id='word_1_45' title='bbox 1060 537 1217 601; x_wconf 73' lang='lat' dir='ltr'><strong>memorat,</strong></span> <span class='ocrx_word' id='word_1_46' title='bbox 1239 531 1425 594; x_wconf 78' lang='lat' dir='ltr'><strong>Habillonios</strong></span> <span class='ocrx_word' id='word_1_47' title='bbox 1446 535 1475 593; x_wconf 93' lang='lat' dir='ltr'><strong>in</strong></span> <span class='ocrx_word' id='word_1_48' title='bbox 1495 552 1598 596; x_wconf 89' lang='lat' dir='ltr'><strong>mona—</strong></span> 
     </span>
     <span class='ocr_line' id='line_1_6' title="bbox 12 611 1597 696; baseline 0 -7"><span class='ocrx_word' id='word_1_49' title='bbox 12 685 14 690; x_wconf 81' lang='grc'>,</span> <span class='ocrx_word' id='word_1_50' title='bbox 92 627 231 690; x_wconf 75' lang='lat' dir='ltr'><strong>chronici</strong></span> <span class='ocrx_word' id='word_1_51' title='bbox 248 611 455 684; x_wconf 72' lang='lat' dir='ltr'><strong>Trudcncnsls</strong></span> <span class='ocrx_word' id='word_1_52' title='bbox 472 635 568 696; x_wconf 72' lang='lat' dir='ltr'><strong>utque</strong></span> <span class='ocrx_word' id='word_1_53' title='bbox 585 618 632 680; x_wconf 59' lang='lat' dir='ltr'><strong>ild.</strong></span> <span class='ocrx_word' id='word_1_54' title='bbox 652 619 704 680; x_wconf 73' lang='lat' dir='ltr'><strong>lib·</strong></span> <span class='ocrx_word' id='word_1_55' title='bbox 733 622 815 684; x_wconf 84' lang='lat' dir='ltr'><strong>Xlll·</strong></span> <span class='ocrx_word' id='word_1_56' title='bbox 873 627 964 690; x_wconf 87' lang='lat' dir='ltr'><strong>sterio</strong></span> <span class='ocrx_word' id='word_1_57' title='bbox 974 625 1183 686; x_wconf 85' lang='lat' dir='ltr'><strong>Grmblacensi</strong></span> <span class='ocrx_word' id='word_1_58' title='bbox 1196 626 1321 696; x_wconf 84' lang='lat' dir='ltr'><strong>invenit,</strong></span> <span class='ocrx_word' id='word_1_59' title='bbox 1330 632 1360 684; x_wconf 88' lang='lat' dir='ltr'><strong>et</strong></span> <span class='ocrx_word' id='word_1_60' title='bbox 1372 633 1513 688; x_wconf 87' lang='lat' dir='ltr'><strong>contenta</strong></span> <span class='ocrx_word' id='word_1_61' title='bbox 1529 646 1597 689; x_wconf 89' lang='lat' dir='ltr'><strong>nar-</strong></span> 
     </span>
     <span class='ocr_line' id='line_1_7' title="bbox 94 711 1594 797; baseline 0 -17"><span class='ocrx_word' id='word_1_62' title='bbox 94 719 174 780; x_wconf 86' lang='lat' dir='ltr'><strong>unde</strong></span> <span class='ocrx_word' id='word_1_63' title='bbox 191 733 285 797; x_wconf 89' lang='lat' dir='ltr'><strong>pauca</strong></span> <span class='ocrx_word' id='word_1_64' title='bbox 299 711 488 792; x_wconf 82' lang='lat' dir='ltr'><strong>excerpenda</strong></span> <span class='ocrx_word' id='word_1_65' title='bbox 506 718 588 796; x_wconf 86' lang='lat' dir='ltr'><strong>sunt.</strong></span> <span class='ocrx_word' id='word_1_66' title='bbox 605 712 701 774; x_wconf 89' lang='lat' dir='ltr'><strong>Natus</strong></span> <span class='ocrx_word' id='word_1_67' title='bbox 717 719 769 774; x_wconf 89' lang='lat' dir='ltr'><strong>cst</strong></span> <span class='ocrx_word' id='word_1_68' title='bbox 786 715 817 776; x_wconf 92' lang='lat' dir='ltr'><strong>in</strong></span> <span class='ocrx_word' id='word_1_69' title='bbox 874 725 939 780; x_wconf 89' lang='lat' dir='ltr'><strong>rat:</strong></span> <span class='ocrx_word' id='word_1_70' title='bbox 955 717 1012 780; x_wconf 85' lang='lat' dir='ltr'><strong>Sed</strong></span> <span class='ocrx_word' id='word_1_71' title='bbox 1033 718 1072 779; x_wconf 95' lang='lat' dir='ltr'><strong>illi</strong></span> <span class='ocrx_word' id='word_1_72' title='bbox 1095 724 1197 796; x_wconf 87' lang='lat' dir='ltr'><strong>postea</strong></span> <span class='ocrx_word' id='word_1_73' title='bbox 1220 719 1249 778; x_wconf 90' lang='lat' dir='ltr'><strong>iu</strong></span> <span class='ocrx_word' id='word_1_74' title='bbox 1270 719 1399 795; x_wconf 87' lang='lat' dir='ltr'><strong>generali</strong></span> <span class='ocrx_word' id='word_1_75' title='bbox 1423 723 1594 780; x_wconf 84' lang='lat' dir='ltr'><strong>monasterii</strong></span> 
     </span>
     <span class='ocr_line' id='line_1_8' title="bbox 95 805 1596 889; baseline 0.001 -19"><span class='ocrx_word' id='word_1_76' title='bbox 95 813 180 886; x_wconf 88' lang='lat' dir='ltr'><strong>villa,</strong></span> <span class='ocrx_word' id='word_1_77' title='bbox 198 810 347 889; x_wconf 87' lang='lat' dir='ltr'><strong>quaesita</strong></span> <span class='ocrx_word' id='word_1_78' title='bbox 364 813 412 870; x_wconf 88' lang='lat' dir='ltr'><strong>est</strong></span> <span class='ocrx_word' id='word_1_79' title='bbox 442 822 533 884; x_wconf 88' lang='lat' dir='ltr'><strong>super</strong></span> <span class='ocrx_word' id='word_1_80' title='bbox 566 805 734 868; x_wconf 87' lang='lat' dir='ltr'><strong>Sambriam</strong></span> <span class='ocrx_word' id='word_1_81' title='bbox 762 807 818 872; x_wconf 87' lang='lat' dir='ltr'><strong>fln·</strong></span> <span class='ocrx_word' id='word_1_82' title='bbox 874 811 1105 888; x_wconf 80' lang='lat' dir='ltr'><strong>conflagratione</strong></span> <span class='ocrx_word' id='word_1_83' title='bbox 1134 811 1298 888; x_wconf 88' lang='lat' dir='ltr'><strong>perierunt,</strong></span> <span class='ocrx_word' id='word_1_84' title='bbox 1325 818 1413 889; x_wconf 90' lang='lat' dir='ltr'><strong>prout</strong></span> <span class='ocrx_word' id='word_1_85' title='bbox 1443 819 1596 878; x_wconf 72' lang='lat' dir='ltr'><strong>testantur</strong></span> 
     </span>
     <span class='ocr_line' id='line_1_9' title="bbox 94 897 1594 983; baseline 0.002 -20"><span class='ocrx_word' id='word_1_86' title='bbox 94 907 199 978; x_wconf 86' lang='lat' dir='ltr'><strong>rium,</strong></span> <span class='ocrx_word' id='word_1_87' title='bbox 214 904 334 964; x_wconf 90' lang='lat' dir='ltr'><strong>nomine</strong></span> <span class='ocrx_word' id='word_1_88' title='bbox 352 900 585 971; x_wconf 85' lang='lat' dir='ltr'><strong>Honesterium,</strong></span> <span class='ocrx_word' id='word_1_89' title='bbox 615 897 664 960; x_wconf 86' lang='lat' dir='ltr'><strong>ubi</strong></span> <span class='ocrx_word' id='word_1_90' title='bbox 692 897 818 961; x_wconf 81' lang='lat' dir='ltr'><strong>habetur</strong></span> <span class='ocrx_word' id='word_1_91' title='bbox 874 905 1006 965; x_wconf 81' lang='lat' dir='ltr'><strong>ltartcnc</strong></span> <span class='ocrx_word' id='word_1_92' title='bbox 1021 910 1052 966; x_wconf 82' lang='lat' dir='ltr'><strong>et</strong></span> <span class='ocrx_word' id='word_1_93' title='bbox 1066 903 1187 964; x_wconf 88' lang='lat' dir='ltr'><strong>Durand</strong></span> <span class='ocrx_word' id='word_1_94' title='bbox 1207 906 1329 983; x_wconf 87' lang='lat' dir='ltr'><strong>praeiet.</strong></span> <span class='ocrx_word' id='word_1_95' title='bbox 1350 905 1387 966; x_wconf 91' lang='lat' dir='ltr'><strong>ad</strong></span> <span class='ocrx_word' id='word_1_96' title='bbox 1409 911 1524 966; x_wconf 90' lang='lat' dir='ltr'><strong>tomum</strong></span> <span class='ocrx_word' id='word_1_97' title='bbox 1548 907 1594 966; x_wconf 91' lang='lat' dir='ltr'><strong>lV.</strong></span> 
     </span>
    </p>
   </div>
   <div class='ocr_carea' id='block_1_4' title="bbox 93 994 1702 1078">
    <p class='ocr_par' dir='ltr' id='par_1_4' title="bbox 93 994 1702 1078">
     <span class='ocr_line' id='line_1_10' title="bbox 93 994 1702 1078; baseline -0.001 -16"><span class='ocrx_word' id='word_1_98' title='bbox 93 999 219 1062; x_wconf 82' lang='grc'><strong>4404444</strong></span> <span class='ocrx_word' id='word_1_99' title='bbox 235 995 409 1060; x_wconf 88' lang='lat' dir='ltr'><strong>monialium</strong></span> <span class='ocrx_word' id='word_1_100' title='bbox 422 996 631 1071; x_wconf 83' lang='lat' dir='ltr'><strong>nigrasvestas</strong></span> <span class='ocrx_word' id='word_1_101' title='bbox 648 994 817 1058; x_wconf 86' lang='lat' dir='ltr'><strong>larentiam.</strong></span> <span class='ocrx_word' id='word_1_102' title='bbox 875 996 1064 1056; x_wconf 90' lang='lat' dir='ltr'><strong>Collectiaais</strong></span> <span class='ocrx_word' id='word_1_103' title='bbox 1080 998 1213 1075; x_wconf 85' lang='lat' dir='ltr'><strong>ampliss</strong></span> <span class='ocrx_word' id='word_1_104' title='bbox 1228 1017 1256 1077; x_wconf 94' lang='lat' dir='ltr'><strong>p.</strong></span> <span class='ocrx_word' id='word_1_105' title='bbox 1269 997 1317 1060; x_wconf 98' lang='grc'><strong>47.</strong></span> <span class='ocrx_word' id='word_1_106' title='bbox 1328 1001 1461 1061; x_wconf 77' lang='lat' dir='ltr'>Meminit</span> <span class='ocrx_word' id='word_1_107' title='bbox 1476 1015 1596 1078; x_wconf 88' lang='lat' dir='ltr'><strong>quoque</strong></span> <span class='ocrx_word' id='word_1_108' title='bbox 1698 1047 1702 1052; x_wconf 91' lang='lat'><strong>.</strong></span> 
     </span>
    </p>
   </div>
   <div class='ocr_carea' id='block_1_5' title="bbox 12 1083 1616 4602">
    <p class='ocr_par' dir='ltr' id='par_1_5' title="bbox 12 1083 1616 4602">
     <span class='ocr_line' id='line_1_11' title="bbox 95 1083 1598 1170; baseline -0.001 -16"><span class='ocrx_word' id='word_1_109' title='bbox 95 1091 196 1154; x_wconf 78' lang='lat' dir='ltr'><strong>leodii</strong></span> <span class='ocrx_word' id='word_1_110' title='bbox 224 1088 324 1150; x_wconf 90' lang='lat' dir='ltr'><strong>studia</strong></span> <span class='ocrx_word' id='word_1_111' title='bbox 353 1087 495 1157; x_wconf 87' lang='lat' dir='ltr'><strong>tractavit</strong></span> <span class='ocrx_word' id='word_1_112' title='bbox 516 1101 614 1162; x_wconf 85' lang='lat' dir='ltr'><strong>usque</strong></span> <span class='ocrx_word' id='word_1_113' title='bbox 639 1084 676 1146; x_wconf 90' lang='lat' dir='ltr'><strong>ad</strong></span> <span class='ocrx_word' id='word_1_114' title='bbox 704 1101 817 1149; x_wconf 88' lang='lat' dir='ltr'><strong>annum</strong></span> <span class='ocrx_word' id='word_1_115' title='bbox 876 1089 993 1166; x_wconf 80' lang='lat' dir='ltr'><strong>post.</strong></span> <span class='ocrx_word' id='word_1_116' title='bbox 1005 1087 1264 1168; x_wconf 72' lang='lat' dir='ltr'><strong>compilationum,</strong></span> <span class='ocrx_word' id='word_1_117' title='bbox 1274 1109 1351 1170; x_wconf 87' lang='lat' dir='ltr'><strong>quae</strong></span> <span class='ocrx_word' id='word_1_118' title='bbox 1362 1083 1465 1154; x_wconf 90' lang='lat' dir='ltr'><strong>multis</strong></span> <span class='ocrx_word' id='word_1_119' title='bbox 1476 1101 1598 1153; x_wconf 82' lang='lat' dir='ltr'><strong>senten-</strong></span> 
     </span>
     <span class='ocr_line' id='line_1_12' title="bbox 93 1177 1597 1262; baseline -0.001 -17"><span class='ocrx_word' id='word_1_120' title='bbox 93 1186 201 1248; x_wconf 81' lang='lat' dir='ltr'><strong>xviii.</strong></span> <span class='ocrx_word' id='word_1_121' title='bbox 224 1180 333 1242; x_wconf 86' lang='lat' dir='ltr'><strong>deinde</strong></span> <span class='ocrx_word' id='word_1_122' title='bbox 351 1179 517 1240; x_wconf 77' lang='lat' dir='ltr'><strong>mansellus</strong></span> <span class='ocrx_word' id='word_1_123' title='bbox 532 1179 630 1240; x_wconf 89' lang='lat' dir='ltr'><strong>iactus</strong></span> <span class='ocrx_word' id='word_1_124' title='bbox 642 1179 755 1240; x_wconf 87' lang='lat' dir='ltr'><strong>Porceti</strong></span> <span class='ocrx_word' id='word_1_125' title='bbox 770 1177 819 1256; x_wconf 86' lang='lat' dir='ltr'><strong>ja·</strong></span> <span class='ocrx_word' id='word_1_126' title='bbox 876 1183 928 1245; x_wconf 85' lang='lat' dir='ltr'><strong>tiis</strong></span> <span class='ocrx_word' id='word_1_127' title='bbox 948 1180 1059 1242; x_wconf 85' lang='lat' dir='ltr'><strong>divinis</strong></span> <span class='ocrx_word' id='word_1_128' title='bbox 1075 1189 1106 1242; x_wconf 86' lang='lat' dir='ltr'><strong>at</strong></span> <span class='ocrx_word' id='word_1_129' title='bbox 1123 1185 1259 1250; x_wconf 76' lang='lat' dir='ltr'><strong>Decretis</strong></span> <span class='ocrx_word' id='word_1_130' title='bbox 1275 1184 1473 1248; x_wconf 76' lang='lat' dir='ltr'><strong>conciliorum</strong></span> <span class='ocrx_word' id='word_1_131' title='bbox 1491 1184 1597 1262; x_wconf 78' lang='lat' dir='ltr'>plenae</span> 
     </span>
     <span class='ocr_line' id='line_1_13' title="bbox 93 1269 1552 1354; baseline -0.004 -14"><span class='ocrx_word' id='word_1_132' title='bbox 93 1284 147 1340; x_wconf 83' lang='lat' dir='ltr'><strong>xta</strong></span> <span class='ocrx_word' id='word_1_133' title='bbox 162 1275 405 1353; x_wconf 71' lang='lat' dir='ltr'><strong>aquisgranum,</strong></span> <span class='ocrx_word' id='word_1_134' title='bbox 434 1270 471 1332; x_wconf 92' lang='grc'><strong>40</strong></span> <span class='ocrx_word' id='word_1_135' title='bbox 500 1269 660 1342; x_wconf 81' lang='lat' dir='ltr'><strong>Custodia,</strong></span> <span class='ocrx_word' id='word_1_136' title='bbox 688 1271 819 1348; x_wconf 81' lang='lat' dir='ltr'><strong>Magistri</strong></span> <span class='ocrx_word' id='word_1_137' title='bbox 873 1270 1010 1346; x_wconf 86' lang='lat' dir='ltr'><strong>luerunt,</strong></span> <span class='ocrx_word' id='word_1_138' title='bbox 1028 1275 1099 1334; x_wconf 88' lang='lat' dir='ltr'><strong>item</strong></span> <span class='ocrx_word' id='word_1_139' title='bbox 1116 1273 1314 1336; x_wconf 85' lang='lat' dir='ltr'><strong>Graduolisa</strong></span> <span class='ocrx_word' id='word_1_140' title='bbox 1331 1291 1365 1336; x_wconf 87' lang='lat' dir='ltr'><strong>se</strong></span> <span class='ocrx_word' id='word_1_141' title='bbox 1381 1277 1552 1354; x_wconf 77' lang='lat' dir='ltr'><strong>conscripti.</strong></span> 
     </span>
     <span class='ocr_line' id='line_1_14' title="bbox 94 1363 1598 1448; baseline -0.002 -16"><span class='ocrx_word' id='word_1_142' title='bbox 94 1384 276 1448; x_wconf 87' lang='lat' dir='ltr'><strong>puerorum,</strong></span> <span class='ocrx_word' id='word_1_143' title='bbox 312 1365 450 1440; x_wconf 79' lang='lat' dir='ltr'><strong>Callani,</strong></span> <span class='ocrx_word' id='word_1_144' title='bbox 487 1364 611 1426; x_wconf 89' lang='lat' dir='ltr'><strong>minoris</strong></span> <span class='ocrx_word' id='word_1_145' title='bbox 636 1370 668 1423; x_wconf 91' lang='lat' dir='ltr'><strong>et</strong></span> <span class='ocrx_word' id='word_1_146' title='bbox 697 1363 820 1444; x_wconf 87' lang='lat' dir='ltr'><strong>majoris</strong></span> <span class='ocrx_word' id='word_1_147' title='bbox 914 1366 942 1426; x_wconf 89' lang='grc'><strong>7.</strong></span> <span class='ocrx_word' id='word_1_148' title='bbox 960 1364 1036 1428; x_wconf 86' lang='lat' dir='ltr'><strong>Acta</strong></span> <span class='ocrx_word' id='word_1_149' title='bbox 1057 1365 1230 1429; x_wconf 77' lang='lat' dir='ltr'><strong>tractationi</strong></span> <span class='ocrx_word' id='word_1_150' title='bbox 1238 1370 1344 1430; x_wconf 87' lang='lat' dir='ltr'><strong>Sancti</strong></span> <span class='ocrx_word' id='word_1_151' title='bbox 1356 1368 1497 1430; x_wconf 88' lang='lat' dir='ltr'><strong>Geream&#39;s</strong></span> <span class='ocrx_word' id='word_1_152' title='bbox 1507 1367 1598 1428; x_wconf 84' lang='grc'><strong>44444</strong></span> 
     </span>
     <span class='ocr_line' id='line_1_15' title="bbox 94 1456 1596 1541; baseline -0.003 -15"><span class='ocrx_word' id='word_1_153' title='bbox 94 1460 448 1541; x_wconf 86' lang='lat' dir='ltr'><strong>Praepositidiguitatern</strong></span> <span class='ocrx_word' id='word_1_154' title='bbox 467 1457 763 1536; x_wconf 67' lang='lat' dir='ltr'><strong>suspicationes</strong></span> <span class='ocrx_word' id='word_1_155' title='bbox 780 1456 816 1518; x_wconf 89' lang='lat' dir='ltr'><strong>ed</strong></span> <span class='ocrx_word' id='word_1_156' title='bbox 874 1456 979 1519; x_wconf 87' lang='lat' dir='ltr'><strong>militis</strong></span> <span class='ocrx_word' id='word_1_157' title='bbox 1006 1459 1140 1537; x_wconf 79' lang='lat' dir='ltr'><strong>Lepionr&#39;s</strong></span> <span class='ocrx_word' id='word_1_158' title='bbox 1169 1458 1384 1532; x_wconf 71' lang='lat' dir='ltr'><strong>Thebaeorum,</strong></span> <span class='ocrx_word' id='word_1_159' title='bbox 1410 1461 1489 1522; x_wconf 87' lang='lat' dir='ltr'><strong>edita</strong></span> <span class='ocrx_word' id='word_1_160' title='bbox 1517 1469 1596 1522; x_wconf 86' lang='lat' dir='ltr'><strong>esta</strong></span> 
     </span>
     <span class='ocr_line' id='line_1_16' title="bbox 94 1550 1599 1628; baseline -0.004 -10"><span class='ocrx_word' id='word_1_161' title='bbox 94 1555 311 1618; x_wconf 73' lang='lat' dir='ltr'><strong>nonasterium</strong></span> <span class='ocrx_word' id='word_1_162' title='bbox 329 1553 359 1612; x_wconf 87' lang='grc'><strong>3.</strong></span> <span class='ocrx_word' id='word_1_163' title='bbox 371 1551 518 1614; x_wconf 77' lang='lat' dir='ltr'><strong>teudonis</strong></span> <span class='ocrx_word' id='word_1_164' title='bbox 530 1552 658 1628; x_wconf 81' lang='lat' dir='ltr'><strong>perrexit</strong></span> <span class='ocrx_word' id='word_1_165' title='bbox 670 1593 679 1621; x_wconf 89' lang='lat'><strong>,</strong></span> <span class='ocrx_word' id='word_1_166' title='bbox 692 1550 742 1611; x_wconf 87' lang='lat' dir='ltr'><strong>ubi</strong></span> <span class='ocrx_word' id='word_1_167' title='bbox 755 1567 820 1612; x_wconf 82' lang='lat' dir='ltr'><strong>run-</strong></span> <span class='ocrx_word' id='word_1_168' title='bbox 875 1550 963 1612; x_wconf 89' lang='lat' dir='ltr'><strong>Surio</strong></span> <span class='ocrx_word' id='word_1_169' title='bbox 979 1551 1010 1610; x_wconf 91' lang='lat' dir='ltr'><strong>d.</strong></span> <span class='ocrx_word' id='word_1_170' title='bbox 1021 1552 1061 1611; x_wconf 99' lang='grc'><strong>24</strong></span> <span class='ocrx_word' id='word_1_171' title='bbox 1078 1553 1221 1614; x_wconf 79' lang='lat' dir='ltr'><strong>Novemb.</strong></span> <span class='ocrx_word' id='word_1_172' title='bbox 1240 1570 1370 1614; x_wconf 87' lang='lat' dir='ltr'><strong>necnon</strong></span> <span class='ocrx_word' id='word_1_173' title='bbox 1387 1557 1547 1615; x_wconf 84' lang='lat' dir='ltr'><strong>aHartene</strong></span> <span class='ocrx_word' id='word_1_174' title='bbox 1568 1561 1599 1612; x_wconf 87' lang='lat' dir='ltr'><strong>rt</strong></span> 
     </span>
     <span class='ocr_line' id='line_1_17' title="bbox 93 1643 1597 1728; baseline -0.007 -16"><span class='ocrx_word' id='word_1_175' title='bbox 93 1667 163 1712; x_wconf 88' lang='lat' dir='ltr'><strong>sum</strong></span> <span class='ocrx_word' id='word_1_176' title='bbox 182 1663 293 1728; x_wconf 87' lang='lat' dir='ltr'><strong>pueros</strong></span> <span class='ocrx_word' id='word_1_177' title='bbox 318 1645 437 1719; x_wconf 89' lang='lat' dir='ltr'><strong>docuit,</strong></span> <span class='ocrx_word' id='word_1_178' title='bbox 461 1649 564 1720; x_wconf 88' lang='lat' dir='ltr'><strong>postea</strong></span> <span class='ocrx_word' id='word_1_179' title='bbox 590 1645 728 1706; x_wconf 89' lang='lat' dir='ltr'><strong>Decanus</strong></span> <span class='ocrx_word' id='word_1_180' title='bbox 754 1646 820 1709; x_wconf 88' lang='lat' dir='ltr'><strong>sive</strong></span> <span class='ocrx_word' id='word_1_181' title='bbox 877 1643 1132 1708; x_wconf 78' lang='lat' dir='ltr'><strong>nunnoccltect.</strong></span> <span class='ocrx_word' id='word_1_182' title='bbox 1148 1645 1283 1723; x_wconf 87' lang='lat' dir='ltr'><strong>ampliss.</strong></span> <span class='ocrx_word' id='word_1_183' title='bbox 1296 1652 1367 1706; x_wconf 93' lang='lat' dir='ltr'><strong>tom.</strong></span> <span class='ocrx_word' id='word_1_184' title='bbox 1380 1647 1427 1706; x_wconf 90' lang='lat' dir='ltr'><strong>Vl.</strong></span> <span class='ocrx_word' id='word_1_185' title='bbox 1440 1647 1597 1725; x_wconf 79' lang='lat' dir='ltr'><strong>pagllllii.</strong></span> 
     </span>
     <span class='ocr_line' id='line_1_18' title="bbox 93 1735 1597 1817; baseline -0.007 -11"><span class='ocrx_word' id='word_1_186' title='bbox 93 1745 197 1816; x_wconf 87' lang='lat' dir='ltr'><strong>Prior,</strong></span> <span class='ocrx_word' id='word_1_187' title='bbox 215 1737 336 1816; x_wconf 80' lang='lat' dir='ltr'><strong>laudern</strong></span> <span class='ocrx_word' id='word_1_188' title='bbox 351 1756 378 1799; x_wconf 92' lang='lat' dir='ltr'><strong>a.</strong></span> <span class='ocrx_word' id='word_1_189' title='bbox 395 1738 482 1800; x_wconf 82' lang='grc'><strong>4408.</strong></span> <span class='ocrx_word' id='word_1_190' title='bbox 500 1735 601 1798; x_wconf 79' lang='grc'><strong>444044</strong></span> <span class='ocrx_word' id='word_1_191' title='bbox 620 1737 684 1798; x_wconf 89' lang='lat' dir='ltr'><strong>luit.</strong></span> <span class='ocrx_word' id='word_1_192' title='bbox 696 1737 820 1802; x_wconf 83' lang='lat' dir='ltr'><strong>Electus</strong></span> <span class='ocrx_word' id='word_1_193' title='bbox 914 1739 943 1798; x_wconf 87' lang='grc'><strong>8.</strong></span> <span class='ocrx_word' id='word_1_194' title='bbox 963 1737 1027 1798; x_wconf 84' lang='lat' dir='ltr'><strong>Vita</strong></span> <span class='ocrx_word' id='word_1_195' title='bbox 1048 1736 1136 1798; x_wconf 83' lang='lat' dir='ltr'><strong>Petri</strong></span> <span class='ocrx_word' id='word_1_196' title='bbox 1163 1736 1354 1810; x_wconf 78' lang='lat' dir='ltr'><strong>Venerabilis,</strong></span> <span class='ocrx_word' id='word_1_197' title='bbox 1377 1740 1436 1799; x_wconf 88' lang='lat' dir='ltr'><strong>ibid</strong></span> <span class='ocrx_word' id='word_1_198' title='bbox 1458 1757 1486 1817; x_wconf 91' lang='lat' dir='ltr'><strong>p.</strong></span> <span class='ocrx_word' id='word_1_199' title='bbox 1509 1741 1597 1801; x_wconf 91' lang='grc'><strong>4437.</strong></span> 
     </span>
     <span class='ocr_line' id='line_1_19' title="bbox 93 1827 1609 1913; baseline -0.002 -18"><span class='ocrx_word' id='word_1_200' title='bbox 93 1850 216 1913; x_wconf 85' lang='lat' dir='ltr'><strong>quaque</strong></span> <span class='ocrx_word' id='word_1_201' title='bbox 238 1851 264 1894; x_wconf 89' lang='lat' dir='ltr'><strong>a.</strong></span> <span class='ocrx_word' id='word_1_202' title='bbox 287 1831 376 1896; x_wconf 88' lang='grc'><strong>4424.</strong></span> <span class='ocrx_word' id='word_1_203' title='bbox 398 1829 499 1897; x_wconf 73' lang='lat' dir='ltr'><strong>abbas</strong></span> <span class='ocrx_word' id='word_1_204' title='bbox 519 1827 548 1888; x_wconf 88' lang='lat' dir='ltr'><strong>S.</strong></span> <span class='ocrx_word' id='word_1_205' title='bbox 575 1828 763 1893; x_wconf 87' lang='lat' dir='ltr'><strong>Pantaleonis</strong></span> <span class='ocrx_word' id='word_1_206' title='bbox 790 1832 818 1888; x_wconf 92' lang='grc'><strong>44</strong></span> <span class='ocrx_word' id='word_1_207' title='bbox 915 1830 1089 1894; x_wconf 84' lang='grc'><strong>4444444444</strong></span> <span class='ocrx_word' id='word_1_208' title='bbox 1109 1831 1282 1901; x_wconf 81' lang='grc'><strong>30440344,</strong></span> <span class='ocrx_word' id='word_1_209' title='bbox 1301 1832 1366 1892; x_wconf 81' lang='lat' dir='ltr'><strong>aliis</strong></span> <span class='ocrx_word' id='word_1_210' title='bbox 1393 1830 1609 1910; x_wconf 53' lang='lat' dir='ltr'><strong>Reddenda-1</strong></span> 
     </span>
     <span class='ocr_line' id='line_1_20' title="bbox 93 1920 1597 2002; baseline -0.003 -14"><span class='ocrx_word' id='word_1_211' title='bbox 93 1927 223 1988; x_wconf 86' lang='lat' dir='ltr'><strong>diaecesi</strong></span> <span class='ocrx_word' id='word_1_212' title='bbox 241 1920 818 1998; x_wconf 84' lang='lat' dir='ltr'><strong>Coloniensimunusutrumqueadmi·</strong></span> <span class='ocrx_word' id='word_1_213' title='bbox 874 1927 954 1984; x_wconf 91' lang='lat' dir='ltr'><strong>tione</strong></span> <span class='ocrx_word' id='word_1_214' title='bbox 977 1923 1102 1999; x_wconf 86' lang='lat' dir='ltr'><strong>Gallus,</strong></span> <span class='ocrx_word' id='word_1_215' title='bbox 1137 1925 1244 1985; x_wconf 87' lang='lat' dir='ltr'><strong>Sacrae</strong></span> <span class='ocrx_word' id='word_1_216' title='bbox 1271 1926 1394 2002; x_wconf 82' lang='lat' dir='ltr'><strong>paginae</strong></span> <span class='ocrx_word' id='word_1_217' title='bbox 1426 1924 1597 1996; x_wconf 76' lang='lat' dir='ltr'><strong>Professor,</strong></span> 
     </span>
     <span class='ocr_line' id='line_1_21' title="bbox 94 2012 1598 2096; baseline -0.003 -14"><span class='ocrx_word' id='word_1_218' title='bbox 94 2012 816 2096; x_wconf 86' lang='lat' dir='ltr'><strong>nistrevit,disciplinaemonasticaestndioeis-</strong></span> <span class='ocrx_word' id='word_1_219' title='bbox 874 2017 1007 2080; x_wconf 89' lang='grc'><strong>44444.</strong></span> <span class='ocrx_word' id='word_1_220' title='bbox 1027 2015 1199 2078; x_wconf 85' lang='lat' dir='ltr'><strong>Orationem</strong></span> <span class='ocrx_word' id='word_1_221' title='bbox 1223 2019 1253 2078; x_wconf 86' lang='lat' dir='ltr'><strong>in</strong></span> <span class='ocrx_word' id='word_1_222' title='bbox 1288 2019 1418 2080; x_wconf 86' lang='lat' dir='ltr'><strong>Concilio</strong></span> <span class='ocrx_word' id='word_1_223' title='bbox 1450 2019 1598 2080; x_wconf 84' lang='lat' dir='ltr'><strong>Constan-</strong></span> 
     </span>
     <span class='ocr_line' id='line_1_22' title="bbox 97 2106 1598 2191; baseline -0.001 -17"><span class='ocrx_word' id='word_1_224' title='bbox 97 2116 207 2176; x_wconf 87' lang='lat' dir='ltr'><strong>simus.</strong></span> <span class='ocrx_word' id='word_1_225' title='bbox 236 2109 308 2174; x_wconf 87' lang='lat' dir='ltr'><strong>Vide</strong></span> <span class='ocrx_word' id='word_1_226' title='bbox 326 2111 470 2174; x_wconf 84' lang='lat' dir='ltr'><strong>Chronica</strong></span> <span class='ocrx_word' id='word_1_227' title='bbox 488 2107 518 2168; x_wconf 89' lang='lat' dir='ltr'><strong>S.</strong></span> <span class='ocrx_word' id='word_1_228' title='bbox 535 2108 723 2172; x_wconf 86' lang='lat' dir='ltr'><strong>Pantalccnis</strong></span> <span class='ocrx_word' id='word_1_229' title='bbox 748 2115 820 2170; x_wconf 88' lang='lat' dir='ltr'><strong>torn.</strong></span> <span class='ocrx_word' id='word_1_230' title='bbox 875 2111 961 2172; x_wconf 86' lang='lat' dir='ltr'><strong>tiensi</strong></span> <span class='ocrx_word' id='word_1_231' title='bbox 976 2106 1014 2170; x_wconf 83' lang='lat' dir='ltr'><strong>de</strong></span> <span class='ocrx_word' id='word_1_232' title='bbox 1029 2107 1162 2171; x_wconf 77' lang='lat' dir='ltr'><strong>Simonis</strong></span> <span class='ocrx_word' id='word_1_233' title='bbox 1183 2109 1308 2186; x_wconf 87' lang='lat' dir='ltr'><strong>habuit,</strong></span> <span class='ocrx_word' id='word_1_234' title='bbox 1338 2109 1426 2191; x_wconf 80' lang='lat' dir='ltr'><strong>cujus</strong></span> <span class='ocrx_word' id='word_1_235' title='bbox 1446 2112 1598 2190; x_wconf 84' lang='lat' dir='ltr'><strong>Excerpta</strong></span> 
     </span>
     <span class='ocr_line' id='line_1_23' title="bbox 95 2200 1601 2283; baseline -0.003 -13"><span class='ocrx_word' id='word_1_236' title='bbox 95 2203 462 2283; x_wconf 62' lang='lat' dir='ltr'><strong>mercinensium.</strong></span> <span class='ocrx_word' id='word_1_237' title='bbox 482 2200 818 2279; x_wconf 68' lang='lat' dir='ltr'><strong>increscantsetgt-</strong></span> <span class='ocrx_word' id='word_1_238' title='bbox 868 2202 957 2264; x_wconf 81' lang='lat' dir='ltr'><strong>‘dedit</strong></span> <span class='ocrx_word' id='word_1_239' title='bbox 991 2203 1091 2264; x_wconf 88' lang='lat' dir='ltr'><strong>Herm.</strong></span> <span class='ocrx_word' id='word_1_240' title='bbox 1113 2219 1173 2264; x_wconf 83' lang='lat' dir='ltr'><strong>ron</strong></span> <span class='ocrx_word' id='word_1_241' title='bbox 1192 2202 1245 2264; x_wconf 85' lang='lat' dir='ltr'><strong>dcr</strong></span> <span class='ocrx_word' id='word_1_242' title='bbox 1262 2202 1355 2264; x_wconf 86' lang='lat' dir='ltr'><strong>Hardt</strong></span> <span class='ocrx_word' id='word_1_243' title='bbox 1374 2211 1447 2266; x_wconf 91' lang='lat' dir='ltr'><strong>tom.</strong></span> <span class='ocrx_word' id='word_1_244' title='bbox 1470 2207 1503 2265; x_wconf 90' lang='lat' dir='ltr'><strong>V.</strong></span> <span class='ocrx_word' id='word_1_245' title='bbox 1522 2207 1601 2268; x_wconf 86' lang='lat' dir='ltr'><strong>¹Coo-</strong></span> 
     </span>
     <span class='ocr_line' id='line_1_24' title="bbox 95 2294 1600 2377; baseline -0.002 -15"><span class='ocrx_word' id='word_1_246' title='bbox 95 2315 208 2377; x_wconf 89' lang='lat' dir='ltr'><strong>camp.</strong></span> <span class='ocrx_word' id='word_1_247' title='bbox 231 2299 299 2360; x_wconf 90' lang='grc'><strong>804.</strong></span> <span class='ocrx_word' id='word_1_248' title='bbox 317 2296 437 2358; x_wconf 82' lang='lat' dir='ltr'><strong>Swertii</strong></span> <span class='ocrx_word' id='word_1_249' title='bbox 454 2294 591 2358; x_wconf 79' lang='grc'><strong>44444444</strong></span> <span class='ocrx_word' id='word_1_250' title='bbox 607 2294 819 2372; x_wconf 84' lang='lat' dir='ltr'><strong>Helgiaaspag.</strong></span> <span class='ocrx_word' id='word_1_251' title='bbox 877 2298 935 2359; x_wconf 92' lang='lat' dir='ltr'><strong>ciiii</strong></span> <span class='ocrx_word' id='word_1_252' title='bbox 958 2297 1115 2358; x_wconf 87' lang='lat' dir='ltr'><strong>Constant.</strong></span> <span class='ocrx_word' id='word_1_253' title='bbox 1133 2298 1224 2374; x_wconf 89' lang='lat' dir='ltr'><strong>praei.</strong></span> <span class='ocrx_word' id='word_1_254' title='bbox 1246 2315 1274 2375; x_wconf 81' lang='lat' dir='ltr'><strong>p</strong></span> <span class='ocrx_word' id='word_1_255' title='bbox 1296 2297 1344 2358; x_wconf 81' lang='grc'><strong>02</strong></span> <span class='ocrx_word' id='word_1_256' title='bbox 1367 2305 1397 2358; x_wconf 90' lang='lat' dir='ltr'><strong>et</strong></span> <span class='ocrx_word' id='word_1_257' title='bbox 1419 2301 1448 2358; x_wconf 91' lang='lat' dir='ltr'><strong>in</strong></span> <span class='ocrx_word' id='word_1_258' title='bbox 1472 2301 1600 2360; x_wconf 85' lang='lat' dir='ltr'><strong>Historia</strong></span> 
     </span>
     <span class='ocr_line' id='line_1_25' title="bbox 96 2387 1520 2468; baseline -0.006 -14"><span class='ocrx_word' id='word_1_259' title='bbox 96 2394 168 2460; x_wconf 81' lang='lat'><strong>665.</strong></span> <span class='ocrx_word' id='word_1_260' title='bbox 183 2391 335 2454; x_wconf 89' lang='lat' dir='ltr'><strong>Oudinum</strong></span> <span class='ocrx_word' id='word_1_261' title='bbox 354 2398 434 2450; x_wconf 90' lang='lat' dir='ltr'><strong>tomo</strong></span> <span class='ocrx_word' id='word_1_262' title='bbox 455 2391 490 2450; x_wconf 93' lang='lat' dir='ltr'><strong>ll.</strong></span> <span class='ocrx_word' id='word_1_263' title='bbox 521 2406 549 2466; x_wconf 89' lang='lat' dir='ltr'><strong>p.</strong></span> <span class='ocrx_word' id='word_1_264' title='bbox 577 2389 665 2449; x_wconf 93' lang='grc'><strong>4040.</strong></span> <span class='ocrx_word' id='word_1_265' title='bbox 692 2387 818 2451; x_wconf 86' lang='lat' dir='ltr'><strong>Galliam</strong></span> <span class='ocrx_word' id='word_1_266' title='bbox 878 2389 1007 2449; x_wconf 84' lang='lat' dir='ltr'><strong>literaria</strong></span> <span class='ocrx_word' id='word_1_267' title='bbox 1024 2389 1254 2450; x_wconf 87' lang='lat' dir='ltr'><strong>Heiormationis</strong></span> <span class='ocrx_word' id='word_1_268' title='bbox 1269 2397 1353 2465; x_wconf 85' lang='lat' dir='ltr'><strong>parte.</strong></span> <span class='ocrx_word' id='word_1_269' title='bbox 1367 2392 1416 2451; x_wconf 91' lang='lat' dir='ltr'><strong>lli.</strong></span> <span class='ocrx_word' id='word_1_270' title='bbox 1428 2407 1456 2468; x_wconf 89' lang='lat' dir='ltr'><strong>p.</strong></span> <span class='ocrx_word' id='word_1_271' title='bbox 1472 2392 1520 2454; x_wconf 87' lang='grc'><strong>42.</strong></span> 
     </span>
     <span class='ocr_line' id='line_1_26' title="bbox 97 2480 1598 2560; baseline -0.003 -12"><span class='ocrx_word' id='word_1_272' title='bbox 97 2486 300 2548; x_wconf 86' lang='lat' dir='ltr'><strong>Christianam</strong></span> <span class='ocrx_word' id='word_1_273' title='bbox 314 2491 394 2544; x_wconf 88' lang='lat' dir='ltr'><strong>tomo</strong></span> <span class='ocrx_word' id='word_1_274' title='bbox 414 2484 463 2544; x_wconf 88' lang='grc'><strong>444.</strong></span> <span class='ocrx_word' id='word_1_275' title='bbox 481 2501 510 2560; x_wconf 87' lang='lat' dir='ltr'><strong>p.</strong></span> <span class='ocrx_word' id='word_1_276' title='bbox 522 2481 589 2543; x_wconf 88' lang='grc'><strong>730.</strong></span> <span class='ocrx_word' id='word_1_277' title='bbox 609 2481 678 2542; x_wconf 81' lang='grc'><strong>003.</strong></span> <span class='ocrx_word' id='word_1_278' title='bbox 918 2482 1029 2542; x_wconf 82' lang='grc'><strong>744444</strong></span> <span class='ocrx_word' id='word_1_279' title='bbox 1053 2480 1266 2542; x_wconf 81' lang='lat' dir='ltr'><strong>HOFFENSlS.</strong></span> <span class='ocrx_word' id='word_1_280' title='bbox 1293 2481 1365 2540; x_wconf 89' lang='lat' dir='ltr'><strong>Vide</strong></span> <span class='ocrx_word' id='word_1_281' title='bbox 1393 2499 1483 2560; x_wconf 88' lang='lat' dir='ltr'><strong>supra</strong></span> <span class='ocrx_word' id='word_1_282' title='bbox 1511 2484 1560 2544; x_wconf 89' lang='lat' dir='ltr'><strong>lib.</strong></span> <span class='ocrx_word' id='word_1_283' title='bbox 1577 2487 1598 2544; x_wconf 94' lang='lat' dir='ltr'><strong>l.</strong></span> 
     </span>
     <span class='ocr_line' id='line_1_27' title="bbox 232 2571 1601 2656; baseline -0.002 -18"><span class='ocrx_word' id='word_1_284' title='bbox 232 2575 308 2656; x_wconf 88' lang='lat' dir='ltr'><strong>Ejus</strong></span> <span class='ocrx_word' id='word_1_285' title='bbox 321 2576 417 2653; x_wconf 90' lang='lat' dir='ltr'><strong>Opera</strong></span> <span class='ocrx_word' id='word_1_286' title='bbox 435 2582 507 2636; x_wconf 90' lang='lat' dir='ltr'><strong>suat</strong></span> <span class='ocrx_word' id='word_1_287' title='bbox 524 2575 700 2651; x_wconf 86' lang='lat' dir='ltr'><strong>sequentia:</strong></span> <span class='ocrx_word' id='word_1_288' title='bbox 878 2593 906 2654; x_wconf 90' lang='lat' dir='ltr'><strong>p.</strong></span> <span class='ocrx_word' id='word_1_289' title='bbox 928 2575 987 2636; x_wconf 88' lang='grc'><strong>402</strong></span> <span class='ocrx_word' id='word_1_290' title='bbox 1017 2579 1048 2634; x_wconf 82' lang='grc'><strong>44</strong></span> <span class='ocrx_word' id='word_1_291' title='bbox 1081 2574 1146 2634; x_wconf 93' lang='grc'><strong>433.</strong></span> <span class='ocrx_word' id='word_1_292' title='bbox 1176 2571 1260 2634; x_wconf 80' lang='lat' dir='ltr'><strong>Adde</strong></span> <span class='ocrx_word' id='word_1_293' title='bbox 1290 2589 1410 2651; x_wconf 85' lang='lat' dir='ltr'><strong>quoque</strong></span> <span class='ocrx_word' id='word_1_294' title='bbox 1443 2574 1601 2636; x_wconf 88' lang='lat' dir='ltr'><strong>Whartoni</strong></span> 
     </span>
     <span class='ocr_line' id='line_1_28' title="bbox 142 2663 1600 2747; baseline 0 -15"><span class='ocrx_word' id='word_1_295' title='bbox 142 2675 170 2732; x_wconf 92' lang='grc'><strong>4.</strong></span> <span class='ocrx_word' id='word_1_296' title='bbox 191 2670 281 2730; x_wconf 81' lang='grc'><strong>64444</strong></span> <span class='ocrx_word' id='word_1_297' title='bbox 306 2665 457 2729; x_wconf 82' lang='lat' dir='ltr'><strong>Adlatum</strong></span> <span class='ocrx_word' id='word_1_298' title='bbox 481 2665 733 2742; x_wconf 73' lang='lat' dir='ltr'><strong>Trasimennum,</strong></span> <span class='ocrx_word' id='word_1_299' title='bbox 752 2663 822 2726; x_wconf 91' lang='lat' dir='ltr'><strong>Ord.</strong></span> <span class='ocrx_word' id='word_1_300' title='bbox 878 2666 1091 2747; x_wconf 75' lang='lat' dir='ltr'><strong>praefationem</strong></span> <span class='ocrx_word' id='word_1_301' title='bbox 1110 2665 1148 2728; x_wconf 92' lang='grc'><strong>40</strong></span> <span class='ocrx_word' id='word_1_302' title='bbox 1172 2673 1287 2727; x_wconf 90' lang='lat' dir='ltr'><strong>tomum</strong></span> <span class='ocrx_word' id='word_1_303' title='bbox 1318 2668 1341 2728; x_wconf 90' lang='lat' dir='ltr'><strong>l.</strong></span> <span class='ocrx_word' id='word_1_304' title='bbox 1362 2667 1477 2747; x_wconf 83' lang='lat' dir='ltr'><strong>Anglae</strong></span> <span class='ocrx_word' id='word_1_305' title='bbox 1493 2669 1600 2732; x_wconf 81' lang='lat' dir='ltr'><strong>Sacrae</strong></span> 
     </span>
     <span class='ocr_line' id='line_1_29' title="bbox 100 2751 1603 2838; baseline -0.001 -14"><span class='ocrx_word' id='word_1_306' title='bbox 100 2764 131 2825; x_wconf 82' lang='lat' dir='ltr'><strong>E.</strong></span> <span class='ocrx_word' id='word_1_307' title='bbox 148 2762 312 2838; x_wconf 83' lang='lat' dir='ltr'><strong>Benedicti,</strong></span> <span class='ocrx_word' id='word_1_308' title='bbox 329 2761 438 2830; x_wconf 86' lang='lat' dir='ltr'><strong>editae</strong></span> <span class='ocrx_word' id='word_1_309' title='bbox 457 2760 601 2824; x_wconf 80' lang='grc'><strong>04444444</strong></span> <span class='ocrx_word' id='word_1_310' title='bbox 615 2759 714 2838; x_wconf 85' lang='lat' dir='ltr'><strong>Spicil.</strong></span> <span class='ocrx_word' id='word_1_311' title='bbox 727 2751 824 2820; x_wconf 67' lang='lat' dir='ltr'><strong>ulit.</strong></span> <span class='ocrx_word' id='word_1_312' title='bbox 878 2777 907 2838; x_wconf 89' lang='lat' dir='ltr'><strong>p.</strong></span> <span class='ocrx_word' id='word_1_313' title='bbox 927 2760 975 2820; x_wconf 91' lang='grc'><strong>30.</strong></span> <span class='ocrx_word' id='word_1_314' title='bbox 986 2759 1192 2837; x_wconf 80' lang='lat' dir='ltr'><strong>quaesiugula</strong></span> <span class='ocrx_word' id='word_1_315' title='bbox 1204 2760 1384 2822; x_wconf 79' lang='grc'><strong>4444444404</strong></span> <span class='ocrx_word' id='word_1_316' title='bbox 1400 2770 1482 2823; x_wconf 86' lang='grc'><strong>4444.</strong></span> <span class='ocrx_word' id='word_1_317' title='bbox 1497 2763 1603 2825; x_wconf 83' lang='grc'><strong>04444-</strong></span> 
     </span>
     <span class='ocr_line' id='line_1_30' title="bbox 102 2851 1599 2931; baseline -0.001 -13"><span class='ocrx_word' id='word_1_318' title='bbox 102 2856 176 2918; x_wconf 88' lang='lat' dir='ltr'><strong>edit.</strong></span> <span class='ocrx_word' id='word_1_319' title='bbox 195 2871 291 2916; x_wconf 88' lang='lat' dir='ltr'><strong>novae</strong></span> <span class='ocrx_word' id='word_1_320' title='bbox 308 2861 380 2916; x_wconf 90' lang='lat' dir='ltr'><strong>tom.</strong></span> <span class='ocrx_word' id='word_1_321' title='bbox 399 2855 432 2914; x_wconf 88' lang='lat' dir='ltr'><strong>ii.</strong></span> <span class='ocrx_word' id='word_1_322' title='bbox 449 2871 477 2931; x_wconf 91' lang='lat' dir='ltr'><strong>p.</strong></span> <span class='ocrx_word' id='word_1_323' title='bbox 495 2854 563 2914; x_wconf 84' lang='grc'><strong>650.</strong></span> <span class='ocrx_word' id='word_1_324' title='bbox 880 2869 947 2914; x_wconf 89' lang='lat' dir='ltr'><strong>ram</strong></span> <span class='ocrx_word' id='word_1_325' title='bbox 975 2851 1012 2912; x_wconf 87' lang='lat' dir='ltr'><strong>ad</strong></span> <span class='ocrx_word' id='word_1_326' title='bbox 1037 2852 1196 2914; x_wconf 82' lang='lat' dir='ltr'><strong>Historiam</strong></span> <span class='ocrx_word' id='word_1_327' title='bbox 1223 2853 1377 2915; x_wconf 84' lang='lat' dir='ltr'><strong>Ecclesiae</strong></span> <span class='ocrx_word' id='word_1_328' title='bbox 1402 2856 1548 2918; x_wconf 84' lang='lat' dir='ltr'><strong>italicosis</strong></span> <span class='ocrx_word' id='word_1_329' title='bbox 1570 2858 1599 2916; x_wconf 92' lang='lat' dir='ltr'><strong>in</strong></span> 
     </span>
     <span class='ocr_line' id='line_1_31' title="bbox 139 2943 1601 3028; baseline 0.001 -20"><span class='ocrx_word' id='word_1_330' title='bbox 139 2950 169 3008; x_wconf 87' lang='grc'><strong>2.</strong></span> <span class='ocrx_word' id='word_1_331' title='bbox 188 2943 322 3026; x_wconf 73' lang='lat' dir='ltr'><strong>Epistola</strong></span> <span class='ocrx_word' id='word_1_332' title='bbox 341 2946 377 3010; x_wconf 92' lang='grc'><strong>40</strong></span> <span class='ocrx_word' id='word_1_333' title='bbox 394 2946 598 3012; x_wconf 86' lang='lat' dir='ltr'><strong>Walerarnum</strong></span> <span class='ocrx_word' id='word_1_334' title='bbox 614 2947 727 3008; x_wconf 86' lang='lat' dir='ltr'><strong>Ducem</strong></span> <span class='ocrx_word' id='word_1_335' title='bbox 746 2944 825 3016; x_wconf 84' lang='lat' dir='ltr'><strong>tiru-</strong></span> <span class='ocrx_word' id='word_1_336' title='bbox 879 2943 1085 3022; x_wconf 77' lang='lat' dir='ltr'><strong>AngliaSecra</strong></span> <span class='ocrx_word' id='word_1_337' title='bbox 1104 2951 1177 3006; x_wconf 86' lang='lat' dir='ltr'><strong>tom.</strong></span> <span class='ocrx_word' id='word_1_338' title='bbox 1194 2947 1215 3005; x_wconf 94' lang='lat' dir='ltr'><strong>l.</strong></span> <span class='ocrx_word' id='word_1_339' title='bbox 1231 2945 1406 3024; x_wconf 81' lang='lat' dir='ltr'><strong>prodierunt</strong></span> <span class='ocrx_word' id='word_1_340' title='bbox 1423 2952 1601 3028; x_wconf 84' lang='lat' dir='ltr'><strong>sequentia:</strong></span> 
     </span>
     <span class='ocr_line' id='line_1_32' title="bbox 102 3035 1609 3121; baseline 0 -18"><span class='ocrx_word' id='word_1_341' title='bbox 102 3039 508 3120; x_wconf 77' lang='lat' dir='ltr'><strong>burgensem,rtdrccatum</strong></span> <span class='ocrx_word' id='word_1_342' title='bbox 526 3038 697 3100; x_wconf 90' lang='lat' dir='ltr'><strong>monasterii</strong></span> <span class='ocrx_word' id='word_1_343' title='bbox 714 3035 828 3099; x_wconf 77' lang='grc'><strong>44404-</strong></span> <span class='ocrx_word' id='word_1_344' title='bbox 883 3035 1002 3114; x_wconf 78' lang='grc'><strong>344444</strong></span> <span class='ocrx_word' id='word_1_345' title='bbox 1031 3035 1175 3115; x_wconf 78' lang='lat' dir='ltr'><strong>Episcopi</strong></span> <span class='ocrx_word' id='word_1_346' title='bbox 1200 3035 1405 3116; x_wconf 82' lang='lat' dir='ltr'><strong>Collectonro,</strong></span> <span class='ocrx_word' id='word_1_347' title='bbox 1439 3059 1508 3121; x_wconf 85' lang='lat' dir='ltr'><strong>pag.</strong></span> <span class='ocrx_word' id='word_1_348' title='bbox 1539 3043 1609 3103; x_wconf 87' lang='grc'><strong>320.</strong></span> 
     </span>
     <span class='ocr_line' id='line_1_33' title="bbox 106 3127 1611 3214; baseline 0.001 -20"><span class='ocrx_word' id='word_1_349' title='bbox 106 3135 222 3206; x_wconf 87' lang='lat' dir='ltr'><strong>nensis,</strong></span> <span class='ocrx_word' id='word_1_350' title='bbox 237 3130 272 3192; x_wconf 89' lang='lat' dir='ltr'><strong>de</strong></span> <span class='ocrx_word' id='word_1_351' title='bbox 287 3132 351 3196; x_wconf 85' lang='lat' dir='ltr'><strong>eius</strong></span> <span class='ocrx_word' id='word_1_352' title='bbox 369 3131 544 3194; x_wconf 86' lang='lat' dir='ltr'><strong>monasterii</strong></span> <span class='ocrx_word' id='word_1_353' title='bbox 565 3136 647 3200; x_wconf 80' lang='lat' dir='ltr'><strong>statu</strong></span> <span class='ocrx_word' id='word_1_354' title='bbox 663 3173 671 3203; x_wconf 93' lang='lat'><strong>,</strong></span> <span class='ocrx_word' id='word_1_355' title='bbox 685 3136 770 3190; x_wconf 79' lang='lat' dir='ltr'><strong>extat</strong></span> <span class='ocrx_word' id='word_1_356' title='bbox 797 3131 828 3190; x_wconf 94' lang='lat' dir='ltr'><strong>in</strong></span> <span class='ocrx_word' id='word_1_357' title='bbox 887 3127 1039 3194; x_wconf 74' lang='lat' dir='ltr'><strong>sammai</strong></span> <span class='ocrx_word' id='word_1_358' title='bbox 1058 3127 1094 3188; x_wconf 84' lang='lat' dir='ltr'><strong>de</strong></span> <span class='ocrx_word' id='word_1_359' title='bbox 1115 3128 1290 3192; x_wconf 83' lang='lat' dir='ltr'><strong>Hodenltonr</strong></span> <span class='ocrx_word' id='word_1_360' title='bbox 1310 3131 1442 3195; x_wconf 81' lang='grc'><strong>4444444</strong></span> <span class='ocrx_word' id='word_1_361' title='bbox 1464 3153 1485 3193; x_wconf 88' lang='grc'><strong>4</strong></span> <span class='ocrx_word' id='word_1_362' title='bbox 1506 3136 1611 3214; x_wconf 78' lang='lat' dir='ltr'><strong>primo</strong></span> 
     </span>
     <span class='ocr_line' id='line_1_34' title="bbox 105 3219 1615 3304; baseline -0.002 -16"><span class='ocrx_word' id='word_1_363' title='bbox 105 3227 181 3289; x_wconf 75' lang='lat' dir='ltr'><strong>dub.</strong></span> <span class='ocrx_word' id='word_1_364' title='bbox 216 3228 315 3288; x_wconf 84' lang='lat' dir='ltr'><strong>Eiraei</strong></span> <span class='ocrx_word' id='word_1_365' title='bbox 356 3225 465 3286; x_wconf 85' lang='lat' dir='ltr'><strong>Codice</strong></span> <span class='ocrx_word' id='word_1_366' title='bbox 493 3226 608 3303; x_wconf 85' lang='lat' dir='ltr'><strong>piarum</strong></span> <span class='ocrx_word' id='word_1_367' title='bbox 637 3221 827 3284; x_wconf 88' lang='lat' dir='ltr'><strong>donationem</strong></span> <span class='ocrx_word' id='word_1_368' title='bbox 884 3221 1061 3304; x_wconf 73' lang='lat' dir='ltr'><strong>fundatione</strong></span> <span class='ocrx_word' id='word_1_369' title='bbox 1078 3219 1114 3281; x_wconf 90' lang='grc'><strong>40</strong></span> <span class='ocrx_word' id='word_1_370' title='bbox 1132 3238 1157 3284; x_wconf 85' lang='grc'><strong>4.</strong></span> <span class='ocrx_word' id='word_1_371' title='bbox 1177 3222 1264 3283; x_wconf 93' lang='grc'><strong>4307.</strong></span> <span class='ocrx_word' id='word_1_372' title='bbox 1282 3240 1350 3302; x_wconf 88' lang='lat' dir='ltr'><strong>pag.</strong></span> <span class='ocrx_word' id='word_1_373' title='bbox 1370 3226 1437 3286; x_wconf 89' lang='grc'><strong>344.</strong></span> <span class='ocrx_word' id='word_1_374' title='bbox 1465 3225 1615 3288; x_wconf 82' lang='lat' dir='ltr'><strong>H&#39;illrelmi</strong></span> 
     </span>
     <span class='ocr_line' id='line_1_35' title="bbox 106 3311 1615 3396; baseline -0.001 -16"><span class='ocrx_word' id='word_1_375' title='bbox 106 3327 178 3380; x_wconf 90' lang='lat' dir='ltr'><strong>tom.</strong></span> <span class='ocrx_word' id='word_1_376' title='bbox 197 3320 221 3380; x_wconf 95' lang='lat' dir='ltr'><strong>l.</strong></span> <span class='ocrx_word' id='word_1_377' title='bbox 235 3335 264 3396; x_wconf 90' lang='lat' dir='ltr'><strong>p.</strong></span> <span class='ocrx_word' id='word_1_378' title='bbox 280 3319 328 3378; x_wconf 88' lang='grc'><strong>64.</strong></span> <span class='ocrx_word' id='word_1_379' title='bbox 346 3317 417 3378; x_wconf 86' lang='lat' dir='ltr'><strong>edit.</strong></span> <span class='ocrx_word' id='word_1_380' title='bbox 433 3334 548 3378; x_wconf 83' lang='lat' dir='ltr'><strong>nonae:</strong></span> <span class='ocrx_word' id='word_1_381' title='bbox 566 3316 622 3376; x_wconf 90' lang='lat' dir='ltr'><strong>alia</strong></span> <span class='ocrx_word' id='word_1_382' title='bbox 645 3333 673 3393; x_wconf 90' lang='lat' dir='ltr'><strong>p.</strong></span> <span class='ocrx_word' id='word_1_383' title='bbox 693 3314 763 3377; x_wconf 81' lang='grc'><strong>320.</strong></span> <span class='ocrx_word' id='word_1_384' title='bbox 892 3313 929 3378; x_wconf 79' lang='lat' dir='ltr'><strong>cle</strong></span> <span class='ocrx_word' id='word_1_385' title='bbox 946 3313 1025 3374; x_wconf 79' lang='lat' dir='ltr'><strong>Esne</strong></span> <span class='ocrx_word' id='word_1_386' title='bbox 1039 3311 1176 3373; x_wconf 72' lang='lat' dir='ltr'><strong>Historia</strong></span> <span class='ocrx_word' id='word_1_387' title='bbox 1188 3313 1228 3372; x_wconf 84' lang='grc'><strong>44</strong></span> <span class='ocrx_word' id='word_1_388' title='bbox 1247 3330 1272 3372; x_wconf 88' lang='grc'><strong>4.</strong></span> <span class='ocrx_word' id='word_1_389' title='bbox 1297 3317 1478 3378; x_wconf 77' lang='lat' dir='ltr'><strong>rsit-tacu</strong></span> <span class='ocrx_word' id='word_1_390' title='bbox 1500 3335 1527 3394; x_wconf 93' lang='lat' dir='ltr'><strong>p.</strong></span> <span class='ocrx_word' id='word_1_391' title='bbox 1547 3319 1615 3378; x_wconf 83' lang='grc'><strong>330.</strong></span> 
     </span>
     <span class='ocr_line' id='line_1_36' title="bbox 146 3405 1614 3490; baseline 0.001 -20"><span class='ocrx_word' id='word_1_392' title='bbox 146 3416 175 3478; x_wconf 77' lang='grc'><strong>3.</strong></span> <span class='ocrx_word' id='word_1_393' title='bbox 195 3408 337 3490; x_wconf 79' lang='lat' dir='ltr'><strong>Epistola.</strong></span> <span class='ocrx_word' id='word_1_394' title='bbox 364 3409 401 3470; x_wconf 89' lang='lat' dir='ltr'><strong>ad</strong></span> <span class='ocrx_word' id='word_1_395' title='bbox 430 3409 626 3487; x_wconf 86' lang='lat' dir='ltr'><strong>Stephanum.</strong></span> <span class='ocrx_word' id='word_1_396' title='bbox 650 3407 830 3486; x_wconf 84' lang='lat' dir='ltr'><strong>Episcopum</strong></span> <span class='ocrx_word' id='word_1_397' title='bbox 890 3405 1080 3469; x_wconf 78' lang='lat' dir='ltr'><strong>continuatio</strong></span> <span class='ocrx_word' id='word_1_398' title='bbox 1101 3405 1140 3466; x_wconf 89' lang='lat' dir='ltr'><strong>ab</strong></span> <span class='ocrx_word' id='word_1_399' title='bbox 1160 3421 1186 3466; x_wconf 87' lang='grc'><strong>4.</strong></span> <span class='ocrx_word' id='word_1_400' title='bbox 1209 3405 1390 3469; x_wconf 81' lang='lat' dir='ltr'><strong>laco-tcto.</strong></span> <span class='ocrx_word' id='word_1_401' title='bbox 1412 3427 1440 3487; x_wconf 91' lang='lat' dir='ltr'><strong>p.</strong></span> <span class='ocrx_word' id='word_1_402' title='bbox 1464 3409 1533 3470; x_wconf 85' lang='grc'><strong>378.</strong></span> <span class='ocrx_word' id='word_1_403' title='bbox 1568 3412 1614 3471; x_wconf 64' lang='lat' dir='ltr'><strong>ga</strong></span> 
     </span>
     <span class='ocr_line' id='line_1_37' title="bbox 109 3496 1608 3578; baseline -0.003 -11"><span class='ocrx_word' id='word_1_404' title='bbox 109 3507 273 3567; x_wconf 74' lang='lat' dir='ltr'><strong>Eete‘nsem</strong></span> <span class='ocrx_word' id='word_1_405' title='bbox 301 3503 337 3564; x_wconf 84' lang='lat' dir='ltr'><strong>de</strong></span> <span class='ocrx_word' id='word_1_406' title='bbox 353 3509 435 3564; x_wconf 86' lang='lat' dir='ltr'><strong>statu</strong></span> <span class='ocrx_word' id='word_1_407' title='bbox 450 3500 697 3574; x_wconf 82' lang='lat' dir='ltr'><strong>monasteriisui,</strong></span> <span class='ocrx_word' id='word_1_408' title='bbox 729 3508 777 3562; x_wconf 89' lang='lat' dir='ltr'><strong>est</strong></span> <span class='ocrx_word' id='word_1_409' title='bbox 798 3501 832 3562; x_wconf 91' lang='lat' dir='ltr'><strong>li·</strong></span> <span class='ocrx_word' id='word_1_410' title='bbox 888 3496 983 3564; x_wconf 82' lang='lat' dir='ltr'><strong>bellus</strong></span> <span class='ocrx_word' id='word_1_411' title='bbox 1006 3496 1221 3562; x_wconf 71' lang='lat' dir='ltr'><strong>mareoticorum</strong></span> <span class='ocrx_word' id='word_1_412' title='bbox 1250 3499 1432 3578; x_wconf 79' lang='lat' dir='ltr'><strong>Hoffensium</strong></span> <span class='ocrx_word' id='word_1_413' title='bbox 1463 3519 1489 3562; x_wconf 92' lang='lat' dir='ltr'><strong>a.</strong></span> <span class='ocrx_word' id='word_1_414' title='bbox 1521 3505 1608 3564; x_wconf 86' lang='grc'><strong>4300.</strong></span> 
     </span>
     <span class='ocr_line' id='line_1_38' title="bbox 111 3589 1615 3674; baseline -0.001 -16"><span class='ocrx_word' id='word_1_415' title='bbox 111 3598 163 3659; x_wconf 82' lang='lat' dir='ltr'><strong>lter</strong></span> <span class='ocrx_word' id='word_1_416' title='bbox 178 3599 231 3660; x_wconf 82' lang='lat' dir='ltr'><strong>tx.</strong></span> <span class='ocrx_word' id='word_1_417' title='bbox 248 3599 394 3658; x_wconf 82' lang='lat' dir='ltr'><strong>Historiae</strong></span> <span class='ocrx_word' id='word_1_418' title='bbox 411 3595 618 3658; x_wconf 87' lang='lat' dir='ltr'><strong>Trudooensis</strong></span> <span class='ocrx_word' id='word_1_419' title='bbox 635 3613 664 3673; x_wconf 90' lang='lat' dir='ltr'><strong>p.</strong></span> <span class='ocrx_word' id='word_1_420' title='bbox 680 3595 748 3656; x_wconf 88' lang='grc'><strong>604.</strong></span> <span class='ocrx_word' id='word_1_421' title='bbox 886 3592 960 3671; x_wconf 66' lang='lat' dir='ltr'><strong>Hesi</strong></span> <span class='ocrx_word' id='word_1_422' title='bbox 969 3589 1089 3654; x_wconf 84' lang='grc'><strong>4444444</strong></span> <span class='ocrx_word' id='word_1_423' title='bbox 1105 3590 1143 3652; x_wconf 89' lang='lat' dir='ltr'><strong>de</strong></span> <span class='ocrx_word' id='word_1_424' title='bbox 1150 3597 1319 3672; x_wconf 86' lang='lat' dir='ltr'><strong>patronatu</strong></span> <span class='ocrx_word' id='word_1_425' title='bbox 1336 3591 1489 3655; x_wconf 73' lang='lat' dir='ltr'><strong>Ecclesiae</strong></span> <span class='ocrx_word' id='word_1_426' title='bbox 1500 3595 1615 3674; x_wconf 64' lang='grc'><strong>444044-</strong></span> 
     </span>
     <span class='ocr_line' id='line_1_39' title="bbox 149 3681 1613 3769; baseline -0.002 -17"><span class='ocrx_word' id='word_1_427' title='bbox 149 3693 176 3752; x_wconf 91' lang='grc'><strong>4.</strong></span> <span class='ocrx_word' id='word_1_428' title='bbox 188 3690 380 3769; x_wconf 74' lang='lat' dir='ltr'><strong>Rescriptum</strong></span> <span class='ocrx_word' id='word_1_429' title='bbox 393 3687 435 3748; x_wconf 88' lang='lat' dir='ltr'><strong>ad</strong></span> <span class='ocrx_word' id='word_1_430' title='bbox 446 3683 624 3750; x_wconf 79' lang='lat' dir='ltr'><strong>coenobium</strong></span> <span class='ocrx_word' id='word_1_431' title='bbox 636 3689 668 3748; x_wconf 90' lang='lat' dir='ltr'><strong>S.</strong></span> <span class='ocrx_word' id='word_1_432' title='bbox 680 3684 833 3751; x_wconf 76' lang='grc'><strong>04444444-</strong></span> <span class='ocrx_word' id='word_1_433' title='bbox 887 3686 940 3760; x_wconf 82' lang='lat' dir='ltr'><strong>sis,</strong></span> <span class='ocrx_word' id='word_1_434' title='bbox 961 3701 1016 3748; x_wconf 86' lang='grc'><strong>444</strong></span> <span class='ocrx_word' id='word_1_435' title='bbox 1034 3683 1156 3763; x_wconf 81' lang='lat' dir='ltr'><strong>dejure</strong></span> <span class='ocrx_word' id='word_1_436' title='bbox 1183 3681 1320 3761; x_wconf 81' lang='lat' dir='ltr'><strong>eligendi·</strong></span> <span class='ocrx_word' id='word_1_437' title='bbox 1337 3684 1491 3765; x_wconf 79' lang='lat' dir='ltr'><strong>Episcopi,</strong></span> <span class='ocrx_word' id='word_1_438' title='bbox 1505 3705 1532 3763; x_wconf 85' lang='lat' dir='ltr'><strong>p.</strong></span> <span class='ocrx_word' id='word_1_439' title='bbox 1555 3690 1613 3749; x_wconf 84' lang='lat' dir='ltr'><strong>sat</strong></span> 
     </span>
     <span class='ocr_line' id='line_1_40' title="bbox 115 3775 1611 3862; baseline -0.003 -18"><span class='ocrx_word' id='word_1_440' title='bbox 115 3783 169 3858; x_wconf 80' lang='lat' dir='ltr'><strong>nis,</strong></span> <span class='ocrx_word' id='word_1_441' title='bbox 186 3801 201 3844; x_wconf 92' lang='grc'><strong>4</strong></span> <span class='ocrx_word' id='word_1_442' title='bbox 216 3800 277 3862; x_wconf 89' lang='lat' dir='ltr'><strong>quo</strong></span> <span class='ocrx_word' id='word_1_443' title='bbox 294 3785 451 3860; x_wconf 87' lang='lat' dir='ltr'><strong>quaesitus</strong></span> <span class='ocrx_word' id='word_1_444' title='bbox 479 3782 584 3854; x_wconf 89' lang='lat' dir='ltr'><strong>iuerat,</strong></span> <span class='ocrx_word' id='word_1_445' title='bbox 606 3797 647 3840; x_wconf 87' lang='lat' dir='ltr'><strong>on</strong></span> <span class='ocrx_word' id='word_1_446' title='bbox 671 3778 759 3840; x_wconf 86' lang='lat' dir='ltr'><strong>liceat</strong></span> <span class='ocrx_word' id='word_1_447' title='bbox 776 3776 833 3838; x_wconf 91' lang='lat' dir='ltr'><strong>oli·</strong></span> <span class='ocrx_word' id='word_1_448' title='bbox 889 3777 1007 3840; x_wconf 80' lang='lat' dir='ltr'><strong>Glrarto</strong></span> <span class='ocrx_word' id='word_1_449' title='bbox 1019 3776 1145 3839; x_wconf 83' lang='lat' dir='ltr'><strong>loannis</strong></span> <span class='ocrx_word' id='word_1_450' title='bbox 1161 3775 1249 3855; x_wconf 79' lang='lat' dir='ltr'><strong>liepr&#39;s</strong></span> <span class='ocrx_word' id='word_1_451' title='bbox 1263 3775 1300 3837; x_wconf 88' lang='lat' dir='ltr'><strong>de</strong></span> <span class='ocrx_word' id='word_1_452' title='bbox 1314 3783 1481 3857; x_wconf 85' lang='lat' dir='ltr'><strong>patronatu</strong></span> <span class='ocrx_word' id='word_1_453' title='bbox 1494 3779 1611 3860; x_wconf 78' lang='lat' dir='ltr'><strong>Epuca·</strong></span> 
     </span>
     <span class='ocr_line' id='line_1_41' title="bbox 111 3868 1615 3955; baseline 0 -21"><span class='ocrx_word' id='word_1_454' title='bbox 111 3875 183 3952; x_wconf 83' lang='lat' dir='ltr'><strong>quiri</strong></span> <span class='ocrx_word' id='word_1_455' title='bbox 198 3893 257 3955; x_wconf 88' lang='lat' dir='ltr'><strong>pro</strong></span> <span class='ocrx_word' id='word_1_456' title='bbox 284 3874 449 3954; x_wconf 87' lang='lat' dir='ltr'><strong>receptione</strong></span> <span class='ocrx_word' id='word_1_457' title='bbox 476 3888 642 3952; x_wconf 82' lang='lat' dir='ltr'><strong>puerorum</strong></span> <span class='ocrx_word' id='word_1_458' title='bbox 672 3870 834 3949; x_wconf 74' lang='grc'><strong>44444444</strong></span> <span class='ocrx_word' id='word_1_459' title='bbox 886 3875 979 3948; x_wconf 83' lang='lat' dir='ltr'><strong>patus</strong></span> <span class='ocrx_word' id='word_1_460' title='bbox 996 3868 1161 3947; x_wconf 82' lang='lat' dir='ltr'><strong>Hoffensis,</strong></span> <span class='ocrx_word' id='word_1_461' title='bbox 1179 3885 1208 3946; x_wconf 89' lang='lat' dir='ltr'><strong>p.</strong></span> <span class='ocrx_word' id='word_1_462' title='bbox 1226 3869 1293 3930; x_wconf 90' lang='grc'><strong>336.</strong></span> <span class='ocrx_word' id='word_1_463' title='bbox 1315 3871 1394 3930; x_wconf 75' lang='lat' dir='ltr'><strong>dura</strong></span> <span class='ocrx_word' id='word_1_464' title='bbox 1419 3871 1615 3952; x_wconf 74' lang='lat' dir='ltr'><strong>Episcopatus</strong></span> 
     </span>
     <span class='ocr_line' id='line_1_42' title="bbox 112 3959 1615 4038; baseline -0.002 -10"><span class='ocrx_word' id='word_1_465' title='bbox 112 3967 221 4029; x_wconf 80' lang='lat' dir='ltr'><strong>Exstat</strong></span> <span class='ocrx_word' id='word_1_466' title='bbox 253 3971 282 4028; x_wconf 93' lang='lat' dir='ltr'><strong>in</strong></span> <span class='ocrx_word' id='word_1_467' title='bbox 313 3968 467 4032; x_wconf 71' lang='lat' dir='ltr'><strong>analectis</strong></span> <span class='ocrx_word' id='word_1_468' title='bbox 505 3965 664 4028; x_wconf 87' lang='lat' dir='ltr'><strong>Habillooii</strong></span> <span class='ocrx_word' id='word_1_469' title='bbox 696 3971 767 4027; x_wconf 76' lang='lat' dir='ltr'><strong>tom·</strong></span> <span class='ocrx_word' id='word_1_470' title='bbox 798 3963 833 4026; x_wconf 79' lang='lat' dir='ltr'><strong>ll</strong></span> <span class='ocrx_word' id='word_1_471' title='bbox 888 3962 1010 4024; x_wconf 82' lang='grc'><strong>44300</strong></span> <span class='ocrx_word' id='word_1_472' title='bbox 1042 3961 1153 4038; x_wconf 62' lang='lat' dir='ltr'><strong>peso.</strong></span> <span class='ocrx_word' id='word_1_473' title='bbox 1183 3959 1417 4024; x_wconf 72' lang='lat' dir='ltr'><strong>consuetudines</strong></span> <span class='ocrx_word' id='word_1_474' title='bbox 1444 3963 1615 4037; x_wconf 85' lang='lat' dir='ltr'><strong>Ecclesiae,</strong></span> 
     </span>
     <span class='ocr_line' id='line_1_43' title="bbox 116 4054 1612 4138; baseline -0.001 -19"><span class='ocrx_word' id='word_1_475' title='bbox 116 4079 146 4138; x_wconf 93' lang='lat' dir='ltr'><strong>p.</strong></span> <span class='ocrx_word' id='word_1_476' title='bbox 165 4063 221 4121; x_wconf 84' lang='grc'><strong>405</strong></span> <span class='ocrx_word' id='word_1_477' title='bbox 238 4069 278 4120; x_wconf 83' lang='grc'><strong>44.</strong></span> <span class='ocrx_word' id='word_1_478' title='bbox 297 4059 375 4132; x_wconf 74' lang='lat' dir='ltr'><strong>tos,</strong></span> <span class='ocrx_word' id='word_1_479' title='bbox 388 4059 459 4120; x_wconf 86' lang='lat' dir='ltr'><strong>edit.</strong></span> <span class='ocrx_word' id='word_1_480' title='bbox 471 4075 576 4119; x_wconf 89' lang='lat' dir='ltr'><strong>novae.</strong></span> <span class='ocrx_word' id='word_1_481' title='bbox 889 4073 917 4134; x_wconf 90' lang='lat' dir='ltr'><strong>p.</strong></span> <span class='ocrx_word' id='word_1_482' title='bbox 936 4055 1003 4118; x_wconf 92' lang='grc'><strong>300.</strong></span> <span class='ocrx_word' id='word_1_483' title='bbox 1025 4054 1361 4127; x_wconf 65' lang='lat' dir='ltr'><strong>saeculoruma,</strong></span> <span class='ocrx_word' id='word_1_484' title='bbox 1379 4073 1407 4134; x_wconf 90' lang='lat' dir='ltr'><strong>p.</strong></span> <span class='ocrx_word' id='word_1_485' title='bbox 1436 4058 1504 4119; x_wconf 89' lang='grc'><strong>302.</strong></span> <span class='ocrx_word' id='word_1_486' title='bbox 1520 4061 1563 4119; x_wconf 86' lang='lat' dir='ltr'><strong>De</strong></span> <span class='ocrx_word' id='word_1_487' title='bbox 1581 4057 1612 4118; x_wconf 85' lang='lat' dir='ltr'><strong>S.</strong></span> 
     </span>
     <span class='ocr_line' id='line_1_44' title="bbox 154 4148 1616 4231; baseline -0.003 -17"><span class='ocrx_word' id='word_1_488' title='bbox 154 4155 180 4214; x_wconf 79' lang='grc'><strong>4.</strong></span> <span class='ocrx_word' id='word_1_489' title='bbox 200 4151 420 4215; x_wconf 82' lang='lat' dir='ltr'><strong>VimLietlrerti</strong></span> <span class='ocrx_word' id='word_1_490' title='bbox 434 4150 577 4231; x_wconf 82' lang='lat' dir='ltr'><strong>Episcopi</strong></span> <span class='ocrx_word' id='word_1_491' title='bbox 593 4149 832 4223; x_wconf 78' lang='lat' dir='ltr'><strong>Cameracensis,</strong></span> <span class='ocrx_word' id='word_1_492' title='bbox 890 4148 1039 4210; x_wconf 83' lang='lat' dir='ltr'><strong>ltlramaro</strong></span> <span class='ocrx_word' id='word_1_493' title='bbox 1060 4148 1207 4225; x_wconf 88' lang='lat' dir='ltr'><strong>Episcopo</strong></span> <span class='ocrx_word' id='word_1_494' title='bbox 1229 4149 1357 4210; x_wconf 81' lang='lat' dir='ltr'><strong>Holiensi</strong></span> <span class='ocrx_word' id='word_1_495' title='bbox 1379 4151 1528 4228; x_wconf 85' lang='lat' dir='ltr'><strong>quaedem</strong></span> <span class='ocrx_word' id='word_1_496' title='bbox 1545 4167 1616 4211; x_wconf 84' lang='lat' dir='ltr'><strong>ooo·</strong></span> 
     </span>
     <span class='ocr_line' id='line_1_45' title="bbox 112 4238 1616 4324; baseline 0 -22"><span class='ocrx_word' id='word_1_497' title='bbox 112 4247 353 4324; x_wconf 76' lang='lat' dir='ltr'><strong>amnpoeedits</strong></span> <span class='ocrx_word' id='word_1_498' title='bbox 374 4252 439 4308; x_wconf 88' lang='lat' dir='ltr'><strong>erat</strong></span> <span class='ocrx_word' id='word_1_499' title='bbox 466 4261 483 4308; x_wconf 90' lang='grc'><strong>4</strong></span> <span class='ocrx_word' id='word_1_500' title='bbox 513 4243 657 4305; x_wconf 80' lang='grc'><strong>04444444</strong></span> <span class='ocrx_word' id='word_1_501' title='bbox 682 4250 754 4305; x_wconf 92' lang='lat' dir='ltr'><strong>tom.</strong></span> <span class='ocrx_word' id='word_1_502' title='bbox 787 4243 837 4304; x_wconf 82' lang='lat' dir='ltr'><strong>tx.</strong></span> <span class='ocrx_word' id='word_1_503' title='bbox 889 4242 983 4319; x_wconf 87' lang='lat' dir='ltr'><strong>gessit</strong></span> <span class='ocrx_word' id='word_1_504' title='bbox 1004 4238 1079 4302; x_wconf 88' lang='lat' dir='ltr'><strong>ch.</strong></span> <span class='ocrx_word' id='word_1_505' title='bbox 1100 4240 1308 4303; x_wconf 79' lang='lat' dir='ltr'><strong>Hensclreoius</strong></span> <span class='ocrx_word' id='word_1_506' title='bbox 1323 4244 1355 4303; x_wconf 90' lang='lat' dir='ltr'><strong>in</strong></span> <span class='ocrx_word' id='word_1_507' title='bbox 1382 4241 1469 4304; x_wconf 74' lang='lat' dir='ltr'><strong>netis</strong></span> <span class='ocrx_word' id='word_1_508' title='bbox 1493 4243 1616 4303; x_wconf 84' lang='grc'><strong>344444-</strong></span> 
     </span>
     <span class='ocr_line' id='line_1_46' title="bbox 115 4331 1616 4416; baseline -0.006 -16"><span class='ocrx_word' id='word_1_509' title='bbox 115 4338 194 4414; x_wconf 87' lang='lat' dir='ltr'><strong>(edit.</strong></span> <span class='ocrx_word' id='word_1_510' title='bbox 211 4356 308 4400; x_wconf 88' lang='lat' dir='ltr'><strong>novae</strong></span> <span class='ocrx_word' id='word_1_511' title='bbox 326 4344 397 4398; x_wconf 90' lang='lat' dir='ltr'><strong>tom.</strong></span> <span class='ocrx_word' id='word_1_512' title='bbox 416 4339 454 4399; x_wconf 92' lang='lat' dir='ltr'><strong>ll.</strong></span> <span class='ocrx_word' id='word_1_513' title='bbox 471 4355 498 4416; x_wconf 91' lang='lat' dir='ltr'><strong>p.</strong></span> <span class='ocrx_word' id='word_1_514' title='bbox 517 4338 595 4411; x_wconf 81' lang='grc'><strong>433)</strong></span> <span class='ocrx_word' id='word_1_515' title='bbox 612 4342 712 4398; x_wconf 90' lang='lat' dir='ltr'><strong>nostro</strong></span> <span class='ocrx_word' id='word_1_516' title='bbox 733 4342 835 4398; x_wconf 85' lang='lat' dir='ltr'><strong>autem</strong></span> <span class='ocrx_word' id='word_1_517' title='bbox 890 4349 957 4394; x_wconf 92' lang='lat' dir='ltr'><strong>rum</strong></span> <span class='ocrx_word' id='word_1_518' title='bbox 980 4340 1061 4400; x_wconf 85' lang='lat' dir='ltr'><strong>tamo</strong></span> <span class='ocrx_word' id='word_1_519' title='bbox 1083 4332 1120 4392; x_wconf 87' lang='grc'><strong>44.</strong></span> <span class='ocrx_word' id='word_1_520' title='bbox 1135 4331 1214 4394; x_wconf 84' lang='lat' dir='ltr'><strong>lunii</strong></span> <span class='ocrx_word' id='word_1_521' title='bbox 1234 4349 1262 4411; x_wconf 90' lang='lat' dir='ltr'><strong>p.</strong></span> <span class='ocrx_word' id='word_1_522' title='bbox 1283 4335 1353 4394; x_wconf 78' lang='grc'><strong>004.</strong></span> <span class='ocrx_word' id='word_1_523' title='bbox 1368 4336 1466 4396; x_wconf 85' lang='lat' dir='ltr'><strong>Vitam</strong></span> <span class='ocrx_word' id='word_1_524' title='bbox 1480 4332 1616 4394; x_wconf 83' lang='grc'><strong>044044-</strong></span> 
     </span>
     <span class='ocr_line' id='line_1_47' title="bbox 12 4423 1614 4508; baseline -0.002 -20"><span class='ocrx_word' id='word_1_525' title='bbox 12 4431 13 4434; x_wconf 75' lang='grc'>’</span> <span class='ocrx_word' id='word_1_526' title='bbox 115 4431 246 4494; x_wconf 86' lang='lat' dir='ltr'><strong>vindicat</strong></span> <span class='ocrx_word' id='word_1_527' title='bbox 268 4432 455 4495; x_wconf 83' lang='lat' dir='ltr'><strong>Habillonius</strong></span> <span class='ocrx_word' id='word_1_528' title='bbox 483 4449 520 4492; x_wconf 83' lang='lat' dir='ltr'><strong>ex</strong></span> <span class='ocrx_word' id='word_1_529' title='bbox 539 4429 723 4494; x_wconf 72' lang='grc'><strong>4434140444</strong></span> <span class='ocrx_word' id='word_1_530' title='bbox 745 4429 837 4508; x_wconf 80' lang='grc'><strong>4444-</strong></span> <span class='ocrx_word' id='word_1_531' title='bbox 889 4426 941 4503; x_wconf 88' lang='lat' dir='ltr'><strong>phi</strong></span> <span class='ocrx_word' id='word_1_532' title='bbox 956 4425 1095 4502; x_wconf 88' lang='lat' dir='ltr'><strong>Episcopi</strong></span> <span class='ocrx_word' id='word_1_533' title='bbox 1111 4423 1194 4485; x_wconf 87' lang='lat' dir='ltr'><strong>dedit</strong></span> <span class='ocrx_word' id='word_1_534' title='bbox 1228 4425 1325 4488; x_wconf 83' lang='grc'><strong>4444.</strong></span> <span class='ocrx_word' id='word_1_535' title='bbox 1355 4427 1521 4488; x_wconf 83' lang='lat' dir='ltr'><strong>monaches</strong></span> <span class='ocrx_word' id='word_1_536' title='bbox 1545 4425 1614 4484; x_wconf 86' lang='grc'><strong>1444-</strong></span> 
     </span>
     <span class='ocr_line' id='line_1_48' title="bbox 114 4516 1515 4602; baseline -0.004 -20"><span class='ocrx_word' id='word_1_537' title='bbox 114 4526 280 4600; x_wconf 72' lang='lat' dir='ltr'><strong>cancticum,</strong></span> <span class='ocrx_word' id='word_1_538' title='bbox 293 4526 341 4588; x_wconf 90' lang='lat' dir='ltr'><strong>ubi</strong></span> <span class='ocrx_word' id='word_1_539' title='bbox 358 4526 537 4602; x_wconf 89' lang='lat' dir='ltr'><strong>subscriptio</strong></span> <span class='ocrx_word' id='word_1_540' title='bbox 550 4523 621 4584; x_wconf 78' lang='lat' dir='ltr'><strong>naec</strong></span> <span class='ocrx_word' id='word_1_541' title='bbox 632 4529 697 4584; x_wconf 91' lang='lat' dir='ltr'><strong>erat</strong></span> <span class='ocrx_word' id='word_1_542' title='bbox 710 4542 716 4582; x_wconf 94' lang='lat'><strong>:</strong></span> <span class='ocrx_word' id='word_1_543' title='bbox 731 4521 836 4602; x_wconf 69' lang='grc'><strong>444444-</strong></span> <span class='ocrx_word' id='word_1_544' title='bbox 891 4519 984 4580; x_wconf 84' lang='lat' dir='ltr'><strong>tensis</strong></span> <span class='ocrx_word' id='word_1_545' title='bbox 1000 4525 1081 4578; x_wconf 91' lang='lat' dir='ltr'><strong>tomo</strong></span> <span class='ocrx_word' id='word_1_546' title='bbox 1099 4519 1134 4580; x_wconf 93' lang='lat' dir='ltr'><strong>ll.</strong></span> <span class='ocrx_word' id='word_1_547' title='bbox 1152 4516 1277 4598; x_wconf 77' lang='lat' dir='ltr'><strong>Angliae</strong></span> <span class='ocrx_word' id='word_1_548' title='bbox 1296 4519 1403 4582; x_wconf 85' lang='lat' dir='ltr'><strong>Sacrae</strong></span> <span class='ocrx_word' id='word_1_549' title='bbox 1419 4536 1448 4596; x_wconf 91' lang='lat' dir='ltr'><strong>p.</strong></span> <span class='ocrx_word' id='word_1_550' title='bbox 1462 4517 1515 4578; x_wconf 88' lang='grc'><strong>274</strong></span> 
     </span>
    </p>
   </div>
   <div class='ocr_carea' id='block_1_6' title="bbox 12 4609 1615 4695">
    <p class='ocr_par' dir='ltr' id='par_1_6' title="bbox 12 4609 1615 4695">
     <span class='ocr_line' id='line_1_49' title="bbox 12 4609 1615 4695; baseline -0.006 -18"><span class='ocrx_word' id='word_1_551' title='bbox 12 4655 13 4658; x_wconf 56' lang='lat'><em>=</em></span> <span class='ocrx_word' id='word_1_552' title='bbox 116 4621 159 4676; x_wconf 80' lang='lat' dir='ltr'><strong>cst</strong></span> <span class='ocrx_word' id='word_1_553' title='bbox 172 4617 232 4678; x_wconf 90' lang='lat' dir='ltr'><strong>uita</strong></span> <span class='ocrx_word' id='word_1_554' title='bbox 250 4613 367 4678; x_wconf 79' lang='lat' dir='ltr'><strong>Domina</strong></span> <span class='ocrx_word' id='word_1_555' title='bbox 387 4615 529 4680; x_wconf 80' lang='lat' dir='ltr'><strong>tietberti</strong></span> <span class='ocrx_word' id='word_1_556' title='bbox 543 4615 700 4695; x_wconf 84' lang='lat' dir='ltr'><strong>Episcopi,</strong></span> <span class='ocrx_word' id='word_1_557' title='bbox 718 4615 798 4676; x_wconf 87' lang='lat' dir='ltr'><strong>edito</strong></span> <span class='ocrx_word' id='word_1_558' title='bbox 815 4632 836 4672; x_wconf 89' lang='lat' dir='ltr'><strong>a</strong></span> <span class='ocrx_word' id='word_1_559' title='bbox 928 4609 1154 4693; x_wconf 69' lang='lat' dir='ltr'><strong>HOFEEEHUE</strong></span> <span class='ocrx_word' id='word_1_560' title='bbox 1171 4610 1327 4683; x_wconf 87' lang='lat' dir='ltr'><strong>Eutienris,</strong></span> <span class='ocrx_word' id='word_1_561' title='bbox 1347 4613 1442 4688; x_wconf 87' lang='lat' dir='ltr'><strong>patria</strong></span> <span class='ocrx_word' id='word_1_562' title='bbox 1458 4612 1615 4670; x_wconf 80' lang='grc'><strong>3444444-</strong></span> 
     </span>
    </p>
   </div>
   <div class='ocr_carea' id='block_1_7' title="bbox 12 4703 1744 4878">
    <p class='ocr_par' dir='ltr' id='par_1_7' title="bbox 12 4703 1744 4878">
     <span class='ocr_line' id='line_1_50' title="bbox 12 4703 1608 4787; baseline -0.006 -19"><span class='ocrx_word' id='word_1_563' title='bbox 12 4703 14 4768; x_wconf 79' lang='lat' dir='ltr'>J</span> <span class='ocrx_word' id='word_1_564' title='bbox 115 4709 242 4787; x_wconf 73' lang='grc'><strong>4444444</strong></span> <span class='ocrx_word' id='word_1_565' title='bbox 260 4709 535 4772; x_wconf 82' lang='lat' dir='ltr'><strong>Hanaclranamine</strong></span> <span class='ocrx_word' id='word_1_566' title='bbox 549 4706 715 4786; x_wconf 83' lang='lat' dir='ltr'><strong>Eodulplro.</strong></span> <span class='ocrx_word' id='word_1_567' title='bbox 891 4712 1000 4776; x_wconf 89' lang='lat' dir='ltr'><strong>tanus,</strong></span> <span class='ocrx_word' id='word_1_568' title='bbox 1018 4704 1166 4764; x_wconf 87' lang='lat' dir='ltr'><strong>Bononiae</strong></span> <span class='ocrx_word' id='word_1_569' title='bbox 1193 4703 1295 4766; x_wconf 88' lang='lat' dir='ltr'><strong>docuit</strong></span> <span class='ocrx_word' id='word_1_570' title='bbox 1319 4718 1399 4762; x_wconf 89' lang='lat' dir='ltr'><strong>anno</strong></span> <span class='ocrx_word' id='word_1_571' title='bbox 1423 4703 1509 4764; x_wconf 80' lang='grc'><strong>4345.</strong></span> <span class='ocrx_word' id='word_1_572' title='bbox 1541 4707 1608 4778; x_wconf 87' lang='lat' dir='ltr'><strong>post</strong></span> 
     </span>
     <span class='ocr_line' id='line_1_51' title="bbox 161 4793 1744 4878; baseline -0.008 -13"><span class='ocrx_word' id='word_1_573' title='bbox 161 4803 187 4860; x_wconf 85' lang='grc'><strong>0.</strong></span> <span class='ocrx_word' id='word_1_574' title='bbox 211 4802 685 4876; x_wconf 79' lang='lat' dir='ltr'><strong>ineditasnntcormr&#39;ncocrm,</strong></span> <span class='ocrx_word' id='word_1_575' title='bbox 708 4817 835 4878; x_wconf 86' lang='lat' dir='ltr'><strong>quorum</strong></span> <span class='ocrx_word' id='word_1_576' title='bbox 895 4796 1135 4870; x_wconf 65' lang='lat' dir='ltr'><strong>instituentem</strong></span> <span class='ocrx_word' id='word_1_577' title='bbox 1155 4796 1266 4855; x_wconf 87' lang='lat' dir='ltr'><strong>inaula</strong></span> <span class='ocrx_word' id='word_1_578' title='bbox 1290 4793 1427 4854; x_wconf 72' lang='lat' dir='ltr'><strong>tullerint</strong></span> <span class='ocrx_word' id='word_1_579' title='bbox 1458 4795 1491 4854; x_wconf 91' lang='lat' dir='ltr'><strong>tl.</strong></span> <span class='ocrx_word' id='word_1_580' title='bbox 1515 4793 1612 4853; x_wconf 77' lang='lat' dir='ltr'><strong>ludex</strong></span> <span class='ocrx_word' id='word_1_581' title='bbox 1741 4819 1744 4825; x_wconf 93' lang='lat'>·</span> 
     </span>
    </p>
   </div>
   <div class='ocr_carea' id='block_1_8' title="bbox 0 0 1845 5412">
    <p class='ocr_par' dir='ltr' id='par_1_8' title="bbox 0 0 1845 5412">
     <span class='ocr_line' id='line_1_52' title="bbox 0 0 1845 5412; baseline 0 0"><span class='ocrx_word' id='word_1_582' title='bbox 0 0 1845 5412; x_wconf 95' lang='lat' dir='ltr'><strong> </strong></span> 
     </span>
    </p>
   </div>
  </div>
 </body>
</html>
