<?xml version="1.0" encoding="UTF-8"?>
<!DOCTYPE html PUBLIC "-//W3C//DTD XHTML 1.0 Transitional//EN"
    "http://www.w3.org/TR/xhtml1/DTD/xhtml1-transitional.dtd">
<html xmlns="http://www.w3.org/1999/xhtml" xml:lang="en" lang="en">
 <head>
  <title>
</title>
<meta http-equiv="Content-Type" content="text/html;charset=utf-8" />
  <meta name='ocr-system' content='tesseract 3.04.00' />
  <meta name='ocr-capabilities' content='ocr_page ocr_carea ocr_par ocr_line ocrx_word'/>
</head>
<body>
  <div class='ocr_page' id='page_1' title='image "./bibliothecalati01gallgoog_0371.png"; bbox 0 0 3368 5362; ppageno 0'>
   <div class='ocr_carea' id='block_1_1' title="bbox 154 168 1066 233">
    <p class='ocr_par' dir='ltr' id='par_1_1' title="bbox 154 168 1066 233">
     <span class='ocr_line' id='line_1_1' title="bbox 154 168 1066 233; baseline -0.004 -1"><span class='ocrx_word' id='word_1_1' title='bbox 154 171 213 233; x_wconf 73' lang='lat' dir='ltr'>att</span> <span class='ocrx_word' id='word_1_2' title='bbox 735 168 1066 232; x_wconf 79' lang='lat' dir='ltr'>lllCllhllDUS</span> 
     </span>
    </p>
   </div>
   <div class='ocr_carea' id='block_1_2' title="bbox 155 275 1649 3149">
    <p class='ocr_par' dir='ltr' id='par_1_2' title="bbox 155 275 1649 3149">
     <span class='ocr_line' id='line_1_2' title="bbox 155 275 1633 360; baseline 0.001 -20"><span class='ocrx_word' id='word_1_3' title='bbox 155 285 252 342; x_wconf 92' lang='lat' dir='ltr'>tinum</span> <span class='ocrx_word' id='word_1_4' title='bbox 271 281 534 360; x_wconf 74' lang='lat' dir='ltr'>herbipolensem,</span> <span class='ocrx_word' id='word_1_5' title='bbox 560 279 614 337; x_wconf 87' lang='lat' dir='ltr'>luit</span> <span class='ocrx_word' id='word_1_6' title='bbox 637 280 664 336; x_wconf 91' lang='lat' dir='ltr'>in</span> <span class='ocrx_word' id='word_1_7' title='bbox 687 275 870 337; x_wconf 79' lang='lat' dir='ltr'>Bibliotheca</span> <span class='ocrx_word' id='word_1_8' title='bbox 925 281 976 356; x_wconf 90' lang='lat' dir='ltr'>qui</span> <span class='ocrx_word' id='word_1_9' title='bbox 998 279 1098 340; x_wconf 89' lang='lat' dir='ltr'>editus</span> <span class='ocrx_word' id='word_1_10' title='bbox 1118 285 1166 338; x_wconf 85' lang='lat' dir='ltr'>ost</span> <span class='ocrx_word' id='word_1_11' title='bbox 1187 280 1215 338; x_wconf 95' lang='lat' dir='ltr'>in</span> <span class='ocrx_word' id='word_1_12' title='bbox 1238 281 1328 339; x_wconf 85' lang='lat' dir='ltr'>Bern.</span> <span class='ocrx_word' id='word_1_13' title='bbox 1349 280 1408 340; x_wconf 87' lang='lat' dir='ltr'>Pez</span> <span class='ocrx_word' id='word_1_14' title='bbox 1429 279 1519 340; x_wconf 83' lang='lat' dir='ltr'>Thes.</span> <span class='ocrx_word' id='word_1_15' title='bbox 1544 284 1633 341; x_wconf 77' lang='lat' dir='ltr'>novis</span> 
     </span>
     <span class='ocr_line' id='line_1_3' title="bbox 156 369 1635 453; baseline -0.001 -19"><span class='ocrx_word' id='word_1_16' title='bbox 156 374 232 453; x_wconf 81' lang='lat' dir='ltr'>Aug.</span> <span class='ocrx_word' id='word_1_17' title='bbox 254 375 337 445; x_wconf 89' lang='lat' dir='ltr'>Quir.</span> <span class='ocrx_word' id='word_1_18' title='bbox 359 374 475 443; x_wconf 84' lang='lat' dir='ltr'>ltivini,</span> <span class='ocrx_word' id='word_1_19' title='bbox 495 369 600 432; x_wconf 87' lang='lat' dir='ltr'>lledici</span> <span class='ocrx_word' id='word_1_20' title='bbox 623 370 794 449; x_wconf 81' lang='lat' dir='ltr'>Lipsiensis.</span> <span class='ocrx_word' id='word_1_21' title='bbox 924 374 1001 431; x_wconf 89' lang='lat' dir='ltr'>simo</span> <span class='ocrx_word' id='word_1_22' title='bbox 1033 370 1256 433; x_wconf 78' lang='lat' dir='ltr'>Anecdotorum</span> <span class='ocrx_word' id='word_1_23' title='bbox 1287 378 1362 433; x_wconf 88' lang='lat' dir='ltr'>tom.</span> <span class='ocrx_word' id='word_1_24' title='bbox 1383 374 1404 433; x_wconf 92' lang='lat'>1.</span> <span class='ocrx_word' id='word_1_25' title='bbox 1428 380 1506 451; x_wconf 88' lang='lat' dir='ltr'>part.</span> <span class='ocrx_word' id='word_1_26' title='bbox 1531 374 1561 435; x_wconf 77' lang='lat'>2.</span> <span class='ocrx_word' id='word_1_27' title='bbox 1580 392 1635 453; x_wconf 87' lang='lat' dir='ltr'>pag.</span> 
     </span>
     <span class='ocr_line' id='line_1_4' title="bbox 198 462 1649 545; baseline 0.001 -18"><span class='ocrx_word' id='word_1_28' title='bbox 198 469 227 527; x_wconf 87' lang='grc'><strong>8.</strong></span> <span class='ocrx_word' id='word_1_29' title='bbox 242 468 346 528; x_wconf 87' lang='lat' dir='ltr'>Cicero</span> <span class='ocrx_word' id='word_1_30' title='bbox 361 466 397 525; x_wconf 95' lang='lat' dir='ltr'>de</span> <span class='ocrx_word' id='word_1_31' title='bbox 411 465 534 525; x_wconf 81' lang='lat' dir='ltr'>Oratore</span> <span class='ocrx_word' id='word_1_32' title='bbox 550 480 619 523; x_wconf 90' lang='lat' dir='ltr'>curn</span> <span class='ocrx_word' id='word_1_33' title='bbox 634 463 726 541; x_wconf 82' lang='lat' dir='ltr'>praei.</span> <span class='ocrx_word' id='word_1_34' title='bbox 740 462 873 523; x_wconf 79' lang='grc'><strong>4444444-</strong></span> <span class='ocrx_word' id='word_1_35' title='bbox 926 465 994 527; x_wconf 88' lang='grc'><strong>373.</strong></span> <span class='ocrx_word' id='word_1_36' title='bbox 1012 464 1096 525; x_wconf 85' lang='lat' dir='ltr'>Adde</span> <span class='ocrx_word' id='word_1_37' title='bbox 1113 466 1180 526; x_wconf 85' lang='lat' dir='ltr'>Car.</span> <span class='ocrx_word' id='word_1_38' title='bbox 1198 464 1236 526; x_wconf 91' lang='lat' dir='ltr'>de</span> <span class='ocrx_word' id='word_1_39' title='bbox 1254 466 1345 526; x_wconf 91' lang='lat' dir='ltr'>Visch</span> <span class='ocrx_word' id='word_1_40' title='bbox 1364 467 1443 527; x_wconf 78' lang='grc'><strong>34444.</strong></span> <span class='ocrx_word' id='word_1_41' title='bbox 1460 467 1649 545; x_wconf 84' lang='lat' dir='ltr'>Scriptorum·</span> 
     </span>
     <span class='ocr_line' id='line_1_5' title="bbox 157 554 1415 639; baseline -0.005 -19"><span class='ocrx_word' id='word_1_42' title='bbox 157 563 216 638; x_wconf 90' lang='lat' dir='ltr'>gii,</span> <span class='ocrx_word' id='word_1_43' title='bbox 234 563 349 639; x_wconf 81' lang='lat' dir='ltr'>Lipsiae</span> <span class='ocrx_word' id='word_1_44' title='bbox 369 559 454 620; x_wconf 81' lang='grc'><strong>4543.</strong></span> <span class='ocrx_word' id='word_1_45' title='bbox 471 557 559 630; x_wconf 87' lang='grc'><strong>44444,</strong></span> <span class='ocrx_word' id='word_1_46' title='bbox 577 554 667 633; x_wconf 91' lang='lat' dir='ltr'>apud.</span> <span class='ocrx_word' id='word_1_47' title='bbox 685 555 789 615; x_wconf 85' lang='lat' dir='ltr'>hleloh.</span> <span class='ocrx_word' id='word_1_48' title='bbox 807 557 873 614; x_wconf 86' lang='lat' dir='ltr'>Lot·</span> <span class='ocrx_word' id='word_1_49' title='bbox 925 559 997 620; x_wconf 90' lang='lat' dir='ltr'>Ord.</span> <span class='ocrx_word' id='word_1_50' title='bbox 1019 557 1231 618; x_wconf 77' lang='lat' dir='ltr'>cisterciensis</span> <span class='ocrx_word' id='word_1_51' title='bbox 1252 575 1321 638; x_wconf 91' lang='lat' dir='ltr'>pag.</span> <span class='ocrx_word' id='word_1_52' title='bbox 1342 559 1415 620; x_wconf 77' lang='grc'><strong>385.</strong></span> 
     </span>
     <span class='ocr_line' id='line_1_6' title="bbox 158 649 1635 730; baseline -0.003 -14"><span class='ocrx_word' id='word_1_53' title='bbox 158 655 234 716; x_wconf 89' lang='lat' dir='ltr'>ther.</span> <span class='ocrx_word' id='word_1_54' title='bbox 258 656 285 713; x_wconf 92' lang='lat' dir='ltr'>in</span> <span class='ocrx_word' id='word_1_55' title='bbox 311 652 383 713; x_wconf 87' lang='grc'><strong>444444.</strong></span> <span class='ocrx_word' id='word_1_56' title='bbox 404 650 535 711; x_wconf 88' lang='lat' dir='ltr'>laudata.</span> <span class='ocrx_word' id='word_1_57' title='bbox 967 651 1183 713; x_wconf 80' lang='lat' dir='ltr'>lilCllllllDUS</span> <span class='ocrx_word' id='word_1_58' title='bbox 1212 649 1420 730; x_wconf 76' lang='lat' dir='ltr'>Adogonisto,</span> <span class='ocrx_word' id='word_1_59' title='bbox 1455 649 1588 730; x_wconf 81' lang='lat' dir='ltr'>huglus,</span> <span class='ocrx_word' id='word_1_60' title='bbox 1613 656 1635 712; x_wconf 86' lang='lat' dir='ltr'>in</span> 
     </span>
     <span class='ocr_line' id='line_1_7' title="bbox 203 741 1636 824; baseline -0.001 -17"><span class='ocrx_word' id='word_1_61' title='bbox 203 750 230 808; x_wconf 90' lang='grc'><strong>0.</strong></span> <span class='ocrx_word' id='word_1_62' title='bbox 255 745 341 807; x_wconf 85' lang='lat' dir='ltr'>Petri</span> <span class='ocrx_word' id='word_1_63' title='bbox 360 742 464 805; x_wconf 82' lang='lat' dir='ltr'>Heliae</span> <span class='ocrx_word' id='word_1_64' title='bbox 482 742 688 804; x_wconf 80' lang='lat' dir='ltr'>Grammatico</span> <span class='ocrx_word' id='word_1_65' title='bbox 704 756 772 801; x_wconf 88' lang='lat' dir='ltr'>cum</span> <span class='ocrx_word' id='word_1_66' title='bbox 790 741 876 803; x_wconf 82' lang='lat' dir='ltr'>Com·</span> <span class='ocrx_word' id='word_1_67' title='bbox 928 745 1011 805; x_wconf 89' lang='lat' dir='ltr'>ltalia</span> <span class='ocrx_word' id='word_1_68' title='bbox 1034 747 1184 805; x_wconf 81' lang='lat' dir='ltr'>Bononiae</span> <span class='ocrx_word' id='word_1_69' title='bbox 1210 747 1329 806; x_wconf 85' lang='lat' dir='ltr'>Jurium</span> <span class='ocrx_word' id='word_1_70' title='bbox 1357 747 1507 806; x_wconf 86' lang='lat' dir='ltr'>scientiae</span> <span class='ocrx_word' id='word_1_71' title='bbox 1529 762 1636 824; x_wconf 89' lang='lat' dir='ltr'>operam</span> 
     </span>
     <span class='ocr_line' id='line_1_8' title="bbox 157 835 1638 917; baseline -0.003 -14"><span class='ocrx_word' id='word_1_72' title='bbox 157 847 244 903; x_wconf 87' lang='lat' dir='ltr'>ment.</span> <span class='ocrx_word' id='word_1_73' title='bbox 273 841 318 899; x_wconf 81' lang='lat' dir='ltr'>lo.</span> <span class='ocrx_word' id='word_1_74' title='bbox 347 835 552 917; x_wconf 81' lang='lat' dir='ltr'>sommarscld.</span> <span class='ocrx_word' id='word_1_75' title='bbox 579 837 701 913; x_wconf 82' lang='lat' dir='ltr'>Argent.</span> <span class='ocrx_word' id='word_1_76' title='bbox 734 836 820 895; x_wconf 89' lang='grc'><strong>4400.</strong></span> <span class='ocrx_word' id='word_1_77' title='bbox 847 836 874 892; x_wconf 98' lang='grc'>4.</span> <span class='ocrx_word' id='word_1_78' title='bbox 928 837 1029 912; x_wconf 90' lang='lat' dir='ltr'>dedit,</span> <span class='ocrx_word' id='word_1_79' title='bbox 1052 846 1244 915; x_wconf 77' lang='lat' dir='ltr'>praeceptore</span> <span class='ocrx_word' id='word_1_80' title='bbox 1267 854 1344 899; x_wconf 88' lang='lat' dir='ltr'>usus</span> <span class='ocrx_word' id='word_1_81' title='bbox 1366 839 1450 898; x_wconf 88' lang='lat' dir='ltr'>Pileo</span> <span class='ocrx_word' id='word_1_82' title='bbox 1471 841 1638 915; x_wconf 81' lang='lat' dir='ltr'>Mutinensi,</span> 
     </span>
     <span class='ocr_line' id='line_1_9' title="bbox 156 926 1639 1008; baseline -0.002 -12"><span class='ocrx_word' id='word_1_83' title='bbox 156 949 259 996; x_wconf 89' lang='lat' dir='ltr'>crasso</span> <span class='ocrx_word' id='word_1_84' title='bbox 281 932 454 1004; x_wconf 90' lang='lat' dir='ltr'>volumine,</span> <span class='ocrx_word' id='word_1_85' title='bbox 472 937 519 990; x_wconf 89' lang='lat' dir='ltr'>est</span> <span class='ocrx_word' id='word_1_86' title='bbox 540 931 568 988; x_wconf 92' lang='lat' dir='ltr'>in</span> <span class='ocrx_word' id='word_1_87' title='bbox 591 926 654 988; x_wconf 79' lang='lat' dir='ltr'>bibl</span> <span class='ocrx_word' id='word_1_88' title='bbox 673 926 876 988; x_wconf 83' lang='lat' dir='ltr'>Zwiclravien·</span> <span class='ocrx_word' id='word_1_89' title='bbox 929 945 999 990; x_wconf 90' lang='lat' dir='ltr'>curn</span> <span class='ocrx_word' id='word_1_90' title='bbox 1022 946 1082 1006; x_wconf 87' lang='lat' dir='ltr'>quo</span> <span class='ocrx_word' id='word_1_91' title='bbox 1103 930 1202 1008; x_wconf 90' lang='lat' dir='ltr'>paullo</span> <span class='ocrx_word' id='word_1_92' title='bbox 1221 938 1290 1008; x_wconf 87' lang='lat' dir='ltr'>post</span> <span class='ocrx_word' id='word_1_93' title='bbox 1306 931 1345 991; x_wconf 87' lang='lat' dir='ltr'>de</span> <span class='ocrx_word' id='word_1_94' title='bbox 1362 931 1546 992; x_wconf 86' lang='lat' dir='ltr'>eruditionis</span> <span class='ocrx_word' id='word_1_95' title='bbox 1565 932 1639 993; x_wconf 85' lang='lat' dir='ltr'>laude</span> 
     </span>
     <span class='ocr_line' id='line_1_10' title="bbox 158 1020 1639 1104; baseline -0.002 -15"><span class='ocrx_word' id='word_1_96' title='bbox 158 1031 184 1090; x_wconf 88' lang='lat' dir='ltr'>si</span> <span class='ocrx_word' id='word_1_97' title='bbox 197 1075 204 1104; x_wconf 97' lang='lat'>,</span> <span class='ocrx_word' id='word_1_98' title='bbox 219 1034 295 1087; x_wconf 89' lang='lat' dir='ltr'>teste</span> <span class='ocrx_word' id='word_1_99' title='bbox 311 1025 435 1086; x_wconf 87' lang='lat' dir='ltr'>Daumio</span> <span class='ocrx_word' id='word_1_100' title='bbox 449 1024 544 1100; x_wconf 86' lang='lat' dir='ltr'>Epist.</span> <span class='ocrx_word' id='word_1_101' title='bbox 561 1022 609 1081; x_wconf 90' lang='grc'>74.</span> <span class='ocrx_word' id='word_1_102' title='bbox 625 1020 660 1080; x_wconf 90' lang='lat' dir='ltr'>ad</span> <span class='ocrx_word' id='word_1_103' title='bbox 678 1020 868 1080; x_wconf 75' lang='lat' dir='ltr'>lleinesiumn</span> <span class='ocrx_word' id='word_1_104' title='bbox 929 1022 1092 1082; x_wconf 86' lang='lat' dir='ltr'>contendit.</span> <span class='ocrx_word' id='word_1_105' title='bbox 1111 1023 1192 1083; x_wconf 87' lang='lat' dir='ltr'>Vixit</span> <span class='ocrx_word' id='word_1_106' title='bbox 1207 1040 1255 1083; x_wconf 90' lang='lat' dir='ltr'>au.</span> <span class='ocrx_word' id='word_1_107' title='bbox 1276 1024 1366 1084; x_wconf 70' lang='grc'><strong>4440.</strong></span> <span class='ocrx_word' id='word_1_108' title='bbox 1383 1032 1418 1084; x_wconf 85' lang='grc'>44</span> <span class='ocrx_word' id='word_1_109' title='bbox 1435 1026 1558 1104; x_wconf 87' lang='lat' dir='ltr'>reliquit</span> <span class='ocrx_word' id='word_1_110' title='bbox 1580 1026 1639 1086; x_wconf 83' lang='lat' dir='ltr'>liu·</span> 
     </span>
     <span class='ocr_line' id='line_1_11' title="bbox 198 1111 1638 1194; baseline -0.001 -13"><span class='ocrx_word' id='word_1_111' title='bbox 198 1122 265 1183; x_wconf 81' lang='lat' dir='ltr'>Fuit</span> <span class='ocrx_word' id='word_1_112' title='bbox 286 1126 407 1191; x_wconf 87' lang='lat' dir='ltr'>autem,</span> <span class='ocrx_word' id='word_1_113' title='bbox 437 1122 517 1175; x_wconf 88' lang='lat' dir='ltr'>teste</span> <span class='ocrx_word' id='word_1_114' title='bbox 549 1116 627 1175; x_wconf 86' lang='lat' dir='ltr'>llier.</span> <span class='ocrx_word' id='word_1_115' title='bbox 656 1113 807 1185; x_wconf 89' lang='lat' dir='ltr'>Wellero,</span> <span class='ocrx_word' id='word_1_116' title='bbox 829 1111 876 1169; x_wconf 88' lang='lat' dir='ltr'>vir</span> <span class='ocrx_word' id='word_1_117' title='bbox 930 1119 1041 1174; x_wconf 86' lang='lat' dir='ltr'>ctutum</span> <span class='ocrx_word' id='word_1_118' title='bbox 1062 1131 1153 1194; x_wconf 82' lang='lat' dir='ltr'>super</span> <span class='ocrx_word' id='word_1_119' title='bbox 1176 1116 1318 1192; x_wconf 81' lang='lat' dir='ltr'>Decreto,</span> <span class='ocrx_word' id='word_1_120' title='bbox 1338 1133 1396 1178; x_wconf 90' lang='lat' dir='ltr'>uec</span> <span class='ocrx_word' id='word_1_121' title='bbox 1419 1120 1638 1179; x_wconf 77' lang='lat' dir='ltr'>nonsummum</span> 
     </span>
     <span class='ocr_line' id='line_1_12' title="bbox 158 1203 1637 1293; baseline -0.001 -20"><span class='ocrx_word' id='word_1_122' title='bbox 158 1216 245 1293; x_wconf 89' lang='lat' dir='ltr'>pius,</span> <span class='ocrx_word' id='word_1_123' title='bbox 267 1213 403 1284; x_wconf 89' lang='lat' dir='ltr'>sobrius,</span> <span class='ocrx_word' id='word_1_124' title='bbox 424 1216 527 1269; x_wconf 91' lang='lat' dir='ltr'>castus</span> <span class='ocrx_word' id='word_1_125' title='bbox 548 1214 579 1267; x_wconf 92' lang='lat' dir='ltr'>et</span> <span class='ocrx_word' id='word_1_126' title='bbox 601 1205 760 1267; x_wconf 81' lang='lat' dir='ltr'>facundus.</span> <span class='ocrx_word' id='word_1_127' title='bbox 778 1203 869 1264; x_wconf 81' lang='lat' dir='ltr'>Valde</span> <span class='ocrx_word' id='word_1_128' title='bbox 928 1203 964 1265; x_wconf 88' lang='lat' dir='ltr'>de</span> <span class='ocrx_word' id='word_1_129' title='bbox 987 1205 1090 1266; x_wconf 81' lang='lat' dir='ltr'>ordine</span> <span class='ocrx_word' id='word_1_130' title='bbox 1103 1206 1300 1284; x_wconf 83' lang='lat' dir='ltr'>judiciorum.</span> <span class='ocrx_word' id='word_1_131' title='bbox 1323 1212 1450 1270; x_wconf 85' lang='lat' dir='ltr'>Pitseus</span> <span class='ocrx_word' id='word_1_132' title='bbox 1470 1210 1510 1271; x_wconf 87' lang='lat' dir='ltr'>de</span> <span class='ocrx_word' id='word_1_133' title='bbox 1531 1211 1637 1272; x_wconf 90' lang='lat' dir='ltr'>illustri-</span> 
     </span>
     <span class='ocr_line' id='line_1_13' title="bbox 157 1295 1639 1386; baseline -0.002 -19"><span class='ocrx_word' id='word_1_134' title='bbox 157 1315 310 1386; x_wconf 91' lang='lat' dir='ltr'>praeterea</span> <span class='ocrx_word' id='word_1_135' title='bbox 329 1303 462 1365; x_wconf 87' lang='lat' dir='ltr'>laudavit</span> <span class='ocrx_word' id='word_1_136' title='bbox 478 1303 594 1378; x_wconf 90' lang='lat' dir='ltr'>ingenia</span> <span class='ocrx_word' id='word_1_137' title='bbox 604 1299 778 1378; x_wconf 85' lang='lat' dir='ltr'>juventutis</span> <span class='ocrx_word' id='word_1_138' title='bbox 796 1298 875 1357; x_wconf 78' lang='lat' dir='ltr'>Frei·</span> <span class='ocrx_word' id='word_1_139' title='bbox 928 1295 985 1358; x_wconf 89' lang='lat' dir='ltr'>bns</span> <span class='ocrx_word' id='word_1_140' title='bbox 1005 1298 1130 1376; x_wconf 80' lang='lat' dir='ltr'>Angliae</span> <span class='ocrx_word' id='word_1_141' title='bbox 1164 1301 1363 1379; x_wconf 83' lang='lat' dir='ltr'>scriptoribus</span> <span class='ocrx_word' id='word_1_142' title='bbox 1393 1320 1423 1363; x_wconf 90' lang='lat' dir='ltr'>c.</span> <span class='ocrx_word' id='word_1_143' title='bbox 1456 1303 1529 1366; x_wconf 74' lang='lat'>292.</span> <span class='ocrx_word' id='word_1_144' title='bbox 1547 1305 1639 1365; x_wconf 84' lang='lat' dir='ltr'>Baleus</span> 
     </span>
     <span class='ocr_line' id='line_1_14' title="bbox 156 1388 1186 1478; baseline 0.003 -29"><span class='ocrx_word' id='word_1_145' title='bbox 156 1400 276 1478; x_wconf 76' lang='lat' dir='ltr'>bergae,</span> <span class='ocrx_word' id='word_1_146' title='bbox 928 1388 1015 1450; x_wconf 89' lang='lat' dir='ltr'>Ceut.</span> <span class='ocrx_word' id='word_1_147' title='bbox 1037 1394 1118 1452; x_wconf 84' lang='lat' dir='ltr'>Xlll.</span> <span class='ocrx_word' id='word_1_148' title='bbox 1137 1391 1186 1452; x_wconf 86' lang='grc'><strong>77.</strong></span> 
     </span>
     <span class='ocr_line' id='line_1_15' title="bbox 196 1483 1640 1567; baseline -0.003 -14"><span class='ocrx_word' id='word_1_149' title='bbox 196 1483 875 1567; x_wconf 80' lang='lat' dir='ltr'>lillETlClUS,Episcopushugustoduneusis</span> <span class='ocrx_word' id='word_1_150' title='bbox 967 1485 1185 1546; x_wconf 79' lang='lat' dir='ltr'>lllCllAllDUS</span> <span class='ocrx_word' id='word_1_151' title='bbox 1206 1485 1242 1547; x_wconf 85' lang='lat' dir='ltr'>de</span> <span class='ocrx_word' id='word_1_152' title='bbox 1263 1484 1435 1563; x_wconf 82' lang='lat' dir='ltr'>Aldroerd,</span> <span class='ocrx_word' id='word_1_153' title='bbox 1454 1489 1505 1550; x_wconf 91' lang='lat' dir='ltr'>alii</span> <span class='ocrx_word' id='word_1_154' title='bbox 1522 1491 1640 1551; x_wconf 83' lang='lat' dir='ltr'>scribom</span> 
     </span>
     <span class='ocr_line' id='line_1_16' title="bbox 156 1575 1637 1662; baseline -0.003 -15"><span class='ocrx_word' id='word_1_155' title='bbox 156 1604 183 1646; x_wconf 89' lang='lat' dir='ltr'>a.</span> <span class='ocrx_word' id='word_1_156' title='bbox 196 1587 265 1647; x_wconf 91' lang='grc'><strong>343.</strong></span> <span class='ocrx_word' id='word_1_157' title='bbox 277 1584 397 1662; x_wconf 86' lang='lat' dir='ltr'>scripsit</span> <span class='ocrx_word' id='word_1_158' title='bbox 407 1582 558 1642; x_wconf 81' lang='lat' dir='ltr'>adversus</span> <span class='ocrx_word' id='word_1_159' title='bbox 569 1578 770 1642; x_wconf 85' lang='lat' dir='ltr'>Nouatiorrum</span> <span class='ocrx_word' id='word_1_160' title='bbox 780 1594 874 1656; x_wconf 75' lang='lat' dir='ltr'>gron·</span> <span class='ocrx_word' id='word_1_161' title='bbox 927 1576 964 1638; x_wconf 84' lang='lat' dir='ltr'>de</span> <span class='ocrx_word' id='word_1_162' title='bbox 977 1575 1130 1638; x_wconf 85' lang='lat' dir='ltr'>Acdwerd</span> <span class='ocrx_word' id='word_1_163' title='bbox 1137 1626 1146 1654; x_wconf 89' lang='lat'>,</span> <span class='ocrx_word' id='word_1_164' title='bbox 1160 1577 1276 1656; x_wconf 84' lang='lat' dir='ltr'>Anglus</span> <span class='ocrx_word' id='word_1_165' title='bbox 1289 1624 1296 1655; x_wconf 95' lang='lat'>,</span> <span class='ocrx_word' id='word_1_166' title='bbox 1308 1582 1518 1660; x_wconf 85' lang='lat' dir='ltr'>Dempsterus</span> <span class='ocrx_word' id='word_1_167' title='bbox 1533 1584 1637 1644; x_wconf 82' lang='grc'><strong>8444444</strong></span> 
     </span>
     <span class='ocr_line' id='line_1_17' title="bbox 155 1669 1637 1751; baseline -0.001 -12"><span class='ocrx_word' id='word_1_168' title='bbox 155 1677 192 1739; x_wconf 83' lang='lat' dir='ltr'>da</span> <span class='ocrx_word' id='word_1_169' title='bbox 216 1675 372 1751; x_wconf 79' lang='lat' dir='ltr'>Velamen,</span> <span class='ocrx_word' id='word_1_170' title='bbox 395 1684 423 1736; x_wconf 87' lang='grc'>44</span> <span class='ocrx_word' id='word_1_171' title='bbox 446 1671 698 1738; x_wconf 78' lang='lat' dir='ltr'>Comme-raterium</span> <span class='ocrx_word' id='word_1_172' title='bbox 720 1671 751 1731; x_wconf 84' lang='lat' dir='ltr'>in</span> <span class='ocrx_word' id='word_1_173' title='bbox 770 1669 873 1732; x_wconf 85' lang='lat' dir='ltr'>Conli—</span> <span class='ocrx_word' id='word_1_174' title='bbox 928 1679 1035 1745; x_wconf 83' lang='lat' dir='ltr'>vocat,</span> <span class='ocrx_word' id='word_1_175' title='bbox 1054 1671 1221 1732; x_wconf 91' lang='lat' dir='ltr'>monachus</span> <span class='ocrx_word' id='word_1_176' title='bbox 1241 1671 1464 1734; x_wconf 76' lang='lat' dir='ltr'>cisterciensis</span> <span class='ocrx_word' id='word_1_177' title='bbox 1480 1681 1513 1736; x_wconf 87' lang='lat' dir='ltr'>et</span> <span class='ocrx_word' id='word_1_178' title='bbox 1526 1676 1637 1737; x_wconf 78' lang='lat' dir='ltr'>Sacrisla</span> 
     </span>
     <span class='ocr_line' id='line_1_18' title="bbox 156 1764 1638 1846; baseline -0.003 -16"><span class='ocrx_word' id='word_1_179' title='bbox 156 1788 223 1831; x_wconf 87' lang='lat' dir='ltr'>com</span> <span class='ocrx_word' id='word_1_180' title='bbox 246 1771 446 1831; x_wconf 87' lang='lat' dir='ltr'>Conticorum.</span> <span class='ocrx_word' id='word_1_181' title='bbox 470 1771 673 1846; x_wconf 80' lang='lat' dir='ltr'>Hieronymus</span> <span class='ocrx_word' id='word_1_182' title='bbox 699 1764 737 1824; x_wconf 91' lang='lat' dir='ltr'>de</span> <span class='ocrx_word' id='word_1_183' title='bbox 765 1766 872 1842; x_wconf 83' lang='lat' dir='ltr'>script.</span> <span class='ocrx_word' id='word_1_184' title='bbox 928 1767 956 1824; x_wconf 91' lang='lat' dir='ltr'>in</span> <span class='ocrx_word' id='word_1_185' title='bbox 984 1764 1148 1838; x_wconf 79' lang='lat' dir='ltr'>dldwerd,</span> <span class='ocrx_word' id='word_1_186' title='bbox 1175 1767 1359 1826; x_wconf 87' lang='lat' dir='ltr'>monasterio</span> <span class='ocrx_word' id='word_1_187' title='bbox 1386 1765 1481 1846; x_wconf 86' lang='lat' dir='ltr'>justa</span> <span class='ocrx_word' id='word_1_188' title='bbox 1513 1768 1638 1829; x_wconf 80' lang='lat' dir='ltr'>Groeuin</span> 
     </span>
     <span class='ocr_line' id='line_1_19' title="bbox 157 1857 1637 1940; baseline -0.001 -16"><span class='ocrx_word' id='word_1_189' title='bbox 157 1865 239 1924; x_wconf 83' lang='lat' dir='ltr'>Eccl.</span> <span class='ocrx_word' id='word_1_190' title='bbox 258 1881 284 1923; x_wconf 91' lang='lat' dir='ltr'>c.</span> <span class='ocrx_word' id='word_1_191' title='bbox 307 1865 355 1923; x_wconf 73' lang='lat'>82.</span> <span class='ocrx_word' id='word_1_192' title='bbox 385 1863 438 1923; x_wconf 88' lang='lat' dir='ltr'>sed</span> <span class='ocrx_word' id='word_1_193' title='bbox 470 1870 632 1938; x_wconf 89' lang='lat' dir='ltr'>utrumque</span> <span class='ocrx_word' id='word_1_194' title='bbox 653 1875 729 1938; x_wconf 92' lang='lat' dir='ltr'>opus</span> <span class='ocrx_word' id='word_1_195' title='bbox 751 1859 871 1918; x_wconf 88' lang='lat' dir='ltr'>interiit.</span> <span class='ocrx_word' id='word_1_196' title='bbox 927 1874 994 1935; x_wconf 91' lang='lat' dir='ltr'>gam</span> <span class='ocrx_word' id='word_1_197' title='bbox 1017 1859 1149 1932; x_wconf 81' lang='lat' dir='ltr'>Frisios,</span> <span class='ocrx_word' id='word_1_198' title='bbox 1170 1858 1242 1918; x_wconf 87' lang='lat' dir='ltr'>obiit</span> <span class='ocrx_word' id='word_1_199' title='bbox 1258 1857 1317 1919; x_wconf 79' lang='lat' dir='ltr'>An.</span> <span class='ocrx_word' id='word_1_200' title='bbox 1339 1861 1433 1920; x_wconf 74' lang='lat'>⁴266.</span> <span class='ocrx_word' id='word_1_201' title='bbox 1452 1863 1522 1923; x_wconf 76' lang='lat' dir='ltr'>Fuit</span> <span class='ocrx_word' id='word_1_202' title='bbox 1538 1878 1637 1940; x_wconf 86' lang='lat' dir='ltr'>quoque</span> 
     </span>
     <span class='ocr_line' id='line_1_20' title="bbox 156 1950 1638 2034; baseline -0.003 -17"><span class='ocrx_word' id='word_1_203' title='bbox 156 1950 872 2030; x_wconf 55' lang='grc'><strong>4404444444444444444444.44.4442744444.</strong></span> <span class='ocrx_word' id='word_1_204' title='bbox 927 1951 1104 2029; x_wconf 76' lang='lat' dir='ltr'>&#39;theologiae</span> <span class='ocrx_word' id='word_1_205' title='bbox 1135 1953 1275 2029; x_wconf 80' lang='lat' dir='ltr'>Magister</span> <span class='ocrx_word' id='word_1_206' title='bbox 1302 1954 1501 2016; x_wconf 69' lang='lat' dir='ltr'>parisiensis.</span> <span class='ocrx_word' id='word_1_207' title='bbox 1533 1955 1638 2034; x_wconf 87' lang='lat' dir='ltr'>Scripsit</span> 
     </span>
     <span class='ocr_line' id='line_1_21' title="bbox 155 2033 1637 2127; baseline -0.001 -18"><span class='ocrx_word' id='word_1_208' title='bbox 155 2033 307 2127; x_wconf 82' lang='lat' dir='ltr'>Cuperum</span> <span class='ocrx_word' id='word_1_209' title='bbox 342 2052 370 2106; x_wconf 93' lang='lat' dir='ltr'>in</span> <span class='ocrx_word' id='word_1_210' title='bbox 402 2047 485 2107; x_wconf 80' lang='lat' dir='ltr'>Actis</span> <span class='ocrx_word' id='word_1_211' title='bbox 519 2048 696 2106; x_wconf 91' lang='lat' dir='ltr'>Sanctorum</span> <span class='ocrx_word' id='word_1_212' title='bbox 730 2050 802 2103; x_wconf 90' lang='lat' dir='ltr'>tom.</span> <span class='ocrx_word' id='word_1_213' title='bbox 825 2044 872 2102; x_wconf 87' lang='grc'><strong>444.</strong></span> <span class='ocrx_word' id='word_1_214' title='bbox 928 2042 1489 2125; x_wconf 76' lang='lat' dir='ltr'>Librumdellarmmto‚ttpirtotam</span> <span class='ocrx_word' id='word_1_215' title='bbox 1501 2045 1637 2127; x_wconf 73' lang='lat' dir='ltr'>probans</span> 
     </span>
     <span class='ocr_line' id='line_1_22' title="bbox 156 2137 1637 2222; baseline 0.003 -23"><span class='ocrx_word' id='word_1_216' title='bbox 156 2141 225 2200; x_wconf 84' lang='lat' dir='ltr'>iulii</span> <span class='ocrx_word' id='word_1_217' title='bbox 249 2157 313 2218; x_wconf 93' lang='lat' dir='ltr'>pag.</span> <span class='ocrx_word' id='word_1_218' title='bbox 336 2138 404 2200; x_wconf 78' lang='grc'><strong>388.</strong></span> <span class='ocrx_word' id='word_1_219' title='bbox 929 2153 954 2196; x_wconf 89' lang='grc'>4.</span> <span class='ocrx_word' id='word_1_220' title='bbox 975 2140 1076 2216; x_wconf 90' lang='lat' dir='ltr'>potius</span> <span class='ocrx_word' id='word_1_221' title='bbox 1097 2139 1270 2199; x_wconf 80' lang='lat' dir='ltr'>Tractatum</span> <span class='ocrx_word' id='word_1_222' title='bbox 1288 2137 1326 2199; x_wconf 89' lang='lat' dir='ltr'>ad</span> <span class='ocrx_word' id='word_1_223' title='bbox 1346 2139 1541 2220; x_wconf 81' lang='lat' dir='ltr'>Religiosum</span> <span class='ocrx_word' id='word_1_224' title='bbox 1561 2160 1637 2222; x_wconf 86' lang='lat' dir='ltr'>queu-</span> 
     </span>
     <span class='ocr_line' id='line_1_23' title="bbox 196 2229 1637 2314; baseline 0.001 -21"><span class='ocrx_word' id='word_1_225' title='bbox 196 2232 339 2304; x_wconf 78' lang='grc'><strong>4444448,</strong></span> <span class='ocrx_word' id='word_1_226' title='bbox 357 2232 527 2293; x_wconf 72' lang='lat' dir='ltr'>canonicus</span> <span class='ocrx_word' id='word_1_227' title='bbox 544 2232 697 2292; x_wconf 87' lang='lat' dir='ltr'>Caesenas</span> <span class='ocrx_word' id='word_1_228' title='bbox 718 2247 765 2291; x_wconf 92' lang='lat' dir='ltr'>an.</span> <span class='ocrx_word' id='word_1_229' title='bbox 785 2230 871 2291; x_wconf 82' lang='grc'><strong>4335.</strong></span> <span class='ocrx_word' id='word_1_230' title='bbox 927 2229 997 2292; x_wconf 90' lang='lat' dir='ltr'>dam</span> <span class='ocrx_word' id='word_1_231' title='bbox 1019 2230 1272 2305; x_wconf 78' lang='lat' dir='ltr'>Ebirbaoensam,</span> <span class='ocrx_word' id='word_1_232' title='bbox 1295 2234 1327 2290; x_wconf 92' lang='lat' dir='ltr'>in</span> <span class='ocrx_word' id='word_1_233' title='bbox 1348 2248 1413 2311; x_wconf 90' lang='lat' dir='ltr'>qua</span> <span class='ocrx_word' id='word_1_234' title='bbox 1436 2236 1501 2314; x_wconf 88' lang='lat' dir='ltr'>agit</span> <span class='ocrx_word' id='word_1_235' title='bbox 1520 2235 1557 2296; x_wconf 89' lang='lat' dir='ltr'>de</span> <span class='ocrx_word' id='word_1_236' title='bbox 1576 2252 1637 2296; x_wconf 87' lang='lat' dir='ltr'>mar-</span> 
     </span>
     <span class='ocr_line' id='line_1_24' title="bbox 158 2324 1634 2402; baseline 0.003 -20"><span class='ocrx_word' id='word_1_237' title='bbox 158 2327 240 2386; x_wconf 85' lang='lat' dir='ltr'>varia</span> <span class='ocrx_word' id='word_1_238' title='bbox 261 2325 380 2402; x_wconf 83' lang='lat' dir='ltr'>collegit</span> <span class='ocrx_word' id='word_1_239' title='bbox 395 2324 433 2385; x_wconf 92' lang='lat' dir='ltr'>ad</span> <span class='ocrx_word' id='word_1_240' title='bbox 453 2341 501 2385; x_wconf 92' lang='lat' dir='ltr'>res</span> <span class='ocrx_word' id='word_1_241' title='bbox 522 2324 606 2385; x_wconf 88' lang='lat' dir='ltr'>urbis</span> <span class='ocrx_word' id='word_1_242' title='bbox 626 2340 700 2384; x_wconf 87' lang='lat' dir='ltr'>suae</span> <span class='ocrx_word' id='word_1_243' title='bbox 720 2325 873 2401; x_wconf 88' lang='lat' dir='ltr'>pertinen·</span> <span class='ocrx_word' id='word_1_244' title='bbox 929 2327 1007 2402; x_wconf 86' lang='lat' dir='ltr'>tyrio</span> <span class='ocrx_word' id='word_1_245' title='bbox 1027 2325 1056 2386; x_wconf 91' lang='lat' dir='ltr'>b.</span> <span class='ocrx_word' id='word_1_246' title='bbox 1077 2324 1200 2385; x_wconf 83' lang='lat' dir='ltr'>Gerardl</span> <span class='ocrx_word' id='word_1_247' title='bbox 1222 2324 1634 2397; x_wconf 80' lang='lat' dir='ltr'>Abbatis.Claraevalleusis‚</span> 
     </span>
     <span class='ocr_line' id='line_1_25' title="bbox 157 2416 1640 2495; baseline 0.001 -18"><span class='ocrx_word' id='word_1_248' title='bbox 157 2424 225 2492; x_wconf 91' lang='lat' dir='ltr'>tes,</span> <span class='ocrx_word' id='word_1_249' title='bbox 247 2424 335 2494; x_wconf 91' lang='lat' dir='ltr'>prout</span> <span class='ocrx_word' id='word_1_250' title='bbox 355 2417 464 2495; x_wconf 90' lang='lat' dir='ltr'>allegat</span> <span class='ocrx_word' id='word_1_251' title='bbox 485 2418 599 2478; x_wconf 84' lang='lat' dir='ltr'>hoctor</span> <span class='ocrx_word' id='word_1_252' title='bbox 620 2416 782 2477; x_wconf 81' lang='lat' dir='ltr'>Annalium</span> <span class='ocrx_word' id='word_1_253' title='bbox 801 2416 874 2476; x_wconf 86' lang='lat' dir='ltr'>Cae-</span> <span class='ocrx_word' id='word_1_254' title='bbox 927 2418 967 2479; x_wconf 89' lang='lat' dir='ltr'>da</span> <span class='ocrx_word' id='word_1_255' title='bbox 991 2421 1053 2479; x_wconf 85' lang='lat' dir='ltr'>vita</span> <span class='ocrx_word' id='word_1_256' title='bbox 1073 2425 1105 2477; x_wconf 91' lang='lat' dir='ltr'>et</span> <span class='ocrx_word' id='word_1_257' title='bbox 1127 2417 1280 2487; x_wconf 84' lang='lat' dir='ltr'>miraculis</span> <span class='ocrx_word' id='word_1_258' title='bbox 1298 2418 1329 2478; x_wconf 90' lang='grc'><strong>8.</strong></span> <span class='ocrx_word' id='word_1_259' title='bbox 1348 2417 1471 2480; x_wconf 90' lang='lat' dir='ltr'>Silvani</span> <span class='ocrx_word' id='word_1_260' title='bbox 1489 2419 1640 2482; x_wconf 80' lang='lat' dir='ltr'>claraeval</span> 
     </span>
     <span class='ocr_line' id='line_1_26' title="bbox 156 2509 1638 2589; baseline 0.001 -19"><span class='ocrx_word' id='word_1_261' title='bbox 156 2513 371 2571; x_wconf 90' lang='lat' dir='ltr'>senatensium·</span> <span class='ocrx_word' id='word_1_262' title='bbox 386 2512 414 2569; x_wconf 91' lang='lat' dir='ltr'>in</span> <span class='ocrx_word' id='word_1_263' title='bbox 436 2511 619 2589; x_wconf 84' lang='lat' dir='ltr'>praelatione</span> <span class='ocrx_word' id='word_1_264' title='bbox 641 2518 673 2570; x_wconf 88' lang='lat' dir='ltr'>et</span> <span class='ocrx_word' id='word_1_265' title='bbox 692 2509 729 2570; x_wconf 91' lang='lat' dir='ltr'>ad</span> <span class='ocrx_word' id='word_1_266' title='bbox 759 2525 872 2570; x_wconf 90' lang='lat' dir='ltr'>annum</span> <span class='ocrx_word' id='word_1_267' title='bbox 929 2513 1025 2572; x_wconf 89' lang='lat' dir='ltr'>leusis</span> <span class='ocrx_word' id='word_1_268' title='bbox 1047 2509 1205 2581; x_wconf 87' lang='lat' dir='ltr'>monachi,</span> <span class='ocrx_word' id='word_1_269' title='bbox 1226 2514 1257 2569; x_wconf 92' lang='lat' dir='ltr'>et</span> <span class='ocrx_word' id='word_1_270' title='bbox 1278 2509 1349 2570; x_wconf 89' lang='lat' dir='ltr'>aliis</span> <span class='ocrx_word' id='word_1_271' title='bbox 1373 2511 1561 2588; x_wconf 87' lang='lat' dir='ltr'>quibusdam</span> <span class='ocrx_word' id='word_1_272' title='bbox 1578 2514 1638 2574; x_wconf 81' lang='lat' dir='ltr'>San</span> 
     </span>
     <span class='ocr_line' id='line_1_27' title="bbox 157 2603 1640 2679; baseline 0 -15"><span class='ocrx_word' id='word_1_273' title='bbox 157 2603 244 2664; x_wconf 91' lang='lat' dir='ltr'>modo</span> <span class='ocrx_word' id='word_1_274' title='bbox 265 2604 398 2679; x_wconf 89' lang='lat' dir='ltr'>dictum,</span> <span class='ocrx_word' id='word_1_275' title='bbox 422 2612 493 2664; x_wconf 90' lang='lat' dir='ltr'>torn.</span> <span class='ocrx_word' id='word_1_276' title='bbox 516 2605 592 2664; x_wconf 83' lang='lat' dir='ltr'>xlv.</span> <span class='ocrx_word' id='word_1_277' title='bbox 616 2604 647 2664; x_wconf 90' lang='lat' dir='ltr'>S.</span> <span class='ocrx_word' id='word_1_278' title='bbox 668 2605 700 2663; x_wconf 90' lang='grc'>44.</span> <span class='ocrx_word' id='word_1_279' title='bbox 725 2604 789 2663; x_wconf 90' lang='lat' dir='ltr'>ltal.</span> <span class='ocrx_word' id='word_1_280' title='bbox 812 2605 875 2663; x_wconf 85' lang='lat' dir='ltr'>blu-</span> <span class='ocrx_word' id='word_1_281' title='bbox 929 2608 988 2666; x_wconf 89' lang='lat' dir='ltr'>ctis</span> <span class='ocrx_word' id='word_1_282' title='bbox 1004 2604 1076 2667; x_wconf 92' lang='lat' dir='ltr'>Ord.</span> <span class='ocrx_word' id='word_1_283' title='bbox 1094 2604 1306 2665; x_wconf 81' lang='lat' dir='ltr'>cisterciensis</span> <span class='ocrx_word' id='word_1_284' title='bbox 1323 2610 1357 2663; x_wconf 89' lang='lat' dir='ltr'>et</span> <span class='ocrx_word' id='word_1_285' title='bbox 1374 2608 1556 2666; x_wconf 86' lang='lat' dir='ltr'>monasterii</span> <span class='ocrx_word' id='word_1_286' title='bbox 1572 2605 1640 2667; x_wconf 78' lang='lat' dir='ltr'>attr-</span> 
     </span>
     <span class='ocr_line' id='line_1_28' title="bbox 155 2691 1641 2776; baseline -0.001 -18"><span class='ocrx_word' id='word_1_287' title='bbox 155 2699 254 2758; x_wconf 91' lang='lat' dir='ltr'>ratorii</span> <span class='ocrx_word' id='word_1_288' title='bbox 277 2713 341 2776; x_wconf 89' lang='lat' dir='ltr'>pag.</span> <span class='ocrx_word' id='word_1_289' title='bbox 365 2697 442 2758; x_wconf 85' lang='grc'><strong>4080</strong></span> <span class='ocrx_word' id='word_1_290' title='bbox 464 2704 496 2756; x_wconf 88' lang='grc'>44</span> <span class='ocrx_word' id='word_1_291' title='bbox 517 2699 604 2759; x_wconf 84' lang='grc'><strong>4405.</strong></span> <span class='ocrx_word' id='word_1_292' title='bbox 926 2699 1090 2771; x_wconf 80' lang='grc'><strong>4444444444,</strong></span> <span class='ocrx_word' id='word_1_293' title='bbox 1107 2699 1178 2755; x_wconf 85' lang='lat' dir='ltr'>item</span> <span class='ocrx_word' id='word_1_294' title='bbox 1194 2691 1318 2755; x_wconf 81' lang='lat' dir='ltr'>tibrum</span> <span class='ocrx_word' id='word_1_295' title='bbox 1336 2691 1576 2759; x_wconf 70' lang='lat' dir='ltr'>meditationum</span> <span class='ocrx_word' id='word_1_296' title='bbox 1588 2699 1641 2760; x_wconf 81' lang='lat' dir='ltr'>car.</span> 
     </span>
     <span class='ocr_line' id='line_1_29' title="bbox 194 2788 1642 2868; baseline 0 -18"><span class='ocrx_word' id='word_1_297' title='bbox 194 2791 431 2864; x_wconf 79' lang='lat' dir='ltr'>lllCEllllllUS,</span> <span class='ocrx_word' id='word_1_298' title='bbox 452 2789 589 2868; x_wconf 84' lang='lat' dir='ltr'>Anglus,</span> <span class='ocrx_word' id='word_1_299' title='bbox 619 2788 741 2867; x_wconf 91' lang='lat' dir='ltr'>Sulgeui</span> <span class='ocrx_word' id='word_1_300' title='bbox 770 2788 870 2865; x_wconf 85' lang='lat' dir='ltr'>lilius,</span> <span class='ocrx_word' id='word_1_301' title='bbox 926 2792 965 2853; x_wconf 90' lang='lat' dir='ltr'>de</span> <span class='ocrx_word' id='word_1_302' title='bbox 981 2789 1073 2851; x_wconf 87' lang='grc'><strong>4444444</strong></span> <span class='ocrx_word' id='word_1_303' title='bbox 1087 2789 1162 2850; x_wconf 88' lang='lat' dir='ltr'>Bibl.</span> <span class='ocrx_word' id='word_1_304' title='bbox 1178 2788 1367 2867; x_wconf 87' lang='lat' dir='ltr'>Scriptorum</span> <span class='ocrx_word' id='word_1_305' title='bbox 1381 2789 1459 2851; x_wconf 90' lang='lat' dir='ltr'>Ord.</span> <span class='ocrx_word' id='word_1_306' title='bbox 1470 2793 1642 2853; x_wconf 42' lang='lat' dir='ltr'>*cistercien-</span> 
     </span>
     <span class='ocr_line' id='line_1_30' title="bbox 156 2881 1644 2966; baseline 0.001 -22"><span class='ocrx_word' id='word_1_307' title='bbox 156 2884 323 2962; x_wconf 85' lang='lat' dir='ltr'>Episcopus</span> <span class='ocrx_word' id='word_1_308' title='bbox 335 2885 626 2959; x_wconf 85' lang='lat' dir='ltr'>llenevensis,vixit</span> <span class='ocrx_word' id='word_1_309' title='bbox 636 2885 714 2943; x_wconf 87' lang='lat' dir='ltr'>cirea</span> <span class='ocrx_word' id='word_1_310' title='bbox 726 2884 871 2944; x_wconf 81' lang='grc'><strong>444085.</strong></span> <span class='ocrx_word' id='word_1_311' title='bbox 927 2888 971 2947; x_wconf 88' lang='lat' dir='ltr'>sis</span> <span class='ocrx_word' id='word_1_312' title='bbox 990 2901 1049 2963; x_wconf 86' lang='lat' dir='ltr'>pag</span> <span class='ocrx_word' id='word_1_313' title='bbox 1079 2884 1147 2945; x_wconf 75' lang='lat'>286.</span> <span class='ocrx_word' id='word_1_314' title='bbox 1172 2881 1330 2943; x_wconf 81' lang='lat' dir='ltr'>Lalandos</span> <span class='ocrx_word' id='word_1_315' title='bbox 1348 2881 1387 2943; x_wconf 92' lang='lat' dir='ltr'>de</span> <span class='ocrx_word' id='word_1_316' title='bbox 1406 2887 1515 2964; x_wconf 80' lang='lat' dir='ltr'>script.</span> <span class='ocrx_word' id='word_1_317' title='bbox 1537 2886 1644 2966; x_wconf 78' lang='lat' dir='ltr'>Augilas</span> 
     </span>
     <span class='ocr_line' id='line_1_31' title="bbox 158 2974 1644 3052; baseline 0.003 -16"><span class='ocrx_word' id='word_1_318' title='bbox 158 2983 189 3036; x_wconf 91' lang='lat' dir='ltr'>et</span> <span class='ocrx_word' id='word_1_319' title='bbox 214 2975 309 3035; x_wconf 83' lang='lat' dir='ltr'>Vitam</span> <span class='ocrx_word' id='word_1_320' title='bbox 330 2977 360 3037; x_wconf 87' lang='grc'><strong>8.</strong></span> <span class='ocrx_word' id='word_1_321' title='bbox 383 2974 508 3035; x_wconf 68' lang='lat' dir='ltr'>Daulida</span> <span class='ocrx_word' id='word_1_322' title='bbox 528 2974 669 3052; x_wconf 80' lang='lat' dir='ltr'>Episcopi</span> <span class='ocrx_word' id='word_1_323' title='bbox 684 2975 873 3036; x_wconf 80' lang='lat' dir='ltr'>Meneuensia</span> <span class='ocrx_word' id='word_1_324' title='bbox 926 2995 953 3038; x_wconf 92' lang='lat' dir='ltr'>c.</span> <span class='ocrx_word' id='word_1_325' title='bbox 976 2977 1042 3039; x_wconf 80' lang='grc'><strong>405.</strong></span> <span class='ocrx_word' id='word_1_326' title='bbox 1071 2977 1179 3038; x_wconf 84' lang='lat' dir='ltr'>Balens</span> <span class='ocrx_word' id='word_1_327' title='bbox 1204 2975 1336 3035; x_wconf 88' lang='lat' dir='ltr'>Centur.</span> <span class='ocrx_word' id='word_1_328' title='bbox 1360 2974 1447 3040; x_wconf 87' lang='lat' dir='ltr'>xlll.</span> <span class='ocrx_word' id='word_1_329' title='bbox 1469 2977 1523 3040; x_wconf 89' lang='grc'><strong>70.</strong></span> <span class='ocrx_word' id='word_1_330' title='bbox 1542 2981 1644 3040; x_wconf 82' lang='lat' dir='ltr'>Pitseus</span> 
     </span>
     <span class='ocr_line' id='line_1_32' title="bbox 156 3065 1378 3149; baseline 0.002 -21"><span class='ocrx_word' id='word_1_331' title='bbox 156 3068 188 3128; x_wconf 82' lang='lat' dir='ltr'>in</span> <span class='ocrx_word' id='word_1_332' title='bbox 209 3065 318 3132; x_wconf 85' lang='lat' dir='ltr'>Wallr&#39;o</span> <span class='ocrx_word' id='word_1_333' title='bbox 335 3070 474 3146; x_wconf 83' lang='lat' dir='ltr'>scripsit,</span> <span class='ocrx_word' id='word_1_334' title='bbox 491 3083 583 3145; x_wconf 91' lang='lat' dir='ltr'>quam</span> <span class='ocrx_word' id='word_1_335' title='bbox 601 3074 773 3145; x_wconf 88' lang='lat' dir='ltr'>temporum</span> <span class='ocrx_word' id='word_1_336' title='bbox 795 3065 873 3144; x_wconf 72' lang='grc'><strong>44444-</strong></span> <span class='ocrx_word' id='word_1_337' title='bbox 926 3073 955 3131; x_wconf 87' lang='grc'>44</span> <span class='ocrx_word' id='word_1_338' title='bbox 978 3069 1115 3149; x_wconf 82' lang='lat' dir='ltr'>hppend.</span> <span class='ocrx_word' id='word_1_339' title='bbox 1136 3070 1225 3131; x_wconf 85' lang='lat' dir='ltr'>Ceut.</span> <span class='ocrx_word' id='word_1_340' title='bbox 1250 3067 1305 3130; x_wconf 89' lang='lat' dir='ltr'>lll.</span> <span class='ocrx_word' id='word_1_341' title='bbox 1326 3068 1378 3130; x_wconf 85' lang='grc'>03·</span> 
     </span>
    </p>
   </div>
   <div class='ocr_carea' id='block_1_3' title="bbox 54 3159 1647 3245">
    <p class='ocr_par' dir='ltr' id='par_1_3' title="bbox 54 3159 1647 3245">
     <span class='ocr_line' id='line_1_33' title="bbox 54 3159 1647 3245; baseline 0.003 -25"><span class='ocrx_word' id='word_1_342' title='bbox 54 3232 65 3245; x_wconf 50' lang='lat'>·</span> <span class='ocrx_word' id='word_1_343' title='bbox 156 3165 198 3222; x_wconf 92' lang='lat' dir='ltr'>ria</span> <span class='ocrx_word' id='word_1_344' title='bbox 213 3162 339 3239; x_wconf 91' lang='lat' dir='ltr'>periisse</span> <span class='ocrx_word' id='word_1_345' title='bbox 356 3159 484 3220; x_wconf 91' lang='lat' dir='ltr'>credidit</span> <span class='ocrx_word' id='word_1_346' title='bbox 498 3162 637 3222; x_wconf 89' lang='lat' dir='ltr'>Usserius</span> <span class='ocrx_word' id='word_1_347' title='bbox 652 3160 689 3219; x_wconf 91' lang='lat' dir='ltr'>de</span> <span class='ocrx_word' id='word_1_348' title='bbox 703 3160 873 3239; x_wconf 88' lang='lat' dir='ltr'>primordiis</span> <span class='ocrx_word' id='word_1_349' title='bbox 967 3164 1181 3226; x_wconf 79' lang='lat' dir='ltr'>lthllhllDllS</span> <span class='ocrx_word' id='word_1_350' title='bbox 1201 3161 1239 3223; x_wconf 82' lang='lat' dir='ltr'>do</span> <span class='ocrx_word' id='word_1_351' title='bbox 1260 3163 1292 3223; x_wconf 90' lang='lat' dir='ltr'>S.</span> <span class='ocrx_word' id='word_1_352' title='bbox 1313 3161 1456 3242; x_wconf 71' lang='grc'><strong>4449444,</strong></span> <span class='ocrx_word' id='word_1_353' title='bbox 1479 3165 1551 3227; x_wconf 86' lang='lat' dir='ltr'>vide</span> <span class='ocrx_word' id='word_1_354' title='bbox 1570 3180 1647 3244; x_wconf 80' lang='lat' dir='ltr'>sopra</span> 
     </span>
    </p>
   </div>
   <div class='ocr_carea' id='block_1_4' title="bbox 156 3254 1648 4268">
    <p class='ocr_par' dir='ltr' id='par_1_4' title="bbox 157 3254 1208 3335">
     <span class='ocr_line' id='line_1_34' title="bbox 157 3254 1208 3335; baseline -0.001 -19"><span class='ocrx_word' id='word_1_355' title='bbox 157 3255 358 3316; x_wconf 87' lang='lat' dir='ltr'>Ecclesiarum</span> <span class='ocrx_word' id='word_1_356' title='bbox 370 3255 606 3314; x_wconf 84' lang='lat' dir='ltr'>Britannicarum</span> <span class='ocrx_word' id='word_1_357' title='bbox 622 3269 648 3312; x_wconf 91' lang='grc'>4.</span> <span class='ocrx_word' id='word_1_358' title='bbox 666 3255 711 3314; x_wconf 88' lang='grc'>44.</span> <span class='ocrx_word' id='word_1_359' title='bbox 724 3270 790 3332; x_wconf 88' lang='lat' dir='ltr'>pag.</span> <span class='ocrx_word' id='word_1_360' title='bbox 804 3254 870 3313; x_wconf 88' lang='grc'><strong>443-</strong></span> <span class='ocrx_word' id='word_1_361' title='bbox 928 3265 1001 3318; x_wconf 90' lang='lat' dir='ltr'>tom.</span> <span class='ocrx_word' id='word_1_362' title='bbox 1024 3259 1045 3317; x_wconf 92' lang='grc'>4.</span> <span class='ocrx_word' id='word_1_363' title='bbox 1069 3273 1137 3335; x_wconf 87' lang='lat' dir='ltr'>pag.</span> <span class='ocrx_word' id='word_1_364' title='bbox 1159 3257 1208 3316; x_wconf 86' lang='grc'><strong>03.</strong></span> 
     </span>
    </p>

    <p class='ocr_par' dir='ltr' id='par_1_5' title="bbox 156 3346 1648 4268">
     <span class='ocr_line' id='line_1_35' title="bbox 156 3346 1646 3430; baseline 0 -22"><span class='ocrx_word' id='word_1_365' title='bbox 156 3355 224 3428; x_wconf 91' lang='lat' dir='ltr'>post</span> <span class='ocrx_word' id='word_1_366' title='bbox 248 3355 349 3408; x_wconf 91' lang='lat' dir='ltr'>autem</span> <span class='ocrx_word' id='word_1_367' title='bbox 381 3348 496 3407; x_wconf 90' lang='lat' dir='ltr'>invenit</span> <span class='ocrx_word' id='word_1_368' title='bbox 516 3354 547 3408; x_wconf 91' lang='lat' dir='ltr'>et</span> <span class='ocrx_word' id='word_1_369' title='bbox 568 3348 746 3426; x_wconf 91' lang='lat' dir='ltr'>particulam</span> <span class='ocrx_word' id='word_1_370' title='bbox 777 3346 872 3406; x_wconf 86' lang='lat' dir='ltr'>edidit</span> <span class='ocrx_word' id='word_1_371' title='bbox 968 3348 1183 3411; x_wconf 78' lang='lat' dir='ltr'>lllCllhliDllS</span> <span class='ocrx_word' id='word_1_372' title='bbox 1201 3354 1293 3428; x_wconf 89' lang='lat' dir='ltr'>gente</span> <span class='ocrx_word' id='word_1_373' title='bbox 1310 3357 1344 3408; x_wconf 89' lang='lat' dir='ltr'>et</span> <span class='ocrx_word' id='word_1_374' title='bbox 1357 3351 1549 3429; x_wconf 86' lang='lat' dir='ltr'>cognomine</span> <span class='ocrx_word' id='word_1_375' title='bbox 1561 3347 1646 3430; x_wconf 63' lang='lat' dir='ltr'>Ami}</span> 
     </span>
     <span class='ocr_line' id='line_1_36' title="bbox 159 3439 1646 3524; baseline 0.003 -26"><span class='ocrx_word' id='word_1_376' title='bbox 159 3443 344 3503; x_wconf 81' lang='lat' dir='ltr'>whartonus</span> <span class='ocrx_word' id='word_1_377' title='bbox 356 3448 429 3500; x_wconf 91' lang='lat' dir='ltr'>tom.</span> <span class='ocrx_word' id='word_1_378' title='bbox 444 3442 479 3501; x_wconf 93' lang='lat' dir='ltr'>ll.</span> <span class='ocrx_word' id='word_1_379' title='bbox 495 3441 620 3518; x_wconf 79' lang='lat' dir='ltr'>Angliae</span> <span class='ocrx_word' id='word_1_380' title='bbox 635 3443 743 3502; x_wconf 87' lang='lat' dir='ltr'>Sacrae</span> <span class='ocrx_word' id='word_1_381' title='bbox 758 3459 787 3519; x_wconf 92' lang='lat' dir='ltr'>p.</span> <span class='ocrx_word' id='word_1_382' title='bbox 805 3439 875 3501; x_wconf 83' lang='grc'><strong>603.</strong></span> <span class='ocrx_word' id='word_1_383' title='bbox 929 3459 1002 3514; x_wconf 82' lang='lat' dir='ltr'>cus,</span> <span class='ocrx_word' id='word_1_384' title='bbox 1022 3443 1157 3504; x_wconf 89' lang='lat' dir='ltr'>Oxoniae</span> <span class='ocrx_word' id='word_1_385' title='bbox 1173 3448 1204 3502; x_wconf 90' lang='lat' dir='ltr'>et</span> <span class='ocrx_word' id='word_1_386' title='bbox 1220 3442 1347 3502; x_wconf 88' lang='lat' dir='ltr'>Parisiis</span> <span class='ocrx_word' id='word_1_387' title='bbox 1358 3443 1646 3524; x_wconf 87' lang='lat' dir='ltr'>hledioiuaeoperara</span> 
     </span>
     <span class='ocr_line' id='line_1_37' title="bbox 158 3534 1646 3617; baseline -0.002 -22"><span class='ocrx_word' id='word_1_388' title='bbox 158 3551 227 3596; x_wconf 90' lang='lat' dir='ltr'>nam</span> <span class='ocrx_word' id='word_1_389' title='bbox 240 3537 332 3595; x_wconf 82' lang='lat' dir='ltr'>vitam</span> <span class='ocrx_word' id='word_1_390' title='bbox 346 3537 442 3612; x_wconf 90' lang='lat' dir='ltr'>ipsam</span> <span class='ocrx_word' id='word_1_391' title='bbox 464 3551 502 3594; x_wconf 83' lang='lat' dir='ltr'>ex</span> <span class='ocrx_word' id='word_1_392' title='bbox 524 3534 592 3606; x_wconf 89' lang='lat' dir='ltr'>illo,</span> <span class='ocrx_word' id='word_1_393' title='bbox 615 3535 817 3595; x_wconf 90' lang='lat' dir='ltr'>verbisetiam</span> <span class='ocrx_word' id='word_1_394' title='bbox 830 3551 876 3594; x_wconf 90' lang='lat' dir='ltr'>re·</span> <span class='ocrx_word' id='word_1_395' title='bbox 929 3535 1024 3609; x_wconf 83' lang='lat' dir='ltr'>dedit,</span> <span class='ocrx_word' id='word_1_396' title='bbox 1048 3535 1206 3595; x_wconf 91' lang='lat' dir='ltr'>itineribus</span> <span class='ocrx_word' id='word_1_397' title='bbox 1219 3550 1343 3612; x_wconf 86' lang='lat' dir='ltr'>quoque</span> <span class='ocrx_word' id='word_1_398' title='bbox 1362 3539 1463 3597; x_wconf 85' lang='lat' dir='ltr'>variis</span> <span class='ocrx_word' id='word_1_399' title='bbox 1474 3539 1646 3617; x_wconf 77' lang='lat' dir='ltr'>perfunctus.</span> 
     </span>
     <span class='ocr_line' id='line_1_38' title="bbox 158 3627 1648 3707; baseline 0.003 -20"><span class='ocrx_word' id='word_1_400' title='bbox 158 3630 251 3689; x_wconf 87' lang='lat' dir='ltr'>tentis</span> <span class='ocrx_word' id='word_1_401' title='bbox 264 3673 270 3702; x_wconf 93' lang='lat'>,</span> <span class='ocrx_word' id='word_1_402' title='bbox 282 3631 344 3705; x_wconf 83' lang='lat' dir='ltr'>jam</span> <span class='ocrx_word' id='word_1_403' title='bbox 362 3627 487 3688; x_wconf 89' lang='lat' dir='ltr'>dederat</span> <span class='ocrx_word' id='word_1_404' title='bbox 504 3627 651 3687; x_wconf 83' lang='lat' dir='ltr'>silvester</span> <span class='ocrx_word' id='word_1_405' title='bbox 665 3627 805 3689; x_wconf 87' lang='lat' dir='ltr'>Giraldus</span> <span class='ocrx_word' id='word_1_406' title='bbox 823 3628 877 3687; x_wconf 92' lang='lat' dir='ltr'>ibi·</span> <span class='ocrx_word' id='word_1_407' title='bbox 930 3629 1046 3690; x_wconf 83' lang='lat' dir='ltr'>Floruit</span> <span class='ocrx_word' id='word_1_408' title='bbox 1066 3646 1092 3690; x_wconf 92' lang='lat' dir='ltr'>a.</span> <span class='ocrx_word' id='word_1_409' title='bbox 1116 3629 1204 3690; x_wconf 76' lang='lat' dir='ltr'>tsao.</span> <span class='ocrx_word' id='word_1_410' title='bbox 1225 3630 1355 3707; x_wconf 87' lang='lat' dir='ltr'>Scripsit</span> <span class='ocrx_word' id='word_1_411' title='bbox 1372 3629 1412 3690; x_wconf 82' lang='lat' dir='ltr'>de</span> <span class='ocrx_word' id='word_1_412' title='bbox 1426 3631 1527 3706; x_wconf 78' lang='lat' dir='ltr'>crasi,</span> <span class='ocrx_word' id='word_1_413' title='bbox 1538 3627 1648 3693; x_wconf 73' lang='lat' dir='ltr'>dsl’llt·</span> 
     </span>
     <span class='ocr_line' id='line_1_39' title="bbox 157 3719 1648 3799; baseline 0.001 -19"><span class='ocrx_word' id='word_1_414' title='bbox 157 3719 226 3780; x_wconf 90' lang='lat' dir='ltr'>dem</span> <span class='ocrx_word' id='word_1_415' title='bbox 245 3736 310 3799; x_wconf 88' lang='lat' dir='ltr'>pag.</span> <span class='ocrx_word' id='word_1_416' title='bbox 328 3721 395 3780; x_wconf 79' lang='grc'><strong>633.</strong></span> <span class='ocrx_word' id='word_1_417' title='bbox 414 3727 445 3780; x_wconf 87' lang='grc'>44</span> <span class='ocrx_word' id='word_1_418' title='bbox 461 3735 585 3788; x_wconf 88' lang='lat' dir='ltr'>omues,</span> <span class='ocrx_word' id='word_1_419' title='bbox 605 3722 656 3797; x_wconf 89' lang='lat' dir='ltr'>qui</span> <span class='ocrx_word' id='word_1_420' title='bbox 676 3723 769 3781; x_wconf 87' lang='lat' dir='ltr'>vitam</span> <span class='ocrx_word' id='word_1_421' title='bbox 787 3723 876 3782; x_wconf 89' lang='lat' dir='ltr'>Davi·</span> <span class='ocrx_word' id='word_1_422' title='bbox 932 3720 1084 3799; x_wconf 84' lang='grc'><strong>044444444,</strong></span> <span class='ocrx_word' id='word_1_423' title='bbox 1106 3724 1263 3785; x_wconf 79' lang='lat' dir='ltr'>Summum</span> <span class='ocrx_word' id='word_1_424' title='bbox 1285 3721 1322 3782; x_wconf 88' lang='lat' dir='ltr'>de</span> <span class='ocrx_word' id='word_1_425' title='bbox 1343 3723 1466 3787; x_wconf 80' lang='lat' dir='ltr'>criticis</span> <span class='ocrx_word' id='word_1_426' title='bbox 1486 3720 1648 3797; x_wconf 55' lang='lat' dir='ltr'>daroma</span> 
     </span>
     <span class='ocr_line' id='line_1_40' title="bbox 156 3811 1647 3895; baseline 0.006 -22"><span class='ocrx_word' id='word_1_427' title='bbox 156 3812 204 3873; x_wconf 91' lang='lat' dir='ltr'>dis</span> <span class='ocrx_word' id='word_1_428' title='bbox 220 3814 369 3890; x_wconf 82' lang='lat' dir='ltr'>persecuti</span> <span class='ocrx_word' id='word_1_429' title='bbox 384 3821 476 3886; x_wconf 85' lang='grc'><strong>4444,</strong></span> <span class='ocrx_word' id='word_1_430' title='bbox 490 3830 528 3873; x_wconf 84' lang='lat' dir='ltr'>ex</span> <span class='ocrx_word' id='word_1_431' title='bbox 545 3812 649 3874; x_wconf 90' lang='lat' dir='ltr'>eodem</span> <span class='ocrx_word' id='word_1_432' title='bbox 666 3814 874 3892; x_wconf 87' lang='lat' dir='ltr'>proiecerunt,</span> <span class='ocrx_word' id='word_1_433' title='bbox 927 3813 1086 3895; x_wconf 80' lang='lat' dir='ltr'>patribus,</span> <span class='ocrx_word' id='word_1_434' title='bbox 1108 3814 1144 3875; x_wconf 84' lang='lat' dir='ltr'>da</span> <span class='ocrx_word' id='word_1_435' title='bbox 1165 3813 1249 3875; x_wconf 82' lang='lat' dir='ltr'>modo</span> <span class='ocrx_word' id='word_1_436' title='bbox 1270 3814 1452 3893; x_wconf 75' lang='lat' dir='ltr'>conficiendi</span> <span class='ocrx_word' id='word_1_437' title='bbox 1472 3823 1505 3879; x_wconf 82' lang='lat' dir='ltr'>et</span> <span class='ocrx_word' id='word_1_438' title='bbox 1523 3811 1647 3883; x_wconf 69' lang='lat' dir='ltr'>medati,</span> 
     </span>
     <span class='ocr_line' id='line_1_41' title="bbox 158 3905 1648 3987; baseline 0.006 -24"><span class='ocrx_word' id='word_1_439' title='bbox 158 3906 289 3965; x_wconf 87' lang='lat' dir='ltr'>loannes</span> <span class='ocrx_word' id='word_1_440' title='bbox 302 3905 530 3967; x_wconf 86' lang='lat' dir='ltr'>Tinmuthensis</span> <span class='ocrx_word' id='word_1_441' title='bbox 545 3909 574 3966; x_wconf 92' lang='lat' dir='ltr'>in</span> <span class='ocrx_word' id='word_1_442' title='bbox 589 3908 785 3987; x_wconf 88' lang='lat' dir='ltr'>Sanctllogio,</span> <span class='ocrx_word' id='word_1_443' title='bbox 800 3910 877 3986; x_wconf 87' lang='lat' dir='ltr'>Cap·</span> <span class='ocrx_word' id='word_1_444' title='bbox 931 3907 967 3968; x_wconf 83' lang='lat' dir='ltr'>do</span> <span class='ocrx_word' id='word_1_445' title='bbox 984 3909 1103 3984; x_wconf 80' lang='lat' dir='ltr'>urinis,</span> <span class='ocrx_word' id='word_1_446' title='bbox 1123 3907 1159 3969; x_wconf 85' lang='lat' dir='ltr'>do</span> <span class='ocrx_word' id='word_1_447' title='bbox 1177 3907 1293 3987; x_wconf 79' lang='lat' dir='ltr'>regulis</span> <span class='ocrx_word' id='word_1_448' title='bbox 1310 3909 1505 3987; x_wconf 73' lang='lat' dir='ltr'>urinarum,</span> <span class='ocrx_word' id='word_1_449' title='bbox 1522 3911 1559 3972; x_wconf 81' lang='lat' dir='ltr'>de</span> <span class='ocrx_word' id='word_1_450' title='bbox 1572 3906 1648 3987; x_wconf 66' lang='lat' dir='ltr'>riget</span> 
     </span>
     <span class='ocr_line' id='line_1_42' title="bbox 158 3997 1646 4082; baseline 0.003 -28"><span class='ocrx_word' id='word_1_451' title='bbox 158 4000 280 4073; x_wconf 90' lang='lat' dir='ltr'>gravius</span> <span class='ocrx_word' id='word_1_452' title='bbox 302 4000 331 4056; x_wconf 95' lang='lat' dir='ltr'>in</span> <span class='ocrx_word' id='word_1_453' title='bbox 355 4000 492 4076; x_wconf 87' lang='lat' dir='ltr'>Legenda</span> <span class='ocrx_word' id='word_1_454' title='bbox 514 4018 613 4061; x_wconf 88' lang='lat' dir='ltr'>nova:</span> <span class='ocrx_word' id='word_1_455' title='bbox 631 4004 702 4062; x_wconf 89' lang='lat' dir='ltr'>item</span> <span class='ocrx_word' id='word_1_456' title='bbox 724 4001 875 4078; x_wconf 80' lang='lat' dir='ltr'>Anonymi</span> <span class='ocrx_word' id='word_1_457' title='bbox 931 3999 1125 4076; x_wconf 80' lang='lat' dir='ltr'>morborum,</span> <span class='ocrx_word' id='word_1_458' title='bbox 1147 4004 1174 4074; x_wconf 89' lang='lat' dir='ltr'>a)</span> <span class='ocrx_word' id='word_1_459' title='bbox 1197 3999 1233 4060; x_wconf 82' lang='lat' dir='ltr'>de</span> <span class='ocrx_word' id='word_1_460' title='bbox 1253 4002 1350 4079; x_wconf 73' lang='grc'><strong>4494444</strong></span> <span class='ocrx_word' id='word_1_461' title='bbox 1368 4005 1596 4082; x_wconf 68' lang='lat' dir='ltr'>prognosticat,</span> <span class='ocrx_word' id='word_1_462' title='bbox 1620 3997 1646 4059; x_wconf 80' lang='lat' dir='ltr'>do</span> 
     </span>
     <span class='ocr_line' id='line_1_43' title="bbox 158 4088 1647 4178; baseline 0.001 -27"><span class='ocrx_word' id='word_1_463' title='bbox 158 4088 280 4167; x_wconf 82' lang='lat' dir='ltr'>Colgani</span> <span class='ocrx_word' id='word_1_464' title='bbox 295 4090 379 4150; x_wconf 82' lang='lat' dir='ltr'>Actis</span> <span class='ocrx_word' id='word_1_465' title='bbox 390 4093 567 4153; x_wconf 90' lang='lat' dir='ltr'>Sanctorum</span> <span class='ocrx_word' id='word_1_466' title='bbox 581 4095 738 4155; x_wconf 86' lang='lat' dir='ltr'>Hiberniae</span> <span class='ocrx_word' id='word_1_467' title='bbox 745 4101 781 4155; x_wconf 88' lang='lat' dir='ltr'>et</span> <span class='ocrx_word' id='word_1_468' title='bbox 793 4092 877 4154; x_wconf 84' lang='lat' dir='ltr'>hctis</span> <span class='ocrx_word' id='word_1_469' title='bbox 929 4092 1088 4177; x_wconf 75' lang='lat' dir='ltr'>febribus,</span> <span class='ocrx_word' id='word_1_470' title='bbox 1110 4093 1147 4154; x_wconf 77' lang='lat' dir='ltr'>de</span> <span class='ocrx_word' id='word_1_471' title='bbox 1166 4112 1203 4155; x_wconf 84' lang='lat' dir='ltr'>re</span> <span class='ocrx_word' id='word_1_472' title='bbox 1221 4093 1358 4169; x_wconf 84' lang='lat' dir='ltr'>medico,</span> <span class='ocrx_word' id='word_1_473' title='bbox 1380 4091 1647 4178; x_wconf 65' lang='grc' dir='ltr'><strong>4444444εεί444,οι</strong></span> 
     </span>
     <span class='ocr_line' id='line_1_44' title="bbox 159 4181 1645 4268; baseline 0.003 -25"><span class='ocrx_word' id='word_1_474' title='bbox 159 4181 453 4261; x_wconf 85' lang='lat' dir='ltr'>hntverpiensibns‚</span> <span class='ocrx_word' id='word_1_475' title='bbox 472 4193 562 4262; x_wconf 89' lang='lat' dir='ltr'>prout</span> <span class='ocrx_word' id='word_1_476' title='bbox 582 4187 670 4248; x_wconf 90' lang='lat' dir='ltr'>docet</span> <span class='ocrx_word' id='word_1_477' title='bbox 688 4188 876 4248; x_wconf 84' lang='lat' dir='ltr'>whartonus</span> <span class='ocrx_word' id='word_1_478' title='bbox 931 4188 1024 4268; x_wconf 79' lang='lat' dir='ltr'>signis</span> <span class='ocrx_word' id='word_1_479' title='bbox 1045 4184 1196 4268; x_wconf 76' lang='lat' dir='ltr'>febrium,</span> <span class='ocrx_word' id='word_1_480' title='bbox 1218 4186 1254 4247; x_wconf 84' lang='lat' dir='ltr'>de</span> <span class='ocrx_word' id='word_1_481' title='bbox 1284 4186 1472 4261; x_wconf 77' lang='grc'><strong>4444444444,</strong></span> <span class='ocrx_word' id='word_1_482' title='bbox 1510 4190 1645 4253; x_wconf 68' lang='lat' dir='ltr'>comae</span> 
     </span>
    </p>
   </div>
   <div class='ocr_carea' id='block_1_5' title="bbox 159 4275 1644 4727">
    <p class='ocr_par' dir='ltr' id='par_1_6' title="bbox 159 4275 1644 4360">
     <span class='ocr_line' id='line_1_45' title="bbox 159 4275 1644 4360; baseline 0.003 -26"><span class='ocrx_word' id='word_1_483' title='bbox 159 4276 188 4335; x_wconf 94' lang='lat' dir='ltr'>in</span> <span class='ocrx_word' id='word_1_484' title='bbox 211 4275 394 4353; x_wconf 86' lang='lat' dir='ltr'>praelatione</span> <span class='ocrx_word' id='word_1_485' title='bbox 417 4279 489 4336; x_wconf 90' lang='lat' dir='ltr'>tnmi</span> <span class='ocrx_word' id='word_1_486' title='bbox 510 4280 545 4338; x_wconf 99' lang='lat' dir='ltr'>ll.</span> <span class='ocrx_word' id='word_1_487' title='bbox 568 4297 636 4359; x_wconf 89' lang='lat' dir='ltr'>pag.</span> <span class='ocrx_word' id='word_1_488' title='bbox 656 4280 705 4340; x_wconf 75' lang='lat'>25.</span> <span class='ocrx_word' id='word_1_489' title='bbox 726 4279 776 4341; x_wconf 74' lang='lat'>26.</span> <span class='ocrx_word' id='word_1_490' title='bbox 931 4281 1012 4342; x_wconf 85' lang='lat' dir='ltr'>rium</span> <span class='ocrx_word' id='word_1_491' title='bbox 1034 4280 1218 4356; x_wconf 72' lang='lat' dir='ltr'>alchimius,</span> <span class='ocrx_word' id='word_1_492' title='bbox 1241 4278 1595 4360; x_wconf 64' lang='lat' dir='ltr'>Speratumhtetim&#39;ae.</span> <span class='ocrx_word' id='word_1_493' title='bbox 1609 4279 1644 4338; x_wconf 72' lang='lat' dir='ltr'>tr</span> 
     </span>
    </p>

    <p class='ocr_par' dir='ltr' id='par_1_7' title="bbox 159 4369 1641 4727">
     <span class='ocr_line' id='line_1_46' title="bbox 199 4369 1641 4453; baseline -0.001 -23"><span class='ocrx_word' id='word_1_494' title='bbox 199 4369 433 4441; x_wconf 79' lang='lat' dir='ltr'>ltlctthttlUS,</span> <span class='ocrx_word' id='word_1_495' title='bbox 449 4369 549 4430; x_wconf 86' lang='lat' dir='ltr'>Abbas</span> <span class='ocrx_word' id='word_1_496' title='bbox 563 4373 722 4450; x_wconf 83' lang='lat' dir='ltr'>speciosae</span> <span class='ocrx_word' id='word_1_497' title='bbox 738 4370 831 4433; x_wconf 85' lang='lat' dir='ltr'>Vallis</span> <span class='ocrx_word' id='word_1_498' title='bbox 847 4373 875 4432; x_wconf 93' lang='lat' dir='ltr'>in</span> <span class='ocrx_word' id='word_1_499' title='bbox 933 4376 971 4437; x_wconf 87' lang='lat' dir='ltr'>de</span> <span class='ocrx_word' id='word_1_500' title='bbox 992 4375 1157 4437; x_wconf 82' lang='lat' dir='ltr'>lelandum</span> <span class='ocrx_word' id='word_1_501' title='bbox 1173 4375 1363 4453; x_wconf 88' lang='lat' dir='ltr'>descriptor.</span> <span class='ocrx_word' id='word_1_502' title='bbox 1383 4377 1526 4439; x_wconf 73' lang='grc'><strong>44444444,</strong></span> <span class='ocrx_word' id='word_1_503' title='bbox 1547 4395 1565 4438; x_wconf 78' lang='lat'>0</span> <span class='ocrx_word' id='word_1_504' title='bbox 1591 4371 1641 4436; x_wconf 71' lang='grc'><strong>444.</strong></span> 
     </span>
     <span class='ocr_line' id='line_1_47' title="bbox 160 4461 1641 4540; baseline -0.003 -16"><span class='ocrx_word' id='word_1_505' title='bbox 160 4461 730 4540; x_wconf 81' lang='lat' dir='ltr'>FrarrconiaOrd.Cisterciensis,seo.</span> <span class='ocrx_word' id='word_1_506' title='bbox 746 4468 877 4525; x_wconf 90' lang='lat' dir='ltr'>incerto:</span> <span class='ocrx_word' id='word_1_507' title='bbox 930 4465 1052 4526; x_wconf 88' lang='lat' dir='ltr'>Baleum</span> <span class='ocrx_word' id='word_1_508' title='bbox 1071 4466 1159 4527; x_wconf 85' lang='lat' dir='ltr'>Ceut.</span> <span class='ocrx_word' id='word_1_509' title='bbox 1180 4465 1231 4524; x_wconf 93' lang='lat' dir='ltr'>lll.</span> <span class='ocrx_word' id='word_1_510' title='bbox 1253 4464 1301 4524; x_wconf 74' lang='lat'>92.</span> <span class='ocrx_word' id='word_1_511' title='bbox 1324 4466 1464 4526; x_wconf 86' lang='lat' dir='ltr'>Pitseum</span> <span class='ocrx_word' id='word_1_512' title='bbox 1488 4484 1516 4527; x_wconf 68' lang='lat' dir='ltr'>e.</span> <span class='ocrx_word' id='word_1_513' title='bbox 1535 4465 1598 4526; x_wconf 80' lang='lat' dir='ltr'>ast.</span> <span class='ocrx_word' id='word_1_514' title='bbox 1609 4462 1641 4522; x_wconf 83' lang='grc'>444</span> 
     </span>
     <span class='ocr_line' id='line_1_48' title="bbox 160 4553 1641 4637; baseline -0.001 -19"><span class='ocrx_word' id='word_1_515' title='bbox 160 4560 282 4637; x_wconf 88' lang='lat' dir='ltr'>scripsit</span> <span class='ocrx_word' id='word_1_516' title='bbox 304 4553 428 4617; x_wconf 82' lang='lat' dir='ltr'>librum</span> <span class='ocrx_word' id='word_1_517' title='bbox 457 4553 677 4618; x_wconf 80' lang='lat' dir='ltr'>lleuelationam</span> <span class='ocrx_word' id='word_1_518' title='bbox 704 4556 881 4618; x_wconf 70' lang='lat' dir='ltr'>uetustatis</span> <span class='ocrx_word' id='word_1_519' title='bbox 934 4557 1075 4634; x_wconf 88' lang='lat' dir='ltr'>operibus</span> <span class='ocrx_word' id='word_1_520' title='bbox 1097 4565 1164 4634; x_wconf 79' lang='lat' dir='ltr'>ejus</span> <span class='ocrx_word' id='word_1_521' title='bbox 1185 4555 1336 4634; x_wconf 89' lang='lat' dir='ltr'>quaedam</span> <span class='ocrx_word' id='word_1_522' title='bbox 1360 4555 1641 4637; x_wconf 83' lang='lat' dir='ltr'>Noribergaeetlit·</span> 
     </span>
     <span class='ocr_line' id='line_1_49' title="bbox 159 4649 1640 4727; baseline -0.003 -15"><span class='ocrx_word' id='word_1_523' title='bbox 159 4659 188 4712; x_wconf 86' lang='lat' dir='ltr'>et</span> <span class='ocrx_word' id='word_1_524' title='bbox 207 4651 349 4715; x_wconf 83' lang='lat' dir='ltr'>versutiis</span> <span class='ocrx_word' id='word_1_525' title='bbox 368 4651 544 4713; x_wconf 83' lang='lat' dir='ltr'>doemonum</span> <span class='ocrx_word' id='word_1_526' title='bbox 562 4650 710 4714; x_wconf 76' lang='grc'><strong>4044444444</strong></span> <span class='ocrx_word' id='word_1_527' title='bbox 732 4651 880 4727; x_wconf 84' lang='lat' dir='ltr'>homiues,</span> <span class='ocrx_word' id='word_1_528' title='bbox 934 4649 1026 4710; x_wconf 86' lang='lat' dir='ltr'>sileae</span> <span class='ocrx_word' id='word_1_529' title='bbox 1039 4665 1153 4710; x_wconf 83' lang='lat' dir='ltr'>excusa</span> <span class='ocrx_word' id='word_1_530' title='bbox 1169 4664 1238 4710; x_wconf 89' lang='lat' dir='ltr'>esse</span> <span class='ocrx_word' id='word_1_531' title='bbox 1259 4649 1347 4711; x_wconf 90' lang='lat' dir='ltr'>docet</span> <span class='ocrx_word' id='word_1_532' title='bbox 1368 4649 1539 4712; x_wconf 84' lang='lat' dir='ltr'>Gesnerus.</span> <span class='ocrx_word' id='word_1_533' title='bbox 1554 4649 1640 4712; x_wconf 76' lang='lat' dir='ltr'>com·</span> 
     </span>
    </p>
   </div>
   <div class='ocr_carea' id='block_1_6' title="bbox 202 4858 1176 4925">
    <p class='ocr_par' dir='ltr' id='par_1_8' title="bbox 202 4858 1176 4925">
     <span class='ocr_line' id='line_1_50' title="bbox 202 4858 1176 4925; baseline 0.007 -22"><span class='ocrx_word' id='word_1_534' title='bbox 202 4858 228 4919; x_wconf 88' lang='lat' dir='ltr'>s)</span> <span class='ocrx_word' id='word_1_535' title='bbox 244 4861 289 4907; x_wconf 88' lang='grc'><strong>4444</strong></span> <span class='ocrx_word' id='word_1_536' title='bbox 304 4864 349 4909; x_wconf 79' lang='lat' dir='ltr'>tls.</span> <span class='ocrx_word' id='word_1_537' title='bbox 361 4869 397 4910; x_wconf 84' lang='lat' dir='ltr'>est</span> <span class='ocrx_word' id='word_1_538' title='bbox 412 4867 436 4912; x_wconf 88' lang='lat' dir='ltr'>ln</span> <span class='ocrx_word' id='word_1_539' title='bbox 450 4865 605 4915; x_wconf 82' lang='lat' dir='ltr'>Plbllothoea</span> <span class='ocrx_word' id='word_1_540' title='bbox 622 4864 735 4912; x_wconf 77' lang='lat' dir='ltr'>Paulliua</span> <span class='ocrx_word' id='word_1_541' title='bbox 753 4864 888 4925; x_wconf 75' lang='lat' dir='ltr'>tiguiensl.</span> <span class='ocrx_word' id='word_1_542' title='bbox 933 4860 1023 4912; x_wconf 85' lang='lat' dir='ltr'>ellsrus</span> <span class='ocrx_word' id='word_1_543' title='bbox 1037 4861 1092 4924; x_wconf 65' lang='lat' dir='ltr'>&#39;pag</span> <span class='ocrx_word' id='word_1_544' title='bbox 1121 4863 1176 4910; x_wconf 67' lang='grc'><strong>4449.</strong></span> 
     </span>
    </p>
   </div>
   <div class='ocr_carea' id='block_1_7' title="bbox 0 0 1692 5362">
    <p class='ocr_par' dir='ltr' id='par_1_9' title="bbox 0 0 1692 5362">
     <span class='ocr_line' id='line_1_51' title="bbox 0 0 1692 5362; baseline 0 0"><span class='ocrx_word' id='word_1_545' title='bbox 0 0 1692 5362; x_wconf 95' lang='lat' dir='ltr'> </span> 
     </span>
    </p>
   </div>
  </div>
 </body>
</html>
