3368 5362
463 210 525 270 DE
561 205 847 269 PRINCIPIS
881 205 1123 270 OFFICIIS

52 319 164 394 buerit,
186 319 268 381 facile
289 336 356 380 cum
386 334 460 396 opus
482 322 547 393 erit,
564 321 714 380 exercitus
730 335 765 380 ac

53 413 278 476 multitudinem
307 414 430 491 pecunia
461 413 650 488 comparabit.
683 412 766 484 Quod

51 511 79 569 si
99 512 211 568 nonita
227 508 312 568 multi
331 508 434 568 nutriri
453 514 588 583 possunt,
606 505 767 567 videndum

51 609 233 676 esttamen,
254 611 287 662 ut
309 618 360 679 pro
383 601 569 678 vectigalium
588 608 705 661 luorum
725 618 770 660 ra-

52 696 137 756 tlone
169 694 328 755 nonnullos
359 694 487 770 habeas;
522 695 600 772 iique
629 694 678 754 flbi
711 711 768 754 non

52 808 157 864 secus,
178 809 212 852 ac
235 807 333 850 rerum
360 796 479 850 tuarum
511 790 592 849 salus
624 790 769 849 carissimi

53 888 129 948 sint.
141 886 317 964 blegnopere
331 892 429 945 tameo
441 881 689 944 considerandum
705 885 771 959 erit,

53 987 92 1043 ut
114 996 166 1039 eos
187 978 307 1057 deligas,
329 995 404 1056 quos
425 980 467 1039 tui
486 978 718 1051 amantissimos,
740 983 771 1036 et

52 1074 195 1151 conJ'ugis
216 1075 258 1132 tui
281 1071 515 1133 studiosissimos
537 1087 604 1131 esse
625 1087 772 1150 cognove-

54 1170 120 1233 ris:
143 1184 231 1246 saepe
253 1167 331 1227 enim
364 1166 484 1241 accidit,
515 1173 547 1226 ut
578 1182 653 1243 quos
685 1167 771 1246 longo

55 1272 193 1342 tempore
221 1262 335 1340 magnis
361 1260 530 1338 sumptibus
560 1260 711 1338 aluimus3
745 1263 770 1323 si

54 1357 180 1440 quando
199 1357 326 1416 maxime
343 1355 509 1433 indigemus
528 1372 582 1414 nos
596 1355 771 1429 destituant,

55 1462 89 1515 et
113 1449 264 1511 interdum
285 1449 320 1509 ad
344 1448 444 1509 hostes
465 1458 629 1523 transeant,
650 1469 708 1528 quo
730 1453 771 1528 lit,

57 1554 94 1611 ut
117 1561 175 1606 non
198 1544 281 1604 nobis
301 1560 364 1619 eoS,
386 1542 438 1604 sed
459 1552 562 1604 contra
584 1561 639 1606 nos
659 1547 772 1610 tamdiu

57 1640 277 1722 paraverimus.
298 1637 437 1698 Nonnulli
467 1641 555 1698 etiam
585 1644 773 1718 reperiuntur

56 1736 113 1814 qui
140 1733 210 1793 licet
240 1749 256 1792 a
287 1732 370 1791 nobis
401 1734 521 1792 minime
553 1736 771 1815 transfugiant3

57 1833 252 1886 tamencum
274 1822 341 1882 belli
363 1822 483 1901 gerendi
513 1827 676 1885 necessitas
708 1845 774 1906 pre-

59 1921 128 1992 mit,
149 1923 222 1977 tunc
243 1935 362 1995 operam
384 1934 468 1978 suam
488 1917 611 1995 jactant,
627 1927 699 1980 tunc
716 1921 771 1981 sibi

61 2013 188 2073 nimium
211 2018 357 2089 arrogant,
378 2018 450 2071 tuoc
472 2010 562 2071 duras
584 2012 673 2090 leges,
701 2031 772 2092 gra-

64 2107 205 2182 vioraque
226 2121 325 2176 onera,
346 2112 377 2165 et
399 2106 507 2183 majora
525 2105 671 2184 stIpendia
689 2109 774 2168 nobis

66 2200 242 2277 imponunt:
264 2198 351 2277 quod,
384 2201 491 2274 nescio,
522 2218 558 2261 an
587 2201 672 2277 longe
693 2201 775 2263 dete-

60 2292 201 2354 stabiIIus
222 2294 269 2366 sit,
291 2310 380 2370 quarn
399 2293 435 2353 ab
458 2295 514 2353 illis
531 2294 636 2355 deseri.
655 2293 775 2374 Siquos

58 2403 143 2466 ergo,
166 2396 250 2447 nacta
272 2390 344 2458 eriS,
365 2405 491 2465 quorum
515 2395 632 2466 praeter
652 2393 692 2449 rei
715 2390 776 2451 bel·

58 2481 136 2543 lIcae
159 2483 323 2556 scientiam,
340 2481 426 2543 fidem
449 2486 538 2542 etiam
557 2500 624 2560 erga
644 2501 707 2557 vos,
725 2484 774 2544 be·

60 2575 325 2655 nevolentiamque
363 2578 451 2655 probe
487 2580 688 2655 perspexeris,
724 2595 774 2638 eos

62 2687 123 2731 non
147 2671 243 2730 solum
264 2674 389 2733 arctiore
411 2673 619 2746 familiaritate,
639 2675 775 2751 comique

58 2786 203 2831 sermone
221 2768 271 2828 tibi
286 2768 453 2842 devincias3
466 2767 516 2827 sed
529 2770 618 2828 etiam
636 2777 667 2829 ut
680 2788 776 2848 prom·

58 2866 184 2946 pliores,
202 2883 236 2926 ac
252 2866 452 2945 diligentiores
468 2868 587 2941 etlleias,
607 2885 658 2944 pro
674 2869 775 2946 cujus-

58 2982 123 3044 que
138 2965 262 3036 meritis,
284 2981 395 3041 proque
413 2970 531 3024 tuarum
550 2983 639 3044 opum
660 2969 774 3027 ratione

59 3062 189 3139 largiore
208 3060 407 3120 munificentia
426 3061 621 3137 prosequeris.
639 3059 722 3132 Nam,
742 3067 775 3121 ut

60 3157 212 3229 omittam,
230 3154 306 3232 quod
326 3155 437 3214 virtute
450 3156 580 3231 insigues
597 3155 774 3228 extollendo,

61 3267 116 3311 eos
138 3252 219 3330 Ipsos
240 3250 291 3309 trbi
324 3250 465 3309 obnoxios
499 3249 623 3309 reddes:
655 3251 776 3328 reliquls

63 3346 154 3406 etiam
177 3347 184 3418 f
199 3344 275 3422 quod
300 3359 355 3402 non
380 3360 483 3420 parurn
509 3343 701 3404 emolumenti
734 3346 775 3404 af·

63 3439 139 3514 fert)
162 3437 310 3516 quoddam
337 3437 422 3514 quasi
455 3437 551 3495 ealcar
581 3437 710 3515 adjicies,
745 3445 775 3498 et

60 3533 120 3594 boc
140 3532 277 3609 exemplo
297 3529 504 3590 confirmabis:
528 3538 560 3591 ut
580 3533 605 3592 si
637 3530 776 3593 beneme-

59 3626 157 3690 rendo
175 3626 239 3686 illos
256 3626 362 3685 imitari
381 3624 560 3700 studuerint,
579 3626 685 3686 similia
703 3645 774 3706 quo-

57 3741 121 3804 que
160 3739 283 3783 munera
316 3737 348 3780 so
379 3726 618 3797 consequuturos
654 3725 774 3785 minIme

58 3820 234 3895 desperent.
246 3818 304 3878 Nisi
322 3815 400 3875 enirn
414 3829 523 3889 majora
539 3815 671 3890 fortibus,
684 3836 773 3897 qnam

60 3912 182 3994 Ignavis
195 3911 334 3989 praemia,
353 3908 538 3988 honoresque
555 3921 774 3989 proponantur:

58 4004 314 4088 quemadmodum
337 4003 375 4064 illi
398 4021 517 4082 operam
540 4021 624 4064 suam
645 4022 701 4064 non
725 4023 775 4065 na·

57 4099 198 4175 vabunt3
221 4100 263 4158 sio
296 4098 325 4158 hi
358 4115 522 4176 numquam
554 4097 590 4157 ad
624 4096 773 4159 meliorem

62 4197 179 4273 frugem
214 4190 464 4252 emendabuntur.
500 4191 663 4251 Consuevit
695 4194 774 4252 enim

62 4287 265 4350 inertissimus
286 4286 427 4363 quisque,
449 4284 496 4345 ubi
521 4286 683 4361 praemium
717 4303 774 4345 non

61 4386 254 4458 assequatur,
276 4396 331 4439 suo
349 4381 442 4458 magis
461 4381 585 4456 ingenio,
601 4396 689 4456 quam
705 4382 777 4440 alie·

63 4477 112 4535 nis
133 4472 390 4533 exhortationibus
410 4473 624 4551 obtemperare.

104 4567 162 4630 Sed
191 4569 322 4646 profecto
353 4568 402 4644 qul
439 4567 576 4645 regendis
607 4568 776 4631 hominibus

64 4670 219 4742 praesunt,
242 4664 297 4722 nisi
320 4678 422 4721 eorum
445 4670 564 4739 peccata
582 4671 634 4724 ant
653 4664 774 4744 legibus,

63 4764 117 4818 aut
148 4757 294 4836 exemplis
324 4763 496 4827 coerceant,
526 4757 579 4816 bos
613 4776 667 4836 ego
697 4759 775 4836 apud

63 4854 177 4912 summi
203 4852 254 4912 [tei
282 4851 410 4912 tribunal
438 4851 595 4928 aliquando
628 4853 777 4930 negligen-

64 4948 123 5006 tiae
141 4960 212 5006 suaa
227 4946 370 5006 rationem
389 4943 554 5008 reddituros
570 4945 703 5008 arbitror.
722 4948 776 5009 Ile-

1474 214 1535 277 ota

821 333 878 394 que
900 317 978 376 enirn
997 317 1063 379 data
1086 325 1133 380 est
1159 319 1215 381 illis
1231 337 1248 380 a
1263 322 1323 380 Deo
1340 327 1482 401 potestas,
1502 329 1536 387 ut

822 410 899 471 diem
922 412 1127 491 voluptaribus
1147 423 1313 494 conterant,
1333 424 1387 479 aut
1407 418 1536 481 subditls

823 524 939 568 errores
954 507 1147 587 indulgeant3
1169 509 1220 570 sed
1240 518 1272 572 ut
1291 513 1414 590 populos
1431 530 1533 577 eorum

823 621 911 666 curae.
926 605 1198 665 commissosbonis
1218 606 1349 668 moribus
1368 609 1535 687 instituant,

824 697 910 758 etad
933 700 1053 760 virtutis
1076 701 1131 762 iter
1151 699 1288 778 dirigant,
1310 704 1338 762 in
1361 721 1454 783 quoa
1476 705 1537 785 plo·

825 795 924 872 risque
947 796 1137 873 parumpensi
1161 795 1296 857 babetur.

879 889 1050 960 Quinimmo
1085 891 1108 948 si
1145 891 1214 967 quis
1247 892 1356 950 terreni
1398 894 1540 973 principis

825 983 943 1043 decreta
970 985 1127 1061 spreverit,
1150 992 1202 1044 aut
1228 1003 1348 1064 quoque
1369 988 1457 1048 modo
1478 989 1539 1050 ino·

826 1078 949 1139 bediens
977 1080 1085 1147 luerit,
1107 1080 1209 1138 statim
1237 1079 1272 1140 ad
1301 1081 1469 1143 carnificem
1491 1100 1539 1145 ra·

825 1175 915 1252 pitur.
947 1173 977 1234 Si
1010 1174 1078 1251 quis
1112 1190 1182 1233 vero
1215 1181 1316 1235 contra
1343 1172 1539 1255 Omnipoten-

826 1269 864 1328 tis
890 1269 940 1327 Dei
969 1265 1072 1342 jussa,
1098 1274 1151 1327 aut
1182 1267 1337 1327 interdicto
1371 1267 1441 1330 ludo
1467 1270 1538 1331 alie·

826 1380 863 1423 na
895 1365 1043 1440 rapuerit,
1076 1368 1129 1422 aut
1160 1363 1304 1439 Ingenuus
1335 1363 1443 1424 liberos
1468 1381 1539 1424 con·

826 1457 1016 1534 stupraverit,
1047 1463 1100 1516 aut
1131 1457 1225 1515 Deum
1253 1463 1284 1516 et
1315 1458 1442 1518 Sanctus
1472 1457 1539 1537 ejus

827 1551 1028 1628 spurcissimis
1050 1549 1240 1628 blasphemiis
1262 1550 1455 1628 lacessiverit,
1485 1560 1538 1615 aut

826 1643 906 1705 aliud
930 1643 1105 1721 inexpiabile
1138 1645 1253 1705 facinus
1277 1644 1449 1722 admiserit3
1480 1664 1539 1709 non

827 1738 913 1799 modo
935 1755 992 1796 non
1015 1739 1168 1815 quaeritur
1188 1738 1223 1800 ad
1243 1757 1379 1816 paenam,
1397 1741 1448 1802 sed
1467 1743 1540 1821 ipsis

826 1850 945 1910 quoque
967 1833 1149 1910 principibus
1171 1833 1384 1913 arridentibus,
1402 1837 1486 1915 quasi
1508 1853 1540 1898 re

827 1927 901 1987 bene
922 1932 1006 2005 gesta
1025 1911 1159 1987 ‘inflatas
1181 1944 1233 2004 per
1264 1928 1364 1989 limina
1397 1930 1541 2008 potentio-

829 2038 907 2090 rum,
927 2026 957 2079 et
978 2021 1076 2098 populi
1102 2021 1300 2099 frequentiam
1322 2025 1444 2102 impune
1475 2041 1543 2085 ver·

828 2121 920 2175 satur.
942 2114 1003 2174 Non
1026 2113 1114 2174 debet
1135 2117 1236 2194 igitur,
1258 2118 1308 2195 qui
1336 2133 1368 2177 se
1395 2119 1540 2197 optimum

827 2210 937 2283 Ilegem
971 2208 1142 2285 profitetur,
1173 2213 1232 2288 pati
1271 2228 1378 2272 nomen
1418 2215 1542 2274 Divinae

829 2302 992 2379 llajestatis
1013 2304 1156 2363 conviciis
1181 2304 1324 2365 lacerante
1355 2305 1406 2366 sed
1429 2313 1462 2367 ut
1493 2305 1544 2368 de-

829 2395 920 2456 bitam
944 2413 1043 2456 rerum
1074 2398 1207 2457 omniurn
1240 2399 1371 2459 Creatori
1403 2414 1543 2461 reveren-

831 2491 900 2550 tiam
917 2497 1057 2567 praestet,
1074 2492 1256 2568 quicumque
1273 2493 1354 2552 illum
1371 2500 1423 2555 aut
1442 2493 1542 2568 verbo,

828 2591 881 2644 aut
902 2591 989 2661 gestu
1011 2583 1108 2661 aliquo
1131 2584 1241 2644 nefario
1267 2591 1413 2646 temerare
1446 2602 1542 2649 nusus

830 2680 928 2746 fuerit,
950 2678 1058 2739 talibus
1079 2678 1230 2757 suppliciis
1252 2681 1407 2748 allidatur,
1424 2688 1458 2741 ut
1473 2697 1541 2742 cae·

831 2774 904 2832 teris
920 2772 1090 2850 exemplam
1112 2789 1179 2833 esse
1201 2777 1303 2851 possit.
1330 2776 1403 2837 llam
1425 2775 1450 2834 si
1472 2774 1542 2835 data

829 2875 876 2928 est
896 2867 1025 2945 ltegibus
1047 2866 1182 2940 facultas,
1203 2874 1236 2928 ut
1250 2869 1312 2928 solo
1329 2869 1420 2930 verbo
1434 2870 1542 2948 flagitia

830 2964 1010 3043 probibendo
1041 2968 1159 3023 tanturn
1192 2961 1319 3022 subditis
1341 2961 1492 3042 prodesse,
1512 2969 1543 3023 et

829 3063 923 3122 Deurn
958 3058 1101 3119 bonorare
1131 3063 1262 3135 queaot;
1294 3059 1343 3135 qui
1371 3057 1425 3119 boo
1447 3058 1543 3118 facere

830 3155 1008 3232 neglexerit;
1036 3170 1096 3231 quo
1118 3158 1267 3232 protextu,
1288 3150 1435 3229 quibusve
1456 3153 1544 3212 ratio-

831 3248 918 3308 nibus
943 3264 1028 3307 suam
1055 3246 1210 3306 excusabit
1240 3240 1414 3305 incuriam?
1441 3244 1544 3307 Ludus

802 3353 804 3356 ⁴
831 3358 949 3422 quoque
970 3341 1080 3413 talaris,
1102 3346 1133 3399 et
1154 3342 1336 3418 quicumque
1357 3339 1389 3399 in
1414 3356 1447 3400 se
1479 3344 1543 3400 tnr-

831 3436 993 3514 pitudinem
1016 3435 1158 3508 continet,
1181 3432 1381 3511 probibendus
1402 3440 1459 3508 est,
1492 3450 1543 3493 ne·

830 3548 888 3609 que
911 3529 1001 3590 hoca
1029 3530 1158 3606 regentis
1188 3528 1283 3587 officio
1314 3528 1443 3588 alienum
1474 3543 1543 3588 esse

826 3624 961 3702 judices:
984 3641 1020 3683 ex
1044 3639 1078 3683 eo
1101 3639 1229 3699 namque
1252 3621 1334 3692 ludo,
1368 3638 1436 3683 curn
1470 3621 1541 3682 nihil

829 3721 894 3782 boni
919 3721 1082 3798 proveniat,
1103 3716 1178 3789 odia,
1205 3715 1341 3790 vulnera,
1372 3715 1480 3776 caedes
1510 3733 1542 3776 o·

829 3819 955 3885 riantur,
977 3821 1008 3873 et
1030 3814 1205 3891 plerumque
1233 3810 1378 3872 bonorum
1408 3811 1542 3871 omninm

829 3911 1014 3982 amissiones,
1035 3924 1110 3984 quas
1133 3924 1190 3967 non
1225 3908 1319 3984 inopia
1351 3906 1460 3982 solum,
1490 3904 1542 3966 sed

832 4008 919 4077 furta,
938 4003 1099 4072 latrocinia,
1115 4003 1246 4079 corporis
1263 4001 1497 4078 prostitutiones,
1513 4006 1545 4061 et

831 4099 924 4160 multa
946 4095 1150 4173 hujuseemodi
1174 4097 1281 4176 flagitia
1307 4102 1544 4175 consequuntur.

830 4193 913 4267 Quod
936 4193 960 4252 sl
983 4192 1117 4251 remissio
1140 4190 1237 4269 aliqua
1258 4193 1409 4252 continuis
1441 4188 1546 4251 lobori-

830 4289 886 4348 bus
908 4283 1121 4363 interponenda
1144 4292 1209 4361 est,
1232 4285 1318 4345 lusus
1343 4283 1419 4361 pilae
1444 4298 1461 4342 a
1493 4299 1544 4342 ve-

829 4381 943 4444 teribus
959 4381 1048 4438 etiam
1072 4396 1129 4440 non
1153 4378 1345 4458 improbatus,
1363 4376 1479 4446 calculi,
1498 4391 1545 4436 sa-

831 4475 956 4555 gittatio,
989 4471 1099 4547 discus,
1130 4471 1278 4550 jaculatIo,
1310 4471 1436 4547 aliaque,
1467 4484 1545 4546 qnae

833 4586 887 4629 nec
909 4568 1079 4629 illiberalem
1095 4566 1267 4627 aviditatem
1285 4564 1407 4643 praesefr
1420 4568 1501 4631 runt,
1514 4570 1546 4622 et

830 4662 988 4741 aliquando
1010 4662 1076 4722 usui
1097 4678 1164 4720 esse
1179 4666 1311 4738 possunt,
1327 4658 1363 4717 iis
1379 4656 1545 4719 concedan-

831 4764 888 4818 tur.
911 4757 1098 4828 Quinetiam
1122 4754 1193 4816 utile
1221 4769 1289 4813 esse
1315 4751 1441 4813 arbitror
1472 4751 1543 4812 sub·
1625 4830 1633 4843 .

829 4851 899 4913 ditis
920 4854 992 4931 ipsis
1013 4849 1207 4930 persuadere,
1229 4854 1263 4909 ut
1294 4845 1414 4926 aliquod
1445 4845 1544 4906 missi·

831 4950 913 5022 lium,
936 4947 1146 5008 balistarumve
1179 4960 1274 5024 genus
1301 4945 1435 5022 quisque·
1459 4938 1539 5001 dorni
