3368 5362
161 193 221 253 382

161 297 270 358 eliardi
290 294 430 375 Hampoli
448 296 600 365 versione,
621 301 675 354 aut
696 313 737 354 em
772 293 876 357 statiis

702 186 1025 248 atctlnhtrt‘s

933 293 961 351 in
984 294 1166 353 monasterio
1186 291 1429 371 Gippeswiceusi
1441 309 1458 351 a
1472 308 1563 370 puero
1578 292 1638 353 edu·

162 389 318 469 duplicis,
337 390 421 451 mado
438 389 586 449 licentiam
607 406 711 448 eorum
745 388 878 467 legenda·
932 392 1038 458 catus,
1057 384 1126 446 ibde
1144 385 1254 446 ibidem
1272 384 1444 445 monachus
1453 384 1572 444 Ordinis
1582 386 1640 446 Gar·

137 501 140 513 ·
163 504 232 546 rum
255 484 396 545 habeatis.
416 483 672 544 Videhuctarium
688 481 755 561 ejus
769 482 806 542 ad
817 485 878 544 lac.

163 583 275 642 Usserii
298 582 453 640 Historiam
476 576 673 655 dogmaticam
692 577 729 635 de
747 577 880 654 Scriptu-

163 678 204 733 ris
225 681 256 732 et
276 673 375 732 Sacris
402 671 578 732 vernaculis
613 689 638 748 p.
673 671 740 730 l28.
770 671 881 732 Exstat

161 775 261 828 autem
283 767 341 826 HS.
366 768 393 824 in
416 765 493 826 Bibl.
514 765 657 824 Vaticana
686 770 765 825 teste
791 766 880 826 Bern.

162 859 199 920 de
220 859 411 919 Montiaucon
435 859 508 919 Eibl.
530 856 783 919 bibliothecarum
799 861 880 923 MSS.

163 953 354 1033 ptumus
377 969 496 1030 quoque
525 951 595 1012 illud
631 950 780 1028 probabile
810 960 881 1027 est,

161 1047 240 1125 quod
263 1044 422 1107 Stimnlum
443 1045 638 1105 conscientiae
655 1047 759 1104 metris
779 1044 883 1125 Angli·

161 1142 205 1200 eis
222 1140 344 1200 edidit.>

79 1260 84 1268 ·
201 1234 316 1293 Evolve
337 1239 490 1310 praeterea
513 1236 604 1295 Henr.
626 1235 827 1295 Whartonum
853 1235 881 1292 in

161 1325 296 1406 Append.
319 1326 356 1386 ad
378 1327 513 1389 Caveum
537 1342 565 1406 p.
587 1330 634 1388 86.
659 1329 730 1389 Phil.
749 1329 881 1390 Elesium

162 1421 190 1478 ia
212 1421 433 1480 Encomiastico
461 1421 683 1499 Augustiuiana
715 1438 780 1500 pag.
814 1422 882 1481 602.

160 1513 339 1572 Gandoltum
353 1513 389 1572 de
400 1513 539 1575 ducentis
551 1517 798 1593 Augustianianis
810 1519 883 1576 scri-

161 1607 296 1685 ptoribus
318 1625 345 1684 p.
370 1608 438 1667 369.

200 1699 437 1776 HlCHhHDUS,
461 1702 615 1762 Hortensis
638 1702 819 1778 monachus,
835 1705 882 1764 Hi-

160 1809 291 1870 spanus‚
312 1792 433 1853 Ordinis
448 1796 671 1865 cisterciensis,
683 1797 803 1874 scripsit
816 1813 881 1857 car-

160 1889 240 1944 mine
268 1887 363 1946 Vitam
384 1890 413 1949 S.
436 1888 579 1962 llnrtini,
602 1888 690 1967 aulqo
706 1890 810 1950 Sancti
825 1893 880 1952 Sa·

160 1977 307 2054 cordatis,
329 1997 368 2039 en
389 1979 504 2040 Adhate
526 1983 667 2042 Hortensi
679 1983 818 2062 Episcopi
830 1986 880 2045 Se-

158 2071 278 2147 pantini
287 2117 294 2146 ‚
316 2090 407 2150 quam
430 2073 523 2133 edidit
544 2075 782 2151 Chrysostomus
804 2079 881 2136 Hen-

162 2165 266 2239 riquez
299 2166 327 2223 in
367 2167 520 2226 Fasciculo
551 2168 730 2228 Sanctorum
760 2169 881 2230 Ordinis

161 2257 372 2317 cisterciensis
394 2259 441 2318 lib.
474 2261 495 2320 l.
528 2260 661 2320 distinct.
691 2266 719 2322 7.
755 2278 819 2341 cap.
851 2264 880 2323 8.

162 2348 247 2410 Adde
270 2350 374 2428 hugeli
396 2354 550 2432 Hauriqua
572 2354 679 2416 huual.
702 2357 828 2418 Cisterc.
858 2366 879 2416 t.

164 2443 198 2502 H.
216 2461 242 2503 a.
264 2443 351 2504 tlat-
374 2462 437 2524 cap.
460 2447 488 2505 8.
508 2448 556 2507 ubi
576 2449 671 2510 multa
687 2467 726 2509 ex
745 2449 798 2510 hac
817 2459 877 2512 vita

159 2537 260 2596 refert.
289 2538 418 2616 Scripsit
450 2557 570 2618 quaque
607 2541 704 2602 Vitam
739 2543 880 2604 Hederici
907 2531 912 2541 ’

159 2627 385 2709 Arclu'episcapi
407 2631 539 2696 Toletani
557 2642 588 2694 et
604 2636 731 2696 fortasse
748 2637 873 2697 aliarum

935 479 1077 546 melitici,
1100 479 1233 540 Osoniae
1248 479 1346 538 literis
1364 478 1639 553 incubuit,ibidem·

934 589 994 650 quc
1017 573 1100 632 Doct.
1123 578 1155 631 et
1176 573 1331 634 Prolessor
1352 571 1548 650 Theologiae,
1576 589 1639 631 mar·

935 672 1007 726 tuus
1025 667 1053 723 in
1077 667 1140 741 ipso
1161 667 1270 726 aetatis
1289 665 1364 725 flore
1385 680 1414 724 a.
1434 663 1638 741 rastscnpsn

934 775 1078 836 perquam
1101 758 1218 831 multa,
1239 776 1278 819 ex
1299 758 1415 836 quibus
1428 757 1637 835 notatudignio

937 868 968 912 ra
986 851 1163 912 adferimus:
1176 848 1567 912 Determinatiaaesnodiles
1577 851 1637 912 dm

939 944 1008 1004 ncne
1032 950 1061 1004 et
1082 944 1208 1005 londini
1222 941 1347 1023 publice
1367 942 1464 1004 lectae
1492 961 1550 1023 pro
1581 941 1637 1002 Hira

941 1037 1162 1099 Revelationum
1184 1040 1214 1099 S.
1238 1037 1390 1116 Eripittue
1404 1036 1559 1110 ,Historia
1569 1036 1636 1096 mira

938 1133 1113 1210 llaparum,
1136 1129 1170 1191 de
1191 1120 1306 1209 origine
1329 1128 1523 1192 Carmelitr'ci
1538 1128 1635 1200 ardna,

939 1224 1151 1304 Compendium
1167 1223 1307 1284 Gualieri
1319 1221 1463 1296 Reclusi,
1480 1223 1635 1282 1444444444-

939 1319 1031 1381 tianes
1053 1325 1161 1380 contra
1195 1318 1362 1380 boldardus
1396 1323 1428 1378 et
1463 1316 1636 1398 bVicleffistm,

938 1419 1042 1474 contra
1072 1416 1217 1474 loannem
1249 1412 1436 1488 Purueum,
1470 1412 1501 1471 in
1532 1410 1636 1471 Etlimn

939 1507 1128 1583 Aristotelis,
1150 1507 1185 1568 de
1197 1506 1344 1568 distantia
1351 1506 1565 1585 planctatam,
1575 1507 1634 1566 Sun-

937 1599 1038 1662 mulae
1060 1599 1232 1679 sopientes,
1269 1599 1305 1660 de
1337 1598 1479 1680 fallacias
1512 1607 1560 1661 ete.
1587 1598 1634 1656 tide

937 1696 1077 1756 Halacum
1100 1698 1214 1756 (lentur
1237 1695 1298 1754 VH.
1325 1693 1573 1755 l.Lelandumc.
1587 1692 1631 1752 464.

935 1793 1067 1851 Pitseum
1089 1808 1116 1850 c.
1137 1791 1204 1849 666.
1226 1789 1434 1850 Trithemium
1453 1788 1492 1849 de
1508 1785 1629 1865 Scriptor‘r

935 1885 992 1944 bus
1013 1884 1083 1945 Ord.
1106 1885 1256 1946 Carmelit.
1281 1901 1308 1962 p.
1328 1883 1380 1943 73.

971 1977 1071 2038 *Non
1093 1979 1222 2038 alterum
1254 1993 1325 2037 esse
1360 1985 1438 2055 puto
1469 1995 1486 2038 a
1518 1970 1630 2036 Richards

936 2075 1047 2133 havian
1069 2072 1139 2133 Ord.
1171 2074 1203 2133 S.
1233 2074 1269 2132 H.
1303 2072 1343 2132 da
1376 2079 1484 2132 monte
1505 2069 1630 2133 Carmeia.

934 2167 1023 2226 cuius
1045 2169 1182 2244 logicam
1206 2174 1237 2225 et
1260 2165 1427 2242 Physicam
1462 2163 1520 2226 HS.
1540 2162 1630 2225 exhibet

935 2258 1000 2318 cod.
1023 2260 1081 2319 HS.
1105 2261 1228 2319 Latinus
1251 2257 1325 2318 Bibl.
1342 2258 1481 2318 Venetae
1499 2253 1629 2319 Silani·

967 2351 1194 2412 'HlCHAHDUS
1214 2349 1250 2411 de
1272 2352 1304 2412 S.
1337 2349 1525 2422 Laurentio,
1557 2346 1630 2409 Paeni-

936 2447 1095 2506 tentiurius
1115 2445 1393 2523 Rothomagensis,
1416 2446 1537 2523 scripsit
1554 2443 1631 2503 libmn

940 2535 977 2598 de
1008 2538 1124 2617 oriqine
1154 2555 1191 2597 ac
1222 2537 1299 2597 uiris
1331 2535 1511 2598 illustribus
1540 2533 1633 2598 Ordinis

941 2629 1160 2691 Cisterciensis.
1181 2633 1290 2692 Exstat
1311 2631 1380 2719 HS..
1400 2634 1431 2691 in
1455 2632 1577 2692 Flincnsi
1593 2629 1632 2684 rir-

158 2724 291 2781 virorum
316 2725 499 2800 illustrium,
524 2745 592 2787 nam
629 2724 748 2807 imagini
781 2732 876 2807 pictae
934 2727 1037 2801 ginum
1061 2724 1140 2803 apud
1162 2727 1298 2786 Duarum
1324 2721 1628 2802 monasterio,Leodtri

104 2850 108 2857 ι
160 2813 240 2875 illius
262 2817 291 2874 in
316 2818 504 2895 presbyteria
535 2821 688 2881 Ecclesiae
722 2823 878 2883 Hortensis

160 2908 273 2983 positae
296 2912 473 2989 inscriptum
496 2911 624 2990 legitur:
648 2913 796 2975 Hicardns
819 2933 879 2974 ma-

160 2999 275 3060 naclms
295 3008 469 3064 sanctornm
484 3004 644 3067 historicus
657 3008 869 3068 monachornm

160 3095 233 3154 Vide
255 3094 349 3156 Caroli
373 3096 410 3156 de
433 3099 533 3158 Visch.
557 3101 692 3160 Biblioth.
713 3104 837 3164 Cisterc.
851 3122 879 3182 p.

161 3189 455 3250 rathrannum
484 3193 557 3252 Eibl.
581 3191 748 3271 Hispanam
771 3198 835 3256 Vnt.
859 3205 879 3256 t.

203 3376 418 3439 HlCHAHDUS
439 3376 663 3455 Kedermisler,
681 3382 810 3461 Anglus,
827 3383 884 3442 hb-

160 3472 215 3532 bas
238 3471 548 3532 winchelcumbensis
568 3490 628 3534 sec.
651 3476 689 3534 X.
716 3476 884 3553 Registrum

160 3562 294 3624 coenobii
317 3564 613 3626 Winclrelcombensis
625 3566 788 3627 incredibili
807 3570 886 3629 labo·

161 3675 193 3715 re
211 3662 381 3732 contexuit,
394 3676 470 3737 opus
483 3661 570 3737 longe
582 3659 883 3737 desideratissimum,

162 3751 216 3811 sed
248 3753 327 3831 quod
357 3756 385 3812 in
414 3755 552 3814 incendio
575 3753 754 3815 londinensi
789 3758 886 3834 periit.

161 3845 292 3906 Thomas
313 3849 429 3906 Hearne
451 3848 543 3925 praei.
556 3846 591 3907 ad
607 3847 777 3907 Chronican
796 3850 885 3908 loan-

163 3938 211 3994 nis
231 3938 454 3999 Glastoniensis
476 3941 492 4018 g
517 3940 546 3998 6.

201 4030 415 4092 ElCHAHDUS
438 4031 621 4109 Kendalius,
655 4034 882 4093 Grammaticus

162 4120 279 4198 Anglus
312 4127 363 4199 qui
395 4141 514 4185 omnem
554 4134 684 4186 aetatem
719 4127 884 4186 formandis

44 4200 48 4208 ¹
101 4299 104 4303 y
162 4216 264 4294 pueris
285 4219 609 4290 consumsit‚claruit
630 4222 708 4281 circa
731 4239 758 4281 a.
793 4221 885 4281 4434.

162 4309 288 4385 Scripsit
303 4307 339 4367 de
351 4305 464 4383 lepidus
479 4313 752 4388 constructionum,
770 4312 805 4375 de
817 4331 885 4373 aer·

163 4400 269 4461 borum
291 4404 402 4461 ornatu
414 4397 431 4472 ,'
444 4401 480 4462 de
500 4406 706 4484 componendis
729 4406 883 4486 epistolis,

162 4496 197 4555 de
218 4496 376 4557 dictamine
395 4495 534 4575 prosaico
549 4504 577 4555 et
593 4500 724 4559 metrico.
740 4501 885 4578 AEquiua-

162 4606 266 4650 corum
288 4589 446 4670 exempla,
472 4589 582 4650 Versus
604 4591 814 4671 etthtlmas.
832 4597 885 4653 Ba·

163 4683 248 4743 lacus
269 4686 355 4745 Ceut.
378 4686 439 4745 Vll.
462 4683 510 4744 78.
533 4685 652 4744 Pitseus
672 4702 697 4744 c.
717 4686 785 4746 803·

204 4779 418 4840 HHIHAHDUS
431 4777 604 4858 ltiliinptan,
618 4777 685 4837 ride
699 4777 884 4856 Chillinptort.

203 4870 418 4930 HlCHhHHHS
441 4869 646 4951 lartinpham,
670 4869 885 4946 Summanu,

935 2818 1013 2896 apud
1031 2820 1061 2879 S.
1076 2818 1242 2890 lacobum,
1260 2819 1415 2880 Bruxellis
1432 2821 1462 2878 in
1481 2818 1572 2880 Rubra
1584 2813 1630 2872 Val-

937 2913 981 2987 le,
1004 2919 1035 2971 et
1055 2913 1134 2972 alibi.
1158 2915 1244 2972 Porro
1266 2928 1379 2971 nomen
1406 2911 1555 2973 Richardi
1570 2908 1598 2969 de
1612 2908 1634 2966 S.

936 3004 1099 3065 Laurentio
1122 3006 1255 3083 praefert
1276 3005 1360 3066 solus
1385 3004 1482 3066 codex
1506 3001 1637 3067 Emensis,

939 3087 987 3158 alii
1011 3117 1082 3159 vero
1104 3099 1246 3170 codices,
1268 3105 1424 3176 quotquot
1441 3098 1582 3159 hactenus
1595 3090 1636 3149 vidi

940 3194 1071 3253 auctoris
1093 3208 1201 3251 nomen
1225 3207 1283 3251 non
1302 3194 1495 3270 exprimunt.
1512 3187 1638 3252 uantur.

942 3284 1096 3345 Sanderus
1118 3287 1147 3344 in
1170 3284 1243 3345 Bibl.
1266 3285 1389 3362 Belgica
1415 3285 1605 3361 manuscripta
1620 3295 1638 3355 p.

940 3378 988 3440 ar.
1011 3367 1193 3439 artusinus
1214 3377 1289 3437 tiber
1303 3377 1348 3452 „ae
1365 3371 1637 3439 victorianensi.

944 3473 1114 3531 monasterii
1138 3472 1167 3531 S.
1190 3472 1307 3531 Hartini
1328 3472 1556 3544 Toraacensis,
1584 3470 1640 3526 teste

942 3564 1047 3625 eodem
1070 3563 1205 3625 Sandera
1227 3581 1254 3641 p.
1279 3562 1349 3624 447.

983 3658 1060 3717 Libri
1085 3655 1151 3717 xil.
1174 3656 1212 3717 de
1233 3654 1390 3717 laudibus
1413 3659 1447 3717 B.
1467 3657 1579 3719 Hacine
1595 3665 1640 3730 pm

943 3751 1065 3811 dierunt
1087 3751 1289 3811 Duaci‘l525.
1311 3750 1394 3827 apud
1425 3753 1471 3810 lo.
1494 3746 1640 3829 Bagardun·

944 3845 1028 3904 Hunc
1047 3844 1155 3904 librum
1176 3844 1250 3903 laiso
1264 3842 1456 3921 adjudicavit
1472 3842 1641 3905 Petmslanr

944 3939 1011 3997 nius
1023 3937 1148 3996 iliberto
1160 3938 1197 3995 H.
1209 3931 1260 4014 q'ui
1275 3936 1410 3996 eundem
1428 3940 1509 3997 inter
1522 3935 1582 4014 ejus
1592 3944 1643 4008 ope·

943 4048 975 4090 ra
998 4031 1088 4091 4654.
1112 4029 1205 4106 Lugd.
1232 4031 1402 4090 collacavit.
1430 4032 1517 4092 Cant.
1538 4023 1640 4102 Theoph-

941 4123 1128 4200 Haynaudus
1144 4125 1173 4182 in
1189 4123 1420 4184 Homenalatore
1435 4127 1572 4186 Mariano.
1586 4122 1640 4181 aas

941 4217 1078 4278 Olearius
1096 4219 1129 4276 H.
1145 4234 1211 4295 pag.
1228 4218 1294 4279 ess.
1311 4218 1402 4295 longe
1422 4211 1640 4297 [41444444ωο4-

944 4311 1036 4371 dinus
1059 4318 1131 4371 tom.
1155 4313 1204 4371 lH.
1226 4327 1291 4388 pag.
1315 4312 1383 4371 458.

981 4403 1198 4465 ElCHhHDUS
1216 4401 1390 4474 ledradus,
1405 4401 1547 4465 Hinarita'
1558 4397 1638 4464 Laudi·

943 4499 1064 4570 nensis,
1080 4516 1097 4558 a
1112 4500 1229 4558 loanne
1243 4497 1348 4572 XXH,
1359 4504 1487 4558 creatus
1501 4500 1640 4575 Episcopus

940 4591 1132 4658 Osoriensis,
1153 4591 1224 4650 obiit
1258 4589 1314 4650 ha.
1337 4584 1424 4651 taut.
1447 4591 1571 4670 Scripsit
1589 4581 1640 4662 tpi-

942 4682 1033 4743 stolas
1050 4683 1092 4742 ad
1111 4683 1283 4762 Pontifices,
1304 4685 1436 4763 Hymnus
1452 4684 1558 4744 diebus
1578 4677 1640 4740 testis

944 4780 972 4836 in
995 4779 1131 4838 Ecclesia
1153 4792 1208 4837 sua
1228 4778 1444 4838 decantandos.
1463 4768 1639 4838 Wara'cusde

943 4875 1078 4950 scriptor.
1096 4871 1252 4930 Hiberniae
1267 4879 1343 4952 part..
1359 4862 1387 4931 8.
1403 4878 1469 4952 pag.
1487 4871 1554 4930 tst.
1569 4863 1639 4927 Wad-
