3630 5422
514 210 577 272 DF.
610 210 894 274 PRINCIPIS
928 211 1176 274 osntctts
1534 217 1589 280 651

108 341 162 402 se;
181 322 382 403 (quodetiam
394 320 480 402 poulo
495 328 564 382 ante
579 319 770 397 dicebamus)
787 328 821 384 ut
914 323 973 384 lino
991 319 1096 380 modici
1117 336 1190 380 sane
1211 323 1309 400 operis
1329 328 1386 396 est,
1408 324 1447 386 ita
1470 328 1499 382 te
1516 339 1593 394 oum¹

105 419 272 484 omnibus.
292 419 342 498 qui
361 416 397 479 ad
418 424 448 477 te
465 423 676 489 accesserunt,
694 433 820 492 aurum,
875 415 1008 488 finitimis
1035 431 1149 492 gerere,
1171 422 1203 478 ut
1224 415 1261 476 ab
1283 415 1341 477 illis
1360 421 1491 480 ameris:
1522 434 1592 478 exn-

104 507 237 594 opesque
268 511 421 586 largiaris:
457 528 554 590 neque
591 512 670 572 enim
700 508 820 572 divitiae
874 511 956 572 riunt
976 510 1055 570 enim
1077 511 1198 572 crebrae
1219 512 1593 588 contentiones,aemula·

105 609 212 680 cresi,
232 611 284 668 aut
306 604 397 666 llidae
418 604 500 666 adid
526 605 600 664 satis
628 605 744 665 forent:
767 603 822 666 sed
876 604 1042 682 tionesque,
1056 620 1133 681 quae
1151 601 1338 666 concordiam
1351 603 1502 666 dirimant.
1518 605 1594 677 Quis

105 702 214 763 leniter
240 698 436 776 respondere,
471 697 615 776 hilarique
649 699 755 769 vultu,
789 708 820 762 et
875 706 975 760 tamen
996 697 1179 776 experientia
1206 695 1365 774 docemur,
1397 716 1465 761 cum
1498 701 1593 764 altem

104 792 229 856 blandis
264 792 383 868 uerbis,
416 792 644 870 affabilitateque
672 795 821 856 sermonis
875 807 944 870 pars
966 791 1048 862 nolit,
1070 789 1149 854 bend
1173 790 1256 852 iacile
1277 790 1353 861 dues
1373 795 1512 872 separari,
1531 811 1593 858 ma·v

105 904 355 966 unumquemque
393 885 443 946 tibi
476 883 649 965 adjungere,
684 885 740 950 hoc
774 894 821 950 est
875 884 972 958 nibus,
995 884 1180 964 pedibusque
1204 884 1246 964 (ut
1258 881 1353 961 ajunt]
1376 889 1448 947 eniti
1464 890 1594 968 quisque

105 982 186 1066 qnod
209 982 349 1044 omnibus
371 985 572 1058 praestarem
595 986 698 1059 potes,
720 988 750 1041 et
770 981 821 1043 de·

104 1080 177 1142 bes:
199 1093 289 1159 quem
313 1076 341 1136 io
364 1073 530 1135 redictum
552 1073 624 1134 illud
654 1075 710 1134 Titi
746 1075 820 1136 Cae·

103 1173 181 1234 saris
191 1167 411 1232 observandum
424 1169 489 1228 erit:
502 1166 568 1228 Non
577 1172 713 1248 oportere
721 1186 821 1248 qnem-

103 1281 197 1350 qunm
215 1281 235 1324 n
250 1279 383 1326 sermone
405 1260 556 1344 prirrcr‘pis
587 1261 702 1324 tristem
728 1262 821 1326 unca·

104 1360 185 1423 dero.

143 1452 227 1516 Ilaec
247 1457 349 1516 autem
371 1452 530 1515 verborum
551 1449 714 1512 liberalitas
735 1468 751 1512 a
770 1469 821 1530 pe·

103 1549 261 1612 cuniarum
294 1545 489 1610 beneficentia
522 1546 651 1605 maxime
682 1543 819 1621 differet;

106 1642 263 1722 quonism,
297 1647 329 1700 ut
366 1639 479 1700 crebris
507 1638 713 1716 largitionibus
747 1655 819 1718 opes

103 1735 347 1804 exhauriuntur,·
368 1733 407 1794 ita
423 1734 569 1794 sermonis
584 1731 744 1806 thesauris,
760 1750 820 1811 quo

104 1829 241 1910 pluribus
261 1826 459 1898 distribueris,
480 1843 514 1886 eo
536 1826 692 1895 beatiores,
723 1829 820 1906 cupio

103 1925 270 2001 sioresque,
290 1927 321 1982 et
341 1920 377 1982 ad
400 1919 475 1982 hene
510 1919 547 1981 de
570 1919 674 1982 multis
703 1938 820 1999 preme-

104 2017 233 2100 repdum
268 2017 431 2096 paratiores
463 2015 648 2077 redduntur:
682 2015 739 2078 hoc
771 2024 819 2078 est

107 2112 288 2174 mercimonii
303 2127 408 2190 genus,
423 2107 501 2188 quod
522 2125 575 2171 nec
594 2126 650 2172 usu
667 2111 818 2188 atteritur,

6 2203 7 2206 ’
111 2222 170 2268 nec
192 2207 280 2268 lassat
300 2211 505 2266 exercentem:
527 2203 579 2264 sed
601 2222 661 2283 quo
694 2204 819 2266 adluen-

6 2293 7 2316 ¹
110 2303 173 2363 tius
193 2307 338 2378 erogatur,
359 2315 395 2359 en
417 2300 509 2378 magis
530 2304 591 2360 tem
613 2297 706 2374 danti,
727 2315 818 2377 quarn

6 2389 8 2427 ³
105 2395 263 2474 accipienti
285 2391 415 2473 prodest.
443 2394 503 2454 Nec
530 2393 582 2453 tibi
613 2392 736 2454 dubium
759 2394 818 2469 sit,

106 2487 313 2551 Illustrissima
334 2487 492 2561 Elianora,
515 2505 638 2568 magnos
660 2489 818 2567 principes,

6 2579 9 2619 ³
106 2589 138 2642 et
155 2584 196 2644 tui
214 2582 328 2644 similes
358 2582 426 2661 plus
455 2582 552 2642 verbis
585 2599 818 2662 saepenumero,

107 2693 195 2756 quam
219 2677 392 2740 muneribus
418 2677 546 2738 efficere.
575 2678 608 2740 Iu
641 2676 696 2738 boc
726 2679 819 2756 igitur

105 2772 298 2852 benignitatis
319 2787 441 2849 genere,
461 2769 540 2849 quod
564 2772 592 2830 in
614 2772 743 2850 regendo
764 2775 818 2832 im-

104 2871 187 2948 perio
203 2884 260 2928 non
272 2873 455 2945 postremum
472 2866 569 2926 locum
583 2866 707 2941 obtinet,
723 2868 818 2947 quod-

104 2981 167 3044 que
188 2961 357 3024 uberrimus
379 2961 496 3023 tructus
515 2960 598 3022 brevi
620 2963 725 3037 atteri,
761 2981 819 3026 nou

104 3057 213 3132 dicam,
235 3063 264 3118 te
289 3071 439 3128 exercens,
462 3055 514 3116 sed
536 3072 675 3118 exercere
693 3075 818 3136 pergas:

6 3155 7 3160 ’
105 3169 176 3214 nam
203 3151 231 3212 id
262 3149 298 3211 ad
333 3156 362 3210 te
393 3166 510 3211 summa
543 3167 611 3212 cum
640 3148 819 3214 dexteritate

103 3245 253 3308 hactenus
274 3245 440 3306 factitatum
463 3260 550 3322 esse;
571 3262 609 3306 er
630 3261 690 3323 quo
724 3247 820 3308 masi·

6 3341 9 3360 ‘
104 3356 187 3402 mem
211 3339 394 3418 voluptatem
416 3338 518 3416 caepi;
540 3355 598 3400 nna
613 3340 747 3402 omnium
767 3357 819 3402 vn·

6 3431 9 3474 ³
104 3451 141 3498 ce
161 3432 197 3495 ad
222 3449 277 3496 nos
297 3432 445 3514 perlatum
463 3438 520 3493 est.

145 3528 227 3590 Inter
257 3526 306 3587 Illa
336 3542 416 3600 vero,
445 3541 522 3606 quae
554 3541 692 3605 magnam
726 3543 819 3606 regno

6 3623 10 3664 i
105 3630 160 3686 tun
179 3623 387 3684 auctoritatem
408 3638 511 3701 parere
533 3627 669 3700 possunt,
692 3619 747 3684 boc
768 3622 817 3686 vel

105 3719 300 3816 praecipuum
318 3714 485 3796 judicabis3
506 3718 531 3777 si
548 3717 658 3778 milites
672 3723 821 3796 quotquot

106 3816 205 3896 possis
225 3813 342 3874 alueris.
365 3814 460 3886 Nam,
486 3817 520 3874 ut
551 3814 707 3889 omittam,
740 3810 820 3891 quod

6 3915 7 3940 ¹
105 3907 252 3992 quidquid
271 3913 411 3988 sumptus
433 3908 461 3968 io
479 3923 513 3968 ea
531 3924 562 3967 re
578 3908 694 3976 leceris.
712 3907 739 3968 id
755 3925 820 3968 om-

6 4005 7 4018 *
107 4021 149 4066 ne
170 4003 199 4062 in
222 4010 340 4065 tuorum
366 4001 553 4064 subditorum
586 4003 744 4066 utilitatem
776 4020 821 4066 re

6 4097 7 4106 ³
105 4097 273 4175 dundabit;
309 4098 397 4158 etiam
430 4113 499 4159 com
536 4096 642 4158 adesse
679 4105 819 4172 armatos,

106 4193 218 4274 quibus
234 4199 437 4264 coerceantur,
452 4191 626 4270 intelligent,
644 4191 723 4253 dicto
740 4209 818 4254 sem·
841 4239 844 4246 .

106 4305 163 4368 per
177 4285 333 4349 audientes
351 4286 448 4365 populi
467 4292 566 4356 eruut,
585 4303 639 4348 nec
655 4289 723 4346 novi
739 4289 820 4366 quin·

108 4398 201 4464 quam
219 4380 388 4443 molientur.
403 4379 489 4459 Apud
506 4379 647 4442 finitimos
661 4399 741 4457 vero,
753 4399 820 4446 cae·

875 979 972 1054 debet,
1000 985 1034 1041 ut
1063 979 1173 1040 bonnm
1209 994 1243 1038 se
1276 979 1415 1054 vicinum¹
1439 991 1592 1061 praestet:

874 1073 941 1152 plus
962 1074 1041 1134 enim
1064 1071 1206 1151 prodesse
1228 1078 1342 1150 potest,
1374 1075 1425 1152 qui
1459 1080 1592 1156 proxime

874 1168 960 1230 adest
981 1183 1071 1246 qoem
1103 1167 1155 1243 qui
1187 1165 1299 1245 procul,
1329 1167 1419 1233 etiam
1449 1171 1474 1232 si
1506 1171 1592 1253 longe

875 1263 1024 1340 potentior
1045 1262 1094 1322 sit.
1117 1261 1156 1336 Et
1176 1261 1201 1321 si
1225 1277 1331 1322 verum
1348 1266 1527 1341 perscrutari
1543 1283 1593 1328 νο-Ι

874 1357 974 1431 limus,
996 1372 1105 1435 parvae
1126 1371 1235 1417 causae
1256 1362 1343 1431 sunt,
1360 1373 1437 1434 quas
1454 1357 1593 1426 finitimo·

874 1467 940 1514 rum
962 1450 1171 1511 contentiones
1192 1449 1328 1525 ‚excitare
1358 1461 1593 1526 consueverunt,

874 1543 972 1619 Quare
996 1543 1103 1605 melius
1124 1549 1172 1603 est
1193 1560 1408 1623 nonnunquam
1426 1546 1536 1628 aliquid
1554 1548 1592 1612 de

874 1654 929 1699 suo
948 1634 1015 1718 jure
1036 1636 1209 1714 concedere,
1231 1655 1320 1716 quarn
1343 1640 1372 1699 in
1391 1656 1527 1704 summae
1546 1661 1591 1706 re·

873 1749 940 1793 rum
962 1736 1114 1795 certamen
1135 1729 1328 1793 descendere.
1349 1732 1411 1794 Non
1432 1735 1512 1801 enim
1531 1739 1591 1799 Iru-

874 1834 935 1888 stra
957 1826 1108 1904 sapientes
1130 1823 1287 1900 habentur,
1305 1826 1356 1904 qui
1374 1827 1483 1906 aliquid
1501 1831 1591 1892 iuter·

873 1918 944 1982 dum
967 1921 1105 1980 antitiste
1126 1920 1245 1995 sciunt;
1267 1920 1336 1997 quia
1366 1921 1505 1989 videlicet
1535 1940 1591 1986 sua

872 2013 1029 2092 prudentia
1053 2012 1243 2090 intelligunt,
1276 2015 1332 2076 nisi
1362 2013 1417 2076 boc
1447 2016 1590 2096 iecerint,

874 2114 1020 2187 quantum
1039 2105 1151 2183 damni,
1170 2106 1408 2186 incommodiqne
1425 2126 1591 2190 consequa·

875 2208 932 2263 tur.
959 2201 1040 2264 Unde
1069 2219 1126 2262 nnn
1160 2201 1198 2262 ab
1227 2218 1259 2264 re
1290 2203 1402 2266 Caesar
1424 2205 1592 2284 angustus

875 2297 996 2357 minima
1017 2293 1182 2371 commoda,
1204 2314 1262 2358 non
1286 2299 1408 2362 minimo
1438 2309 1591 2376 sectantes

872 2390 1044 2452 discrimina
1062 2407 1234 2469 comparare
1256 2393 1370 2456 solebat
1390 2412 1481 2458 aureo
1501 2396 1591 2460 hamo

873 2484 1075 2563 piscantibus,
1096 2485 1184 2566 cuius
1204 2487 1321 2566 abrupti
1342 2487 1485 2552 damnum
1508 2493 1590 2560 nulia

872 2586 997 2660 captura
1019 2583 1136 2658 pensari
1159 2587 1269 2658 posset.
1288 2583 1349 2647 Nec
1366 2583 1439 2646 iliud
1454 2593 1588 2648 mntem·

875 2672 1006 2734 nendum
1019 2681 1075 2746 est,
1086 2673 1166 2753 quod
1178 2678 1466 2757 praeterquamquod
1481 2698 1498 2742 a
1514 2682 1590 2744 bono

876 2770 972 2830 vicino
995 2767 1069 2830 nibil
1089 2769 1156 2830 maii
1179 2773 1336 2849 provenit3
1357 2775 1489 2837 etiamid
1508 2793 1591 2839 asse-

875 2865 976 2940 queris
997 2869 1031 2926 ut
1051 2864 1141 2926 rubus
1162 2867 1222 2926 tuis
1242 2865 1379 2928 adversis
1398 2852 1531 2933 subitum
1546 2873 1589 2934 ai·

876 2959 989 3022 feratur
1008 2960 1163 3030 auxilium.
1184 2958 1252 3020 Sola
1271 2963 1351 3022 enim
1370 2964 1507 3029 rininitas
1525 2984 1591 3045 per·

875 3069 963 3132 saepe
986 3052 1012 3114 id
1044 3053 1149 3128 efficit,
1178 3052 1257 3132 quod
1283 3055 1362 3118 uuila
1395 3061 1589 3135 pecuniarum

875 3147 1034 3226 longinqua
1056 3149 1103 3206 vis
1124 3147 1301 3225 praestrbit;
1320 3154 1353 3211 ut
1370 3156 1495 3228 taceam,
1510 3155 1590 3232 quod

875 3258 952 3320 qnae
973 3240 1074 3321 procul
1102 3230 1234 3318 distant,
1266 3259 1298 3304 re
1331 3250 1499 3323 transacta,
1531 3249 1592 3312 lere

874 3335 959 3397 nobis
979 3335 1172 3414 opitulantur.
1194 3336 1296 3399 Danda
1314 3346 1370 3400 errt
1386 3341 1474 3418 igitur
1490 3358 1590 3421 opero,

876 3435 908 3494 ut
930 3430 954 3490 si
977 3446 1035 3492 non
1057 3446 1172 3504 omnes,
1194 3429 1336 3508 majorem
1363 3435 1469 3496 saltem
1502 3435 1592 3498 liniti·

875 3540 991 3586 urorum
1010 3529 1125 3603 partem
1142 3523 1193 3584 tibi
1211 3524 1372 3587 devincies.

912 3617 958 3680 ta
975 3617 1201 3702 tuendasetiarn
1219 3621 1353 3682 fortunas
1370 3629 1439 3696 tuas
1459 3625 1591 3690 maxime

875 3713 1022 3779 conducet
1043 3720 1104 3776 tam
1137 3714 1173 3778 ad
1205 3714 1400 3793 inferendam,
1431 3735 1523 3796 quam
1553 3719 1592 3798 ad

875 3809 1106 3890 propulsandam
1130 3808 1280 3887 injuriam,
1301 3812 1381 3874 omni
1408 3830 1517 3892 genere
1549 3822 1592 3880 ie·

876 3903 982 3976 lorum,
1003 3921 1228 3984 armorumque,
1246 3923 1301 3966 nen
1323 3924 1381 3970 nou
1402 3908 1591 3990 balistarum,

875 4005 906 4068 et
918 4006 1135 4062 tormentorum
1147 4000 1288 4064 reiertum
1304 4001 1412 4073 babere
1422 4020 1591 4070 armamen-

875 4095 994 4156 tarium.
1014 4093 1087 4156 Nam
1107 4111 1178 4156 cnm
1209 4112 1243 4158 ea
1277 4097 1439 4172 maximam
1468 4100 1594 4180 imperiq

874 4194 927 4250 tuo
946 4196 977 4249 et
992 4192 1212 4264 auctoritatem,
1227 4196 1257 4252 et
1275 4192 1400 4264 tutelam
1415 4194 1591 4276 praebeant3

875 4283 990 4346 nullum
1012 4291 1111 4344 tamen
1135 4301 1151 4345 a
1178 4291 1207 4343 te
1237 4293 1459 4361 commeatum,
1491 4290 1592 4366 nullos

873 4385 1014 4457 sumptus
1039 4379 1181 4456 exiguom
1211 4395 1341 4459 cumque
1370 4380 1516 4447 adversus
1546 4401 1592 4446 re·

109 4485 250 4554 terreque
267 4480 372 4552 gentes
387 4473 442 4536 ban
469 4477 533 4554 ipsa
559 4479 672 4537 ratione
699 4484 819 4540 tuarum
875 4474 1012 4554 pentinos
1027 4473 1176 4546 incursus,
1194 4474 1404 4552 tumultusque
1422 4477 1590 4556 intestinos,

108 4587 200 4651 opum
213 4570 393 4631 exlatimatio
403 4569 569 4648 augebitur.
580 4570 661 4644 Quae
673 4574 781 4648 omnia,
796 4575 820 4634 si
875 4571 962 4649 quasi
983 4569 1184 4632 certissimum
1207 4568 1389 4648 praesidium
1411 4569 1462 4630 thi
1481 4587 1590 4651 suppe-

110 4665 239 4728 militum
263 4663 408 4743 praesidia
436 4663 546 4739 desint,
572 4673 676 4727 contre
700 4668 821 4728 evenire
876 4664 981 4738 ditent,
1002 4665 1118 4724 etlamsi
1136 4667 1185 4743 qui
1201 4668 1271 4738 sint,
1288 4666 1338 4751 qui
1357 4663 1434 4725 mala
1450 4667 1589 4743 negitent,

108 4759 216 4822 solent.
235 4757 308 4820 Nam
329 4760 415 4820 sttui
431 4758 466 4820 ad
486 4761 644 4836 tumultus,
661 4759 821 4822 seditione·
875 4760 981 4822 Irarum
1003 4777 1102 4822 rerum
1125 4765 1238 4822 terrore
1257 4765 1453 4820 coercentur:
1485 4763 1592 4827 amicis

108 4871 187 4935 sque
203 4856 419 4918 contumaciter
434 4856 597 4936 insurgent,
616 4861 646 4918 et
661 4871 677 4916 a
695 4857 821 4918 caeteris
875 4871 957 4928 vern,
978 4855 1125 4933 sociisque
1148 4871 1205 4916 non
1229 4851 1406 4916 mediocrem
1428 4851 1536 4918 eadem
1556 4855 1589 4918 li·

109 4948 197 5014 iacile
212 4947 392 5030 despicieris.
876 4948 994 5014 duriam
1014 4947 1165 5016 exhibent.
1181 4949 1284 5026 ltaque
1301 4948 1324 5008 si
1343 4945 1414 5026 qn‘td
1432 4949 1505 5015 mibi
1520 4947 1591 5020 fidei
