3368 5362
181 208 241 270 32⁶2
799 206 1049 273 PROSPElt

180 322 290 395 centii,
313 319 480 381 Coninrcnt.
504 318 708 392 inPsalmos,
730 325 898 385 sententias
953 322 1009 379 tria
1038 321 1281 399 Epigrammata,
1312 326 1345 380 64
1378 320 1503 381 tandem
1537 321 1653 384 Monorat'

181 430 218 474 ex
232 412 899 491 1466664466.664664666664536.441384346
956 414 1151 474 Massiliensis
1173 415 1239 474 Vita
1261 411 1364 474 Hilarii
1400 414 1587 475 Arelatensis
1605 419 1656 494 Epi·

182 509 209 566 8.
232 506 347 566 addunt
365 506 454 565 libros
470 504 508 563 de
527 504 798 581 praedicationibus
815 509 901 571 6466
957 508 1037 584 scopi
1059 507 1097 567 ad
1118 507 1192 568 MSt.
1213 505 1343 567 Codices
1363 513 1395 567 et
1418 509 1595 586 insigniores
1612 510 1654 569 adi·

182 608 244 661 vita
265 598 510 676 contemplativa.
540 597 584 657 Jo.
617 600 749 660 Sotellus
778 602 903 663 Theolo·
957 599 1054 660 tiones
1075 603 1226 679 recognita
1249 602 1391 678 notisque
1415 600 1575 661 illustrata.

181 709 238 772 gus
262 693 474 764 Lovaniensis,
498 694 619 752 Lovanii
635 692 723 753 i565.
740 694 767 752 l.
789 695 903 756 addidit
999 690 1015 723 ³
1036 693 1137 751 Sancti
1160 693 1250 754 huius
1275 695 1332 751 6464
1355 696 1606 772 epigrammatum
1629 712 1655 769 61

181 786 348 865 Epistulam
380 783 544 863 Augustini
565 783 602 843 66
634 786 903 866 Semipelagianis,
958 784 989 844 S.
1010 783 1170 862 Augustini
1192 785 1275 846 libris
1296 793 1395 845 666466
1417 789 1572 864 6146466646
1599 787 1657 847 aodi-

182 880 265 939 libris
299 878 336 937 66
372 880 529 937 vocatione
560 880 716 955 gentium,
737 875 902 957 Epistulam
957 893 1024 936 cem
1047 879 1106 938 MS.
1126 879 1234 940 ollandi
1258 880 1287 938 in
1309 879 1501 940 Bibliotheca
1522 881 1589 940 olim
1616 884 1654 940 viri

181 974 218 1035 ad
239 971 482 1045 Demetriadem,
500 976 532 1030 et
554 972 692 1031 Canones
714 974 837 1032 Concilii
866 974 902 1034 11.
959 971 1073 1031 clariss.
1096 974 1245 1031 Francisci
1276 973 1313 1032 M.
1346 972 1516 1032 Florentiui
1539 975 1655 1050 scriptun

180 1067 365 1128 arausicani.
390 1066 422 1124 16
444 1065 575 1124 editione
597 1065 745 1125 Duaceosi
769 1066 855 1127 4677.
875 1069 903 1127 8.
960 1071 993 1123 61
1014 1082 1052 1125 ex
1074 1081 1146 1126 6646
1167 1069 1340 1127 6661664646
1363 1065 1468 1127 466466
1500 1083 1578 1127 saec.
1598 1068 1655 1127 xiil.

180 1177 258 1220 nova
281 1177 338 1219 nou
361 1166 576 1232 accesserunt,
598 1160 678 1219 sicut
707 1176 763 1218 nec
795 1163 823 1218 in
855 1178 904 1220 se·
959 1159 1014 1218 Est
1036 1177 1109 1219 6616
1137 1159 1208 1220 11166
1241 1161 1317 1219 66446
1348 1158 1516 1237 diligenter
1545 1168 1655 1222 6616466

180 1252 344 1330 quantibus
365 1252 467 1312 Colou.
492 1251 580 1312 4609.
613 1250 701 1311 4630.
730 1253 758 1310 8.
791 1253 902 1312 Romae
958 1251 1076 1330 fertque
1093 1252 1252 1313 adiunctas
1270 1251 1491 1323 adnotationes
1506 1253 1654 1331 644666666-

180 1347 268 1408 4644.
289 1345 382 1424 Lugd.
407 1347 495 1407 4639.
517 1346 564 1404 Ex
585 1344 762 1404 recensione
780 1346 823 1403 1ο.
841 1344 902 1404 014-
956 1346 1026 1405 dem
1053 1364 1111 1424 qua
1143 1354 1260 1407 caetera
1283 1364 1377 1408 manu
1402 1347 1572 1426 descriptas
1587 1351 1653 1407 46464·

179 1443 253 1501 66444
276 1441 305 1500 411
327 1440 401 1499 444111.
424 1440 478 1498 PPe
497 1437 668 1498 Coloniensi
688 1442 708 1495 4.
729 1436 803 1496 14111.
823 1439 899 1499 Cum
958 1439 1108 1515 lineares,
1131 1447 1166 1499 ut
1187 1448 1319 1514 vocant,
1342 1442 1437 1500 Porro
1473 1442 1504 1500 in
1525 1440 1570 1500 bis
1587 1457 1654 1500 auno

178 1533 318 1612 operibus
343 1535 451 1592 Leonis
475 1539 506 1591 et
528 1531 654 1591 aliorum
685 1547 738 1607 per
766 1530 899 1608 Theoph.
956 1537 1119 1596 tationibus
1140 1536 1236 1596 bonae
1258 1536 1356 1614 frugis
1391 1552 1494 1614 pauca
1524 1539 1571 1598 661
1595 1537 1653 1599 nulla

178 1627 399 1704 liaynaudum,
421 1627 511 1687 Paris.
545 1623 633 1685 4674.
656 1624 704 1685 lol.
727 1623 847 1702 Optima
868 1632 899 1684 ct
955 1636 1050 1690 sunt:
1072 1631 1219 1706 scriptum
1238 1627 1312 1689 illud
1332 1630 1476 1707 Prosperi
1495 1633 1653 1692 satisemcn

132 1783 156 1802 Ι,
179 1722 353 1799 plenissima
376 1720 435 1780 huc
457 1735 554 1796 usque
576 1718 633 1778 luit
654 1716 744 1777 editio
766 1718 899 1778 l'arisina
954 1721 1085 1797 datum,
1107 1724 1220 1783 644666
1247 1738 1426 1798 congruens
1458 1740 1530 1785 cum
1560 1724 1651 1802 optimis

180 1815 267 1876 4744.
289 1814 335 1873 lol.
358 1813 394 1874 ad
417 1813 542 1874 Codices
559 1812 781 1888 manuscriptos
795 1829 900 1873 rcoen⁴
956 1815 1199 1890 illiscodicrbus‚
1217 1832 1295 1893 quos
1319 1818 1488 1877 novissimi
1510 1835 1616 1895 operun
1631 1816 1653 1875 S.

177 1910 235 1966 sita
256 1915 286 1967 et
307 1906 550 1966 annotationibus
583 1905 741 1965 4116614646.
764 1906 792 1978 a)
825 1908 898 1965 lluic
953 1912 1087 1988 Prosperi
1104 1910 1235 1970 editores
1251 1911 1491 1973 consuluerunt.
1508 1914 1541 1972 16
1555 1913 1604 1973 nne
1616 1911 1651 1970 ab

176 2001 325 2061 accedunt
338 2000 493 2060 Confessio
510 2006 541 2058 et
558 1998 726 2058 Clironicon
747 1999 897 2074 Panopen,

178 2101 210 2153 64
230 2094 286 2153 6446
309 2093 457 2179 quaedum
479 2091 516 2152 66
534 2094 667 2152 notitiam
687 2090 899 2168 semipelagia-

178 2205 283 2248 norum
303 2188 452 2247 lacicntia.
464 2183 704 2261 Unumquodque
721 2200 798 2262 opus
813 2200 896 2259 6466-

177 2285 299 2343 missam
329 2281 419 2341 babet
451 2281 693 2340 observationem
723 2279 916 2354 6466646611,Ι

87 2359 92 2368 ’
178 2376 229 2436 666
253 2394 289 2434 nx
313 2374 502 2434 Tillemontio
524 2373 669 2450 petitam,
688 2368 776 2445 cujus
795 2377 895 2439 tantus

177 2472 255 2531 Xl'l.
277 2468 399 2528 demum
418 2483 497 2527 6666
518 2465 656 2541 sequenti
680 2462 808 2539 prodiit,
826 2461 897 2523 Edi·

177 2573 224 2624 tor
246 2565 334 2640 igitur
364 2578 434 2621 6666
457 2559 552 2619 666146
583 2565 653 2616 6646
675 2559 778 2633 466661.
792 2555 898 2615 editio·

178 2675 248 2716 nem
282 2656 449 2732 usurpavit.
482 2655 546 2712 Vita
579 2651 633 2727 ipsi
667 2650 832 2724 praemissa
857 2664 897 2709 ex

178 2750 283 2810 eodem
306 2748 495 2807 'tillemontio
518 2747 546 2802 iu
570 2742 708 2801 Latinum
724 2755 896 2801 sermonem

178 2858 330 2901 conversa
347 2848 405 2900 est.

217 2924 388 2993 Novissime
421 2932 598 3010 prodierunt
625 2928 804 2988 Sanctorum
829 2929 899 2987 Pro-

177 3031 256 3108 speri
289 3028 429 3105 Aquitani
462 3033 492 3085 et
527 3021 665 3083 lionorati
703 3020 899 3080 Massiliensis

177 3123 294 3201 06666,
312 3122 391 3180 66446
408 3108 729 3191 observationibusque
749 3113 898 3173 illustrata

175 3218 247 3278 aD.
278 3218 394 3276 666666
426 3213 563 3282 Salinas,
584 3207 788 3285 Neapolitano.
821 3205 896 3266 Can.

175 3314 246 3389 lleg.
269 3313 331 3370 Lat.
354 3323 389 3368 ac
410 3306 440 3367 S.
462 3303 563 3365 Theoi.
582 3305 662 3362 Lect.
678 3300 713 3360 ad
734 3301 764 3360 S.
784 3300 812 3359 P.
831 3299 897 3360 Cle-

177 3396 311 3464 mentem
333 3401 398 3463 1414.
422 3403 505 3459 Pont.
527 3399 603 3459 Max.
627 3396 735 3455 Romae
758 3392 845 3466 4734,
868 3393 896 3450 8.

176 3500 269 3557 466466
292 3495 414 3571 majore.
434 3491 491 3553 Sed
515 3507 589 3551 cave
609 3487 737 3560 credas,
759 3491 812 3546 aut
832 3502 897 3544 om·

179 3594 244 3664 nia,
266 3597 318 3652 aut
339 3597 421 3649 certe
442 3587 571 3664 genuina
589 3598 678 3659 opera
694 3581 829 3655 Prosperi
848 3579 896 3639 hic

177 3685 299 3759 haberi,
321 3698 428 3743 verum
451 3674 660 3739 tantummodo
675 3675 833 3749 sequentia
852 3673 915 3730 in-·

175 3785 258 3837 sunt.
288 3779 360 3836 Post
386 3773 605 3833 dedicationem
626 3775 657 3827 64
678 3766 894 3844 praelationem

175 3871 306 3929 occurrit
327 3870 393 3927 Vita
411 3865 546 3942 Prosperi
564 3880 600 3922 ex
617 3851 746 3920 editione
764 3859 897 3918 Parisiua

173 3976 242 4020 cum
271 3961 513 4020 annotationibus
541 3956 672 4018 Editoris
704 3969 762 4011 non
794 3957 896 4011 coute-

177 4052 336 4125 mncndis,
359 4055 469 4128 quippe
490 4053 540 4127 qui
563 4047 723 4110 Codicibus
745 4045 897 4104 Vaticanis

175 4160 236 4202 666
257 4144 416 4202 infeliciter
437 4160 511 4203 usus
532 4151 590 4202 est.
620 4141 764 4217 Sequitur
800 4137 897 4214 Syno-

174 4236 238 4314 psis
259 4234 470 4309 chronologica
491 4252 615 4310 operum
638 4250 672 4293 ac
687 4237 840 4308 gestorum
862 4225 893 4290 S.

173 4330 309 4406 Prosperi
331 4328 491 4403 Aquitani,
510 4329 643 4405 Prosperi
662 4333 692 4384 64
707 4324 807 4384 41416444
825 4323 894 4400 Epi·

174 4424 269 4483 stolae
291 4421 329 4482 ad
347 4420 579 4495 augustinum,
602 4419 736 4496 Prosperi
763 4416 892 4478 Carmen

953 2022 1029 2082 sque
1051 2021 1129 2065 novo
1150 2004 1238 2064 titulo
1260 2003 1354 2065 habet
1376 2008 1536 2085 integrum
1558 2020 1649 2069 664641

953 2099 988 2158 66
1012 2116 1155 2171 6464616,
1179 2114 1237 2157 666
1264 2115 1301 2158 66
1334 2095 1552 2160 466164616οά6
1571 2104 1648 2178 parte,

952 2208 1030 2269 quae
1051 2194 1260 2252 anacreontica
1280 2197 1351 2265 est,
1374 2191 1432 2251 sed
1464 2199 1499 2252 et
1515 2193 1600 2253 altera
1615 2205 1649 2267 pe

951 2289 1044 2363 riter,
1078 2301 1155 2363 qnae
1186 2285 1319 2363 elegiaco
1353 2288 1496 2365 carmine
1530 2287 1648 2348 scribitur.

951 2379 1028 2442 Nihil
1050 2380 1196 2439 ineditum
1228 2381 1257 2437 in
1289 2394 1327 2437 6ο
1357 2379 1436 2439 164114
1469 2382 1592 2442 occurrit
1607 2377 1646 2436 nisi

952 2489 1046 2552 pauca
1075 2472 1150 2531 haec
1180 2472 1337 2546 carmina,
1377 2491 1460 2550 quae
1495 2478 1524 2535 in
1553 2470 1646 2534 exordio

951 2569 1202 2644 epigrammatum
1238 2565 1275 2624 ab
1306 2564 1366 2624 alio
1394 2569 1540 2646 quopiam
1561 2566 1648 2627 adiecta

952 2666 1079 2734 constat,
1097 2659 1145 2718 hic
1164 2674 1235 2718 vcro
1255 2675 1328 2719 cum
1354 2659 1464 2720 nullibi
1485 2660 1569 2722 obvia
1585 2662 1647 2726 suot,

953 2751 1051 2812 danda
1073 2768 1191 2812 censeo.

966 2888 1036 2934 11166
1054 2887 1189 2946 Augustini
1208 2888 1286 2935 sacris
1302 2889 1494 2950 epigrammata
1508 2888 1579 2941 dictis

962 2961 1099 3011 1161644666
1116 2960 1202 3010 rethor
1219 2974 1376 3024 componens
1393 2967 1522 3015 66616166.
1535 2966 1624 3024 mett

964 3037 1082 3087 versibus
1100 3037 1252 3086 hexametris
1269 3032 1391 3098 depinxit
1411 3042 1630 3101 pentametrique,

962 3112 1077 3162 Floribus
1093 3124 1122 3162 es
1139 3113 1218 3161 sartis
1234 3124 1282 3162 ceu
1296 3111 1379 3174 461664
1397 3127 1465 3167 ussa
1480 3125 1587 3173 cornum

962 3189 1029 3237 Unde
1045 3198 1092 3248 ego
1109 3193 1134 3235 46
1149 3186 1229 3236 lector
1244 3187 1337 3248 relegis
1354 3191 1403 3248 qul
1421 3188 1487 3239 huss
1505 3187 1646 3245 salumn·

962 3264 1075 3308 16466466
1094 3258 1216 3309 6641141646
1233 3260 1303 3309 souis
1320 3261 1483 3313 caelestibus
1499 3274 1584 3319 aurem

962 3338 1021 3385 istic
1039 3347 1097 3383 6616
1115 3336 1230 3384 16466464
1246 3336 1385 3396 culmum,
1406 3339 1430 3386 sl
1448 3347 1513 3388 curs
1528 3334 1641 3385 66446614.

961 3413 1069 3460 Masinis
1086 3421 1152 3471 quse
1169 3399 1277 3459 6666464
1295 3421 1389 3460 sacrae
1403 3405 1634 3464 6166611161611641

960 3486 1103 3536 0111644146
1121 3484 1237 3534 homines
1254 3483 1291 3533 461
1309 3483 1380 3546 quod
1397 3486 1450 3536 sibl
1467 3488 1574 3537 maxine
1586 3483 1649 3532 444666

960 3564 984 3610 st
1003 3560 1104 3610 demum
1122 3560 1186 3611 cosli
1203 3563 1312 3622 cupiunt
1330 3562 1377 3620 qut
1397 3562 1524 3611 scandere
1538 3565 1629 3621 rum

990 3675 1176 3748 PROSPER,
1200 3674 1338 3747 Notarius
1371 3676 1408 3733 B.
1443 3676 1553 3735 Leonis
1578 3672 1646 3745 Pulsi

950 3778 980 3828 et
1001 3770 1168 3847 Episcopus
1202 3764 1401 3846 Hispalensis.
1435 3766 1515 3845 Ejus
1534 3773 1577 3827 ast
1593 3756 1646 3821 4646

949 3861 1173 3942 responsionum
1190 3846 1400 3936 6661666646,
1424 3878 1507 3940 quoe
1525 3858 1558 3920 de
1573 3856 1644 3917 nen·

950 3954 1015 4015 ensi
1030 3953 1150 4014 civitate
1166 3957 1239 4013 66114
1252 3950 1367 4023 misso,
1386 3954 1462 4013 MS.
1474 3955 1505 4014 in
1522 3951 1588 4012 ltibl.
1599 3946 1644 4007 Cla

949 4047 1120 4108 revallensi.
1143 4050 1232 4106 Bern.
1256 4044 1293 4104 de
1315 4038 1642 4108 41664466666144411.44

949 4140 1162 4202 bliothecarum
1182 4139 1269 4200 MSS..
1284 4153 1352 4215 pag.
1376 4139 1470 4201 4367.

984 4233 1173 4295 PROSPEiil·
1188 4227 1319 4311 Hispani
1334 4229 1412 4291 liber
1429 4231 1467 4292 de
1483 4223 1640 4314 [66466141

947 4328 1001 4387 ctis
1018 4328 1048 4387 S.
1066 4324 1229 4403 Anpustirn'
1243 4323 1301 4384 MS.
1327 4326 1356 4383 iu
1380 4325 1458 4385 Bibl.
1478 4324 1638 4386 amundus
1662 4370 1665 4376 ·

947 4419 1168 4480 Mediolanensi.
1191 4414 1382 4476 Montiaucon
1407 4417 1426 4477 1.
1449 4436 1478 4480 6.
1500 4434 1529 4496 6.
1548 4416 1604 4479 stt

173 4518 210 4577 66
232 4516 357 4594 ingratis
373 4528 444 4573 curn
463 4516 565 4571 annot.
579 4519 644 4570 tum
661 4509 807 4587 propriis,
826 4514 891 4567 tum
988 4513 1156 4575 1110541414
1177 4507 1333 4570 Pedianus
1353 4513 1482 4590 scripsit
1497 4502 1638 4573 (1646444441

173 4611 309 4670 [lectoris
331 4605 526 4668 lovaniensis
548 4609 579 4662 et
598 4601 731 4662 Editoris
752 4601 893 4675 Parisini‚
947 4608 1034 4685 repsi
1062 4603 1156 4686 Cypri
1182 4595 1636 4666 (166166646661.1155,1611444.

214 4872 239 4929 a)
260 4874 367 4923 1664661
385 4873 427 4920 des
446 4876 538 4921 sursus
559 4869 626 4917 1741.
656 4883 680 4931 p.
699 4871 752 4919 484.
776 4867 897 4919 1166466

173 4947 283 4993 1464661
304 4946 361 4996 4715
384 4961 408 5006 p.
428 4946 571 4997 48461646
587 4944 663 4993 6666.
684 4943 754 4994 liin.
785 4956 809 5004 p.
835 4942 891 4990 sia.

990 4874 1117 4924 4166446116
1134 4878 1192 4922 acts
1209 4872 1285 4921 Erud.
1303 4877 1364 4919 tutu.
1385 4872 1405 4917 l.
1422 4883 1448 4931 p.
1465 4870 1520 4917 illiti.
1573 4936 1580 4949 ἱ
