3568 5414
667 171 954 236 Nicotaus
1183 231 1188 242 „
1498 176 1557 241 100

127 283 294 354 44604408
325 277 481 360 1144449441,
516 277 684 354 Waddiogo
718 297 785 358 pag.
838 279 916 341 duos
938 279 976 340 de
997 279 1076 340 balta
1097 280 1244 342 lletrnsco
1265 281 1343 341 inter
1365 281 1504 344 Ceratum
1525 284 1559 342 V.

98 379 301 458 4446444444,
317 373 389 436 Ord.
407 375 512 434 btioor.
526 373 784 434 Ρ4441441411464-
838 373 914 452 lmp.
936 380 968 432 et
989 373 1150 433 ilenricum
1173 372 1208 432 11.
1232 380 1378 434 memorat
1409 373 1560 436 Arnoldus

99 479 194 539 troctas
211 468 383 546 bothomsgi
400 465 436 529 Α.
451 467 539 528 teos.
558 468 677 538 Praeter
698 465 779 526 Gem·
836 469 922 528 Wion
944 469 1051 527 tamt
1079 467 1149 544 ligni
1172 467 1257 526 Vitae
1279 484 1308 544 p.
1330 465 1397 529 443.

96 561 395 648 muproedicaatium
412 559 509 620 4411444
524 559 626 634 tibris,
643 556 782 637 oedifica-
876 557 1066 622 NICOLAUS
1086 555 1267 632 Borbelluo,
1288 561 1354 620 sive
1375 558 1411 620 de
1433 557 1562 622 Orbellis

98 660 169 734 ario,
197 653 391 718 destmectorio
418 659 449 714 et
475 649 684 731 reparatoria:
713 649 803 712 sive'
836 649 1065 730 andegavensis
1082 653 1274 730 provinciae,
1291 653 1477 713 Turonensis
1494 653 1563 714 Gal·

95 744 711 828 444444444444414414444,4445444441,
728 746 783 804 Ba·
836 745 905 822 lus,
926 744 997 805 0rd.
1032 745 1136 806 btioor.
1168 739 1359 824 theologiam
1394 744 1496 807 docuit
1525 749 1560 820 ia

95 847 180 915 411444,
207 841 409 921 argentinae,
444 839 565 900 Parisiis
600 842 631 896 et
665 838 781 898 Brixiae
836 835 1001 916 Gymnasiis
1028 839 1218 898 Pictaviensi.
1246 839 1289 898 De
1311 838 1360 900 illo
1382 841 1562 918 Pergamen-

93 939 183 1010 oditos,
205 937 324 1014 scripsit
344 929 502 1013 spaniam
523 927 694 993 mortalium
715 933 781 990 sive
836 932 879 990 sis
911 929 948 991 ad
981 929 1017 994 Α.
1052 931 1141 993 4454.
1174 929 1358 990 Tritbemius
1387 947 1451 1008 cap.
1491 933 1560 994 815.

93 1027 457 1108 64444444444414414414,
476 1025 566 1084 Paris.
587 1023 783 1083 454844114-
837 1023 1024 1102 Waddingas
1058 1041 1123 1102 pag.
1157 1023 1229 1084 268.
1252 1023 1289 1082 11.
1314 1023 1501 1085 4444444444
1522 1023 1560 1084 46

90 1121 234 1185 mitterem
258 1115 487 1198 Tlreoleporum,
509 1117 575 1179 sive
597 1115 781 1177 Commenta-
836 1117 992 1191 Caveum,
1025 1123 1056 1178 et
1082 1115 1223 1178 Oadinns
1246 1123 1317 1176 tom.
1340 1118 1357 1176 3
1380 1133 1447 1194 pag.
1468 1115 1558 1180 0546.

91 1215 154 1276 riou
165 1214 193 1274 ia
204 1215 250 1274 17.
267 1210 362 1273 libros
375 1207 596 1272 8444144ιί44444
606 1207 780 1286 Rathomag.
834 1210 961 1289 Scripsit
979 1210 1010 1270 in
1026 1211 1073 1271 tV.
1092 1206 1187 1272 libros
1203 1207 1419 1270 sententiarum
1435 1225 1472 1268 ex
1491 1225 1561 1270 seo·

89 1309 219 1369 44144444
239 1306 328 1368 less
350 1301 440 1366 4574.
835 1305 929 1364 tentia
950 1304 1083 1364 loannes
1107 1304 1210 1378 Secti,
1232 1304 1389 1380 haganoae
1421 1302 1508 1365 4503.
1529 1300 1559 1362 la.

117 1398 289 1462 dlCOthS
307 1394 611 1468 Dmsis,=Germanns
633 1392 703 1453 Ord.
726 1395 780 1454 Be·
834 1395 924 1456 Paris.
946 1397 1035 1458 4544.
1065 1394 1155 1457 4517.
1188 1396 1216 1455 8.
1250 1393 1339 1457 taso.
1366 1395 1396 1454 8.
1418 1393 1557 1472 apicum

88 1490 131 1552 ned
146 1491 305 1554 nonasterii
324 1485 778 1560 4414444484141444444444414,
832 1486 1001 1548 secundm
1017 1486 1149 1548 eundem
1167 1488 1311 1560 Scotum,
1336 1488 1460 1548 Parmae
1479 1487 1557 1548 4483

87 1583 201 1645 laudatos
218 1581 384 1644 Tritbemio
405 1597 469 1660 cap
491 1580 560 1642 836.
583 1579 622 1640 de
642 1579 675 1639 S.
694 1577 729 1638 E.
747 1583 779 1637 44
832 1588 863 1640 44
884 1579 915 1638 ie
934 1578 1121 1640 summulam
1143 1578 1229 1640 Patri
1241 1578 1371 1658 Hispani
1386 1580 1478 1641 libros
1496 1582 1558 1640 Vll.

86 1677 170 1739 114444.
191 1675 374 1738 3444614414.
395 1675 432 1736 11.
452 1675 520 1736 443.
541 1681 573 1732 44
595 1690 624 1732 m
651 1672 778 1736 lamina·
831 1671 936 1732 least.
960 1673 1047 1733 4546.
1070 1672 1097 1731 4.
1120 1673 1361 1734 Commentarios
1390 1671 1421 1732 in
1441 1671 1559 1732 Aristo-

86 1767 149 1830 41444
164 1769 339 1830 Germaniae
360 1784 425 1848 cap.
443 1767 512 1829 406.
527 1783 587 1844 quo
604 1771 684 1824 44444
704 1763 779 1823 emi·
833 1763 898 1826 telis
918 1764 1066 1841 Physica,
1089 1765 1313 1842 metaphysica,
1334 1763 1440 1826 Etbica
1468 1772 1500 1824 44
1521 1764 1559 1824 64

84 1861 114 1920 414
139 1877 207 1938 apos
241 1860 415 1924 mirandum
447 1859 480 1920 ia
512 1853 778 1937 cosmographiam
832 1859 950 1918 anima:
980 1859 1068 1919 144411.
1106 1859 1195 1918 4503.
1232 1872 1289 1920 444
1323 1872 1393 1916 cum
1427 1855 1559 1918 tibrada

85 1953 223 2015 Ptolomaei
244 1971 317 2016 cum
339 1954 465 2032 picturis
494 1954 640 2029 navisque
666 1949 777 2011 tabulis
830 1949 956 2010 44144414
985 1948 1213 2022 ballematica,
1246 1950 1298 2026 qui
1331 1948 1482 2027 prodierat
1503 1952 1559 2010 Bo-

81 2046 280 2124 etsgantisstme
307 2044 453 2106 ordinatis
483 2050 515 2108 44
529 2033 532 2036 ’
547 2042 776 2120 diligentissime
833 2060 903 2113 non.
925 2041 1012 2106 4483.
1030 2045 1187 2106 Sermones
1202 2044 1231 2112 in
1249 2043 1402 2120 Epistulas
1423 2042 1560 2113 Quadra-

82 2142 198 2200 mactis
210 2139 344 2201 dicatum
361 2136 451 2199 Paulo
464 2137 501 2196 14·
514 2136 667 2209 Pontifici,
684 2151 775 2211 qoem
831 2137 992 2215 gesimales
1012 2137 1038 2214 a)
1059 2134 1153 2215 bugd.
1177 2137 1264 2198 1194.

82 2237 177 2294 constan
193 2248 299 2293 mense
316 2229 394 2292 14114
411 2229 445 2292 Α.
464 2228 553 2308 4174.
567 2229 658 2290 441444
673 2227 778 2288 homa
857 2227 1062 2294 ,1416041148
1076 2225 1394 2304 Derbiainlra,Nicol.
1407 2225 1554 2288 barsam.

83 2323 117 2381 nis
131 2324 314 2386 valedixisse.
333 2323 414 2385 ldrm
431 2338 508 2400 opus
524 2329 643 2400 praeter
662 2320 778 2380 Trithe-
871 2320 1061 2382 NlCOLAUS
1071 2321 1234 2382 4144444444
1249 2321 1366 2398 Aagtns
1379 2319 1556 2381 0444444444-

80 2415 152 2476 niam
165 2411 775 2478 1446444144411144141414444441444446
830 2414 891 2488 aaa,
917 2414 990 2475 Ord.
1023 2414 1135 2475 Bened.
1166 2415 1402 2490 614414444414,
1427 2416 1555 2492 scriptor

80 2507 228 2570 ledonenm
247 2508 436 2571 Urbioatium
452 2509 584 2568 Ducem:
605 2519 776 2571 memorans
834 2505 914 2568 Vitae
943 2510 975 2568 8.
1009 2505 1133 2566 Godriei
1158 2507 1328 2583 Eremitae,
1361 2523 1452 2585 quarn
1481 2509 1555 2568 tiat-

78 2615 175 2678 qoaqas
193 2603 220 2677 al
242 2599 403 2662 1144441444·
421 2597 641 2678 Berliuplrerii,
662 2599 773 2661 Nicolai
832 2599 942 2662 thaeus
963 2601 1045 2661 Paris
1066 2605 1198 2660 notatas
1211 2598 1328 2662 Godrici
1349 2591 1491 2660 dictantis
1501 2615 1552 2659 ors

79 2692 102 2750 P.
114 2693 368 2774 cosmographiam
383 2710 452 2756 cum
468 2693 601 2756 universi
616 2692 704 2752 Orbis
718 2698 779 2752 ter·
833 2709 903 2754 eom
926 2693 1096 2770 excepisse.
1119 2693 1229 2754 Exstat
1249 2696 1310 2754 vita
1333 2693 1406 2754 haec
1419 2695 1447 2752 14
1461 2693 1553 2754 444114

78 2788 124 2844 reni
143 2785 234 2865 dgara
256 2787 389 2848 oblatam
411 2786 509 2848 eidem
531 2785 605 2848 Daci
627 2784 777 2846 Federicn.
832 2782 957 2863 dngtias
977 2785 1174 2848 bibliothecis
1190 2793 1225 2848 44
1238 2789 1355 2848 notavit
1374 2785 1551 2848 04614444.

78 2875 169 2939 bonati
188 2896 266 2960 opus
283 2896 322 2940 44
340 2881 421 2957 typis
441 2878 557 2940 editum
580 2881 639 2953 444,
659 2877 778 2939 64441444
830 2877 850 2938 4
871 2894 901 2955 p.
924 2877 1013 2940 4503.
1036 2879 1079 2939 De
1099 2878 1227 2940 Godricn
1246 2879 1315 2943 vide
1336 2896 1427 2958 snpra
1446 2886 1467 2938 4.
1487 2881 1505 2939 3
1523 2896 1551 2956 p.

78 2967 179 3032 torsias
198 2972 236 3033 de
258 2971 457 3050 scriptoribus
476 2970 617 3032 blatbsm.
638 2987 702 3049 cap.
725 2969 774 3032 70.
832 2970 879 3030 68.
904 2970 954 3031 obi
976 2973 1078 3032 notavi
1094 2971 1173 3034 diem
1190 2971 1300 3034 obiisse
1314 2972 1396 3035 Α.6.
1410 2973 1498 3034 4174.
1511 2974 1553 3034 De

77 3059 97 3137 4.
109 3064 150 3123 41.
164 3082 230 3144 pag.
252 3065 320 3126 443.
340 3063 402 3134 846,
417 3080 475 3126 444
494 3062 692 3126 dubitandum
707 3079 775 3124 esse
831 3063 888 3124 4114
909 3062 1046 3139 ejusdem
1062 3066 1124 3124 vita
1136 3067 1282 3143 scriptae
1303 3065 1495 3127 6444141140
1517 3071 1551 3126 44

75 3150 144 3216 locet
163 3159 370 3238 Benghemios
391 3174 420 3234 p.
443 3157 511 3219 441.
533 3156 671 3217 incurab.
692 3161 778 3234 typo·
832 3155 861 3216 in
876 3155 962 3216 Actis
977 3156 1114 3218 8444444.
1125 3158 1174 3218 st.
1190 3155 1256 3235 1144.
1274 3157 1440 3220 4614414416.
1458 3175 1486 3236 p.
1501 3158 1551 3219 28.

75 3249 157 3326 areph.
176 3252 228 3313 abi
251 3255 438 3312 memorator
457 3252 550 3310 etism
572 3249 680 3310 Nicolai
701 3249 776 3310 Ger-
869 3247 1059 3310 NlCOdeS
1079 3248 1240 3324 Barbam,
1262 3253 1328 3311 sire
1350 3259 1384 3314 at
1400 3250 1479 3329 apud
1499 3252 1552 3310 Le·

75 3339 137 3400 nani
164 3347 317 3406 1444141444
348 3340 384 3404 de
415 3341 488 3404 locis
517 3359 554 3404 aa
583 3339 775 3416 mirabilibus
829 3338 953 3400 landam
974 3357 1039 3418 cap.
1063 3341 1131 3402 106.
1148 3341 1328 3418 Duronius,
1348 3345 1486 3406 Dunetmi
1512 3345 1552 3402 si·

75 3427 259 3498 1444414444
287 3434 730 3514 ejusPtelcmae031audatus
756 3435 774 3494 4
829 3447 867 3492 ve
889 3431 1033 3493 Darhami
1054 3439 1165 3508 natus,-
1199 3435 1362 3496 Trilhemin
1393 3453 1459 3514 cap.
1481 3435 1550 3496 633.

76 3521 219 3588 trithemio
247 3535 343 3605 atque
363 3527 464 3588 461444
486 3525 589 3588 Ulmae
613 3527 700 3588 1486.
724 3526 773 3586 141.
829 3525 937 3586 vitiose
958 3531 990 3586 et
1011 3525 1131 3606 Alegrie
1154 3543 1220 3606 pag.
1242 3527 1310 3589 335.
1334 3526 1468 3600 14441414,
1489 3525 1552 3588 bn-

75 3617 250 3682 aecdnbium
266 3626 316 3681 est
331 3624 453 3680 exstare
470 3619 652 3678 vetustiores
669 3617 773 3678 editio-
827 3619 915 3698 glus,
936 3619 1175 3680 Novicastreasis
1195 3619 1336 3680 6444444411
1369 3618 1550 3693 carmelita,

74 3721 128 3780 aas,
145 3718 179 3772 44
201 3711 385 3774 Ulmensem
405 3709 441 3772 Α.
464 3711 552 3772 ress.
575 3711 657 3789 Opus
677 3710 775 3772 Donni
827 3709 1025 3790 Philosophus
1044 3719 1076 3773 et
1096 3713 1266 3790 Theologos
1291 3711 1473 3773 oxoniensis
1492 3711 1551 3769 cir-

74 3795 169 3863 llr'ooloi
182 3801 335 3866 Geruroui
349 3799 512 3864 menradum
529 3799 727 3862 Ptolemaeum
744 3803 771 3878 b)
827 3821 862 3866 ca
873 3805 908 3866 Α.
927 3805 1014 3868 1360.
1033 3807 1161 3883 Scripsit
1176 3801 1437 3866 determinationes
1454 3804 1551 3878 Quae-

74 3891 108 3952 ret
125 3895 287 3959 1444444444
311 3894 448 3974 ejusdem
469 3895 562 3964 anni,
582 3893 620 3956 64
641 3912 700 3973 qua
721 3895 772 3956 tv·
825 3899 974 3974 alionum,
991 3906 1023 3958 44
1041 3897 1072 3957 iu
1089 3894 1280 3976 Langobardi
1294 3895 1344 3958 IV.
1367 3892 1551 3956 4144448444-

75 3983 100 4041 44
125 3989 191 4050 bibl.
209 3990 345 4051 Graecae
369 4005 436 4070 pag.
457 3989 678 4064 1430441444
701 3987 773 4066 Epi·
826 3990 996 4052 tertiarum.
1018 3990 1143 4053 Addunt
1164 3990 1273 4052 841444
1294 3990 1342 4049 Vt.
1363 3991 1415 4066 dp.
1436 3995 1468 4048 et
1489 3990 1550 4048 Pit·

72 4073 144 4140 4444
161 4079 231 4160 ejus
252 4080 292 4144 ad
313 4080 451 4142 diversos
471 4097 510 4141 ex
530 4079 693 4141 Trithemio
709 4082 772 4143 tau·
826 4099 899 4144 sens
914 4083 951 4144 ad
969 4084 1004 4145 Α.
1023 4083 1109 4144 1370.
1131 4101 1197 4162 pag.
1219 4083 1289 4146 507.
1312 4081 1421 4144 librum
1444 4086 1550 4143 cmtra

73 4163 772 4248 44404444444014414444444.(4164446444
830 4173 944 4255 Wiclefi
963 4171 1127 4250 articulos,
1150 4177 1252 4236 nescio
1279 4193 1357 4254 quae
1389 4176 1550 4236 Doctorum

74 4257 139 4324 ab
154 4267 350 4328 1404441444
362 4281 404 4326 44.
416 4267 468 4326 111.
490 4265 558 4326 166.
573 4265 770 4342 Luccbesini).
827 4265 1013 4346 0419144114,
1029 4269 1181 4344 missaque
1199 4271 1228 4326 in
1243 4269 1457 4346 compendium
1475 4271 1550 4330 scri·

87 4351 262 4422 stanneus
276 4356 404 4430 Donati,
421 4353 586 4432 Lucensis,
600 4357 701 4418 itidem
717 4360 770 4418 Bn·
824 4368 876 4439 pta
897 4362 1028 4438 longiora
1049 4359 1328 4422 8441445444444444.

73 4445 241 4527 nedictians,
272 4449 326 4511 sed
347 4450 446 4533 paullo
465 4449 584 4527 junior,
605 4453 654 4511 cui
679 4451 772 4512 histo·
866 4453 1547 4534 14160450814444441444,414448144441444,

73 4537 128 4598 mm
146 4542 181 4602 de
203 4545 299 4605 rebus
319 4543 414 4621 gestis
435 4543 614 4606 senensium
632 4551 663 4604 et
680 4543 771 4604 libros
827 4563 918 4627 supra
940 4553 961 4609 4.
983 4549 1003 4612 3
1024 4567 1055 4627 p.
1076 4547 1144 4608 644.

102 4749 185 4805 01114.
201 4757 259 4807 741.
274 4757 355 4820 Epist.
373 4763 434 4808 tom.
456 4755 466 4803 1
481 4755 611 4820 Oppidi.
624 4757 649 4806 14.
820 4762 865 4808 tae
877 4757 1030 4820 8444441440
1049 4759 1142 4820 sylloge
1154 4760 1278 4823 psam

100 4821 428 4884 tumultuabantur.
443 4831 536 4882 tom.·3
552 4844 609 4894 pag.
627 4829 681 4880 151.
706 4831 774 4882 4416.
867 4833 892 4888 e)
907 4833 967 4882 vide
978 4835 1080 4884 64444441
1093 4832 1155 4884 arnt.
1170 4847 1227 4896 pag.
1244 4833 1300 4882 513.
1317 4833 1343 4883 b.

1261 4937 1318 4997 466
