3658 5412
708 207 1011 271 00004004
1373 207 1375 214 ·
1541 225 1601 290 rm

107 317 181 378 binc
202 315 325 376 Romam
347 315 521 392 protectus,
543 312 642 390 ibique
673 329 690 374 a
721 312 832 392 Grrgo
923 317 999 394 Ejus
1012 316 1146 396 Epistola
1159 317 1200 378 od
1214 317 1448 384 illustrissimum
1463 331 1601 392 4440004-

96 413 152 468 .rio
174 410 237 470 titt.
258 423 355 485 usque
376 405 412 467 ad
436 413 563 466 mortem
590 404 734 467 detentus
752 408 830 469 luit.
885 407 1080 470 lentissimum
1099 405 1253 471 llomiuum
1276 413 1438 476 Machemet
1458 419 1512 480 sot
1531 423 1600 484 Mo-

107 503 223 562 4404044
245 501 333 576 igitur
354 516 379 559 a.
403 498 491 560 4094.
513 499 639 576 Scripsit
671 499 830 562 Commeat.
882 517 977 580 guum
996 501 1187 562 Admiratum
1205 509 1235 563 el
1249 505 1410 568 Sullanum
1429 511 1601 577 ,lurcorum

104 596 136 656 4,,
151 593 278 657 Cantica
290 592 482 655 canticorum
496 589 829 668 ‚cujusl‘reeiationem
879 612 937 673 pro
955 593 1068 656 illustri
1079 600 1108 656 et
1120 595 1274 676 magaritae
1292 600 1414 661 llomiuo
1435 605 1600 684 849444400-

103 687 201 749 edidit
222 686 409 747 mabillonius
431 691 502 744 tom.
527 686 536 744 l
563 685 690 746 hualect
712 705 739 765 p.
762 688 829 749 405.
883 685 920 746 do
939 686 1090 768 Pandulfo
1108 687 1281 764 4404004444,
1299 709 1367 752 cum
1388 692 1534 760 librorum
1552 709 1599 766 rei

102 785 135 842 jn
158 782 288 842 editione
309 794 386 839 nova
407 795 437 855 ρ.
454 779 521 838 408.
544 779 645 855 lpsum
658 795 729 839 vero
743 781 831 841 Com·
883 779 1011 858 hujusce
1025 779 1167 840 militaris
1180 799 1218 842 ac
1239 783 1382 846 Matthaei
1396 787 1484 851 Posti
1511 793 1599 854 Vero-

102 875 289 935 mgnmsum
310 870 448 933 Oudinus
462 869 556 931 edidit
570 877 642 932 tom.
660 872 696 932 ll.
715 889 743 950 p.
762 873 828 935 tte.
883 871 983 932 nenses
1001 873 1228 934 transmissione
1243 883 1327 936 extat
1341 879 1596 957 apudlialuzium

102 969 159 1047 qui
180 967 254 1028 alias
274 967 353 1023 iuter
373 960 470 1040 Opera
492 964 623 1041 Gregorii
645 966 681 1023 44.
703 964 830 1026 habebe-
883 964 991 1028 4444001.
1015 969 1089 1024 4040.
1117 965 1165 1024 444.
1194 981 1258 1045 hig·
1288 967 1357 1028 52⁴·
1386 989 1464 1048 ‘anss
1489 979 1594 1041 900004

102 1068 157 1121 tur
187 1059 317 1119 piurima
338 1055 382 1115 de·
397 1057 461 1132 ipso
482 1054 620 1117 Oudinus
641 1073 668 1134 p.
689 1058 758 1116 ras.
882 1061 960 1114 teste
977 1061 1047 1116 onte
1064 1073 1090 1116 a.
1110 1054 1197 1118 4463.
1215 1061 1325 1136 scripta
1343 1062 1407 1123 luit.

145 1149 346 1214 Rogggqus
368 1143 828 1226 7004444404,Αι44100,40004-
921 1146 938 1182 *
960 1149 1023 1208 Duo
1046 1148 1096 1208 hic
1115 1153 1374 1214 commemoranda
1400 1167 1491 1236 sunt,
1514 1147 1609 1227 nem-¹

101 1247 184 1307 chus
210 1240 455 1315 croilandensis,
487 1241 559 1303 Ord·
590 1243 621 1303 S.
654 1242 825 1319 Benedicti,
880 1255 917 1316 pe
937 1239 1027 1300 editio
1050 1241 1117 1300 nob.
1138 1244 1296 1304 Parisiens.
1333 1245 1525 1315 Weobeliena
1546 1272 1595 1321 on.
1710 1233 1716 1240 ’

102 1340 216 1399 aetatis
237 1339 374 1416 ignotae,
392 1337 513 1414 scripsit
531 1334 562 1394 in
575 1334 734 1397 Canthum
749 1336 828 1398 Con-
881 1332 969 1392 4530.
990 1349 1068 1409 quae
1097 1348 1170 1393 sane
1197 1335 1287 1395 editio
1307 1353 1324 1396 a
1346 1341 1436 1400 Paulo
1457 1344 1597 1411 Romusio

102 1426 242 1486 tuorum
263 1425 332 1484 Car.
353 1423 394 1484 du
416 1424 528 1484 Fresne
547 1422 755 1502 Philosophum
777 1442 825 1484 vo·
879 1422 1061 1484 Ariminensi
1076 1423 1112 1485 ad
1129 1425 1254 1487 Veteres
1267 1428 1394 1492 Codices
1408 1445 1513 1499 exacte
1527 1449 1594 1519 est;
1672 1467 1675 1476 ⁴

100 1526 160 1580 cat.
184 1521 302 1579 Pitseus
323 1515 459 1594 Append.
480 1514 567 1576 Cant.
590 1517 637 1577 tv.
658 1518 710 1577 49.
808 1545 811 1556 ‚
879 1514 978 1593 ibique
996 1519 1024 1575 in
1043 1520 1106 1594 ipss
1124 1521 1223 1595 operis
1241 1521 1337 1583 ironte
1356 1525 1522 1604 indicatur,
1540 1533 1596 1596 Ve-

142 1608 344 1672 uenustus
369 1608 405 1667 440
432 1605 536 1683 Valle,
574 1609 823 1688 Rotomagensis‚
854 1611 857 1618 ’
879 1623 1038 1668 rosensem
1060 1613 1159 1686 operis
1178 1612 1268 1673 huius
1285 1616 1511 1693 impressionem
1536 1643 1594 1688 non

100 1704 275 1766 canonicus
286 1701 490 1762 Carpetaniam.
506 1701 636 1779 Scripsit
648 1703 821 1763 tractatum
879 1699 1001 1777 quidem
1024 1701 1078 1760 tn.
1104 1701 1192 1763 tlte.
1215 1712 1249 1764 ut
1271 1705 1318 1767 hic
1337 1717 1419 1771 notat
1436 1715 1595 1779 bibliothe-

98 1795 136 1856 α,
158 1793 348 1873 &mortuone
361 1789 404 1852 od
420 1790 492 1853 heus
508 1791 717 1869 moriendum,
736 1795 822 1857 Com·
876 1794 975 1853 carius
993 1799 1114 1868 noster,
1133 1796 1185 1856 sed
1203 1813 1251 1858 an.
1271 1800 1349 1861 4473
1367 1804 1487 1881 signari.
1511 1809 1593 1872 Alte·

94 1887 240 1970 pendium
258 1889 328 1946 item
345 1885 821 1961 memorandorum,oiresnotu·
875 1902 942 1947 rom
965 1886 1044 1964 quod
1079 1888 1149 1948 mibi
1180 1889 1227 1950 hie
1254 1890 1396 1954 adnotare
1424 1897 1513 1977 iuvat
1545 1911 1593 1964 est
1716 1897 1718 1904 ’

98 1977 699 2058 ralesetsommodncompreluudemee
712 1979 819 2041 Plinio.
872 1977 1050 2054 splendidus
1079 1982 1139 2041 tls.
1170 1981 1243 2042 Cod.
1273 1987 1372 2061 operis
1404 1987 1513 2065 huius,
1539 1998 1591 2073 qui

99 2075 194 2134 Paris.
215 2075 302 2134 4500·
321 2073 347 2131 l.
366 2073 550 2131 possevinus
568 2072 589 2130 1,
606 2089 633 2149 ρ,
649 2072 718 2132 348,
742 2073 820 2132 sofr.
876 2069 1028 2131 caesenae
1049 2073 1078 2132 in
1096 2073 1277 2136 Bibliotheca
1296 2079 1518 2145 hlalotestarom
1540 2089 1592 2148 ed-

98 2170 162 2246 psit
179 2169 258 2228 eirca
274 2181 300 2226 n.
320 2166 408 2227 4484.
426 2161 590 2243 Epistulam
617 2164 653 2226 ad
672 2167 818 2226 loannem
874 2159 933 2220 huc
955 2163 1083 2238 visitur,
1108 2167 1137 2224 in
1158 2181 1219 2243 quo
1246 2183 1322 2245 opus
1349 2171 1450 2250 incipit
1470 2191 1486 2235 a
1508 2193 1592 2255 prse-

98 2262 286 2338 sspiseopum
316 2256 566 2335 hudegavensem
595 2266 626 2318 et
653 2260 683 2320 S.
718 2259 752 2319 tt.
783 2259 817 2319 E.
875 2253 985 2315 tatione
1005 2256 1042 2316 ad
1066 2259 1186 2336 magnii.
1218 2265 1249 2320 et
1280 2261 1427 2324 illustram
1460 2265 1590 2332 Heroum

97 2351 311 2423 cardinalem,
333 2367 427 2428 quum
466 2350 634 2410 „germem
659 2367 694 2412 ,ο
722 2350 818 2429 digni.
874 2347 1102 2424 sigismundum
1126 2351 1332 2430 landulphum
1356 2357 1553 2422 blatatestam.
1574 2364 1592 2401 ⁸

98 2451 216 2521 tatem,
234 2444 344 2521 quibus
370 2449 482 2503 exutus
504 2443 621 2517 iuerat,
643 2446 814 2521 recepisset.
909 2440 1108 2501 Rubenius
1126 2437 1267 2503 Uboldim'
1280 2444 1317 2505 de
1335 2445 1492 2527 4404440440,
1508 2469 1524 2512 4
1540 2471 1591 2532 pa·

97 2537 189 2599 Edita
207 2543 254 2596 eat
275 2553 292 2597 a
315 2538 447 2597 hlsrtene
472 2542 503 2594 et
530 2534 652 2596 Durand
680 2535 812 2596 Collecti.
871 2532 927 2592 tria
945 2533 1082 2602 Etruriae
1098 2533 1161 2594 1000
1178 2537 1223 2594 0ῑο
1240 2534 1358 2611 dicius,
1377 2539 1447 2599 040·
1470 2545 1590 2606 Praedi-

98 2630 238 2709 ampliss.
256 2635 326 2690 tom.
349 2631 370 2689 l.
389 2646 417 2706 p.
436 2625 525 2689 4606.
546 2628 698 2706 Epistulae
716 2629 817 2707 plures
837 2688 843 2702 ⁴
870 2630 1004 2698 catorum
1025 2627 1052 2684 in
1070 2633 1224 2688 conventu
1239 2627 1269 2688 S.
1288 2631 1376 2690 444404
1399 2633 1587 2711 Florentiae,

96 2724 212 2784 adsunt
236 2722 316 2784 tiss,
345 2724 373 2780 in
392 2720 465 2782 444444.
491 2721 641 2781 Vaticana.
662 2721 749 2780 Bern.
777 2718 815 2781 de
870 2719 990 2796 scripsit
1012 2716 1177 2778 chronicon
1198 2730 1360 2781 concentus
1381 2725 1412 2784 S·
1432 2726 1533 2788 lloroi
1552 2730 1589 2790 lle

97 2817 288 2877 hiontlauoon
307 2814 380 2874 Ribl.
397 2814 477 2874 MSS.
496 2831 524 2890 p.
544 2814 591 2874 454.
610 2812 658 2874 90.
871 2807 1023 2868 Florentia
1040 2810 1077 2869 ab
1098 2827 1125 2870 a.
1155 2812 1336 2874 4435-4609.
1364 2831 1424 2892 quo
1452 2827 1587 2899 tempore

140 2905 339 2970 notaturus
353 2905 389 2966 de
405 2907 435 2967 S.
459 2903 657 2979 Valentino,a
675 2906 769 2982 patria
785 2906 813 2962 in
872 2905 957 2962 vixit.
974 2905 1076 2976 Quetii
1089 2905 1108 2964 1.
1122 2919 1149 2964 0.
1166 2911 1238 2966 40444.
1258 2909 1325 2986 ll.p
1351 2910 1400 2969 tt.
1421 2913 1520 2974 lulius
1538 2918 1587 2976 Ni-

96 3017 192 3080 regno
217 3000 416 3077 Neapoletano
443 2998 521 3070 sita,
542 2996 723 3067 abdictus,
744 2995 815 3056 Ord.
870 3011 923 3074 ger
938 2995 976 3056 de
994 2997 1195 3075 Scriptoribos
1215 2999 1392 3062 Florentinis
1411 3020 1476 3082 pag.
1494 3005 1563 3068 t87.

100 3093 353 3156 praedicatorum.
371 3109 398 3151 a.
421 3089 508 3151 4308.
531 3091 692 3167 inquisitor
714 3088 816 3148 haere·
912 3087 1111 3152 botherus
1127 3090 1164 3151 de
1182 3093 1300 3162 llseliu.
1319 3095 1366 3155 vel
1384 3098 1520 3174 Uli⁰⁰28
1540 3118 1589 3177 pa-

97 3189 175 3246 4444444
213 3185 371 3264 pravitatis
407 3189 439 3241 et
484 3183 618 3242 Vicsrins
658 3178 815 3259 generalis.
872 3181 954 3253 tria,
979 3199 1057 3259 quae
1083 3182 1170 3242 hodie
1205 3186 1279 3244 llsea
1306 3187 1435 3265 dicitur,
1464 3194 1588 3254 civitate

97 3279 174 3355 Ejus
188 3281 262 3338 sunt
279 3276 354 3336 44040
368 3272 674 3353 odomsusqueudum
694 3273 815 3334 Petrum
870 3273 1221 3359 Galliae'iiarboneusis,
1239 3280 1327 3339 nobili
1346 3282 1409 3342 loeo
1424 3290 1533 3358 natus,
1550 3288 1588 3347 ab

96 3371 133 3431 440
147 3368 311 3430 lluclonico
324 3365 618 3448 archipresbyterum
633 3364 816 3426 hoereticum
872 3365 944 3442 ipsis
971 3364 1135 3442 puerilibus
1164 3371 1252 3428 annis
1279 3373 1385 3447 spiritu
1414 3375 1586 3450 prophetiae

3 3531 11 3544 ,
95 3462 263 3542 relapsum.
297 3464 362 3522 lac.
389 3462 494 3532 Quetii
518 3459 715 3537 scriptoribus
742 3456 812 3518 Ord.
871 3463 958 3517 nctus
969 3458 1062 3548 luisse
1077 3458 1196 3520 dicitur.
1211 3462 1372 3538 Presbyter
1387 3472 1489 3541 postea
1504 3483 1588 3529 erea-

96 3555 339 3617 Praedicatorom
360 3560 431 3613 tom.
449 3554 470 3612 l.
490 3571 519 3631 p.
537 3552 605 3614 tas.
871 3555 942 3621 tus,
958 3551 1141 3612 revelatione
1158 3555 1354 3615 continuante
1373 3559 1585 3634 poenitentiam

134 3647 338 3710 ROBERTUS
376 3643 553 3720 Vulturina,
582 3643 782 3704 Ariminensis
807 3689 814 3720 ,
871 3642 974 3702 inillis
996 3644 1132 3720 partibus
1154 3646 1356 3724 praedicavit,
1378 3655 1482 3726 postea
1503 3652 1583 3711 ordi-

94 3743 197 3803 seculo
217 3739 281 3802 XV.
299 3740 420 3817 scripsit
440 3734 544 3798 4444404
560 3736 625 3796 llll.
639 3734 675 3796 de
691 3752 725 3796 re
739 3734 816 3796 mili·
871 3751 938 3794 nem
953 3735 1212 3798 Dominioanorum
1228 3739 1340 3813 divino,
1355 3742 1451 3817 ajunt,
1469 3747 1585 3806 monitu

95 3836 163 3895 tori.
181 3835 318 3894 Veronae
344 3849 397 3910 per
423 3819 569 3890 loannem
600 3831 812 3890 veronensem.
870 3829 1025 3902 ingressus
1050 3838 1098 3888 est
1126 3831 1280 3890 Avenione
1307 3849 1333 3893 4.
1360 3834 1449 3894 teat.
1469 3837 1541 3896 obiit
1558 3856 1584 3899 a.

95 3929 182 3988 ttae.
200 3926 249 3987 iol.
271 3922 484 3986 4400044480.
499 3923 577 3982 40440.
589 3925 752 3983 Memorato
770 3922 814 3980 di·
870 3919 956 3979 4096.
990 3921 1103 3982 Extant
1133 3925 1199 4000 eius
1236 3925 1383 3986 turonum
1417 3928 1480 3988 libri
1514 3928 1584 3991 duo.

93 4037 186 4097 gnum
205 4026 264 4092 est,
282 4015 361 4096 quod
381 4017 430 4076 lib.
446 4017 625 4076 X.reiertur
639 4014 676 4074 de
689 4016 813 4073 invento
869 4013 953 4072 Unus
975 4013 1030 4073 boo
1046 4015 1152 4076 titulo:
1182 4017 1290 4095 lncr'pil
1310 4015 1386 4079 liber
1412 4035 1583 4083 sermonum

92 4111 252 4189 cujusdam
272 4109 429 4170 machinae
450 4108 573 4169 bellicae
595 4107 631 4168 ad
650 4109 810 4186 ignitarum
868 4104 986 4166 Domini
999 4106 1027 4164 l.
1049 4107 1080 4168 C.
1094 4123 1168 4186 quos
1185 4105 1301 4169 locutus
1312 4115 1358 4170 est
1372 4111 1404 4170 iu
1418 4129 1504 4175 seruo
1517 4131 1581 4176 suo.

3 4277 4 4280 Ἴ
91 4205 245 4284 glandium
269 4207 277 4280 4
295 4199 436 4275 bombos)
459 4198 708 4272 similitudinem,
730 4197 809 4275 quod
866 4197 951 4257 hilar
968 4198 1043 4258 hoc:
1062 4196 1149 4258 diher-
1164 4199 1311 4261 visionum
1324 4245 1331 4275 ,
1345 4219 1423 4282 quos
1439 4204 1521 4267 dedit
1535 4209 1581 4270 oi-

3 4351 4 4360 .
92 4299 251 4358 inventum
279 4292 473 4372 sigismundo
500 4292 607 4353 tribuit
632 4291 808 4365 Valturius,
866 4287 937 4350 dere
960 4291 1105 4352 Dominus
1126 4292 1211 4352 lesus
1231 4308 1320 4354 seruo
1340 4311 1404 4355 suo.
1438 4300 1583 4360 Posterio-

3 4389 4 4418 4
92 4388 190 4450 indice
206 4387 374 4450 hlabillooio
405 4389 433 4444 in
465 4388 574 4446 itinere
594 4384 695 4445 italico
715 4401 744 4462 p.
760 4385 809 4446 ab.
867 4399 930 4442 rem
948 4381 1041 4444 edidit
1059 4384 1121 4444 lac.
1139 4384 1232 4444 Faber
1247 4387 1276 4444 in
1295 4387 1381 4447 bibra
1396 4391 1486 4450 trium
1506 4393 1584 4451 viro-

3 4479 4 4486 ’
91 4483 204 4544 Gallico
223 4478 328 4540 vertit*
347 4482 425 4556 boys
450 4481 582 4558 bieigret.
609 4479 692 4538 Paris
721 4479 807 4538 4665.
865 4491 932 4536 rum
947 4482 978 4536 et
990 4478 1080 4537 trium
1093 4478 1292 4555 spiritualium
1306 4481 1476 4557 virginum,
1491 4482 1582 4543 Paris.

3 4629 4 4644 .
92 4575 168 4636 40440.
195 4573 297 4637 Codex
324 4573 383 4635 tls.
413 4573 535 4650 elegans
565 4576 650 4632 extat
676 4571 704 4628 in
734 4569 807 4629 bibl.
865 4567 1248 4649 apodHenr.Stepbanum
1266 4571 1352 4632 4543.
1370 4571 1582 4633 4044400049

90 4670 179 4747 Regia
196 4665 381 4738 Dresdeusi,
405 4665 493 4741 cujus
523 4667 664 4724 contenta
688 4668 808 4722 enarrat
864 4677 889 4721 4.
908 4660 943 4722 ad
962 4661 1009 4721 st.
1031 4661 1059 4721 b.
1075 4663 1147 4724 Vide
1161 4666 1222 4725 lac.
1240 4663 1344 4734 Quotii
1365 4661 1403 4721 de
1428 4663 1584 4740 Scriptori-

90 4763 152 4822 Cel.
171 4763 197 4821 l.
219 4761 253 4822 C.
277 4759 421 4819 Goetzius
440 4759 468 4816 in
501 4753 738 4817 Memorabilibus
760 4755 808 4814 lli-
863 4755 919 4813 hus
951 4754 1021 4813 Ord.
1049 4754 1285 4838 praedicatorum
1316 4761 1387 4812 tom.
1417 4754 1436 4813 l.
1455 4769 1483 4830 p.
1515 4755 1584 4816 449.

3 4843 7 4984 ἱ
90 4853 255 4914 hliothecae
273 4850 410 4914 laudatae
428 4855 502 4927 part.
519 4851 541 4909 l.
559 4867 586 4926 p.
607 4848 652 4907 tt.
864 4847 1077 4924 spanhemium
1091 4853 1170 4908 tomo
1183 4848 1218 4907 ll.
1231 4850 1343 4922 Opp.'p.
1354 4847 1421 4904 609.
1434 4843 1580 4907 hubertus

1299 4967 1357 5024 0444
