3368 5362
187 228 197 246 ·
768 190 792 250 N
808 186 819 248 1
835 186 858 248 C
873 183 901 245 0
916 184 940 244 L
956 184 981 247 4
999 185 1021 245 U
1037 183 1057 242 S

162 212 295 380 44244444
319 312 503 388 eleemosyna
525 304 556 363 in
579 300 693 362 Palatio
724 299 824 380 Papae
847 293 877 354 in
930 290 1030 354 4444444
1052 297 1104 350 lua
1129 295 1187 354 etc.
1216 295 1291 354 llam
1322 285 1461 349 eiusdem
1484 285 1621 350 Alexandri

161 413 236 492 fCSiD
270 402 486 483 carnisprivii,
507 402 536 458 444
566 394 674 457 “abilii
702 388 782 472 quiid
805 389 878 450 444466
932 401 968 463 ad
995 401 1106 477 Regem
1133 397 1285 456 Dassol'um
1306 409 1360 471 ppo
1388 407 1421 449 pe
1449 386 1555 461 gimiii²
1569 386 1625 463 ing.

163 505 360 582 croporeutur
379 489 566 574 pauperibus
590 487 661 547 aliis
684 482 879 546 communiter
934 483 1629 568 mentumesrsspisrolaeincipiensqunproptu.

162 597 249 657 tilam
271 592 342 671 t'PSss
374 585 530 660 4444444444,
552 583 608 663 qui
625 579 667 640 ad
697 582 811 657 p“Pam
831 594 880 636 υθ-
933 591 1028 650 Extat
1039 584 1316 664 apudtluratorium
1330 583 1359 639 in
1372 579 1438 639 loca
1449 575 1487 636 de
1500 575 1630 654 quoinlra

163 689 261 748 uerint
283 686 314 770 iu
334 683 408 763 festa
437 673 637 755 carnisprivii
661 672 744 732 circa
775 669 880 729 boram

163 795 368 858 vesperarum.
379 777 494 852 Incipit.
507 770 587 845 (luia
596 764 753 827 dicebatur
762 780 826 824 esse
836 780 879 822 ec.

202 874 279 934 xlv.
300 868 385 946 Quod
399 870 563 946 prouentus
586 855 703 938 Capelli
717 855 823 917 debeat
838 854 883 914 di-

162 965 227 1028 oidi
242 957 457 1028 cardinalibus
473 953 669 1028 absentibus,
690 949 824 1029 emceptis
843 947 883 1008 le-

158 1059 239 1140 94444
258 1077 301 1119 eac
323 1041 536 1117 Constitutione
568 1047 725 1112 Clementis
750 1047 778 1106 V.
808 1046 884 1104 laci-

163 1158 225 1233 pit:
245 1155 318 1212 llem
341 1149 483 1209 Dominus
503 1153 560 1205 etc.

204 1246 268 1306 XV.
289 1241 375 1319 Quod
397 1238 595 1307 Camerarius
615 1235 681 1297 sive
703 1230 815 1295 Clerici
834 1247 883 1291 sa·

164 1338 214 1399 cri
240 1333 364 1414 Collepii
383 1332 490 1395 debeat
521 1332 663 1392 interesse
695 1329 829 1405 computo
849 1322 884 1382 de

50 1462 54 1468 ·
164 1431 290 1509 receptis
313 1435 341 1488 et
361 1426 579 1488 administratis
600 1441 641 1482 em
661 1419 810 1481 constitut.
832 1418 885 1476 De-

164 1522 274 1584 uedioti
289 1523 370 1583 4444.
385 1521 439 1581 An.
460 1520 550 1580 4554.
567 1515 614 1576 die
630 1516 680 1579 23.
700 1507 880 1572 Decembris.

205 1619 283 1678 xvt.
305 1614 390 1692 Quod
411 1610 609 1675 Camerarius
633 1611 663 1670 S.
693 1604 818 1684 Collepir'
836 1604 886 1664 de-

166 1709 215 1770 bet
233 1708 343 1770 lrabere
360 1709 474 1787 capiam
496 1702 570 1764 libri
583 1698 735 1762 'censualis
756 1716 799 1759 44
818 1715 885 1758 core

163 1804 315 1867 stitutione
332 1801 464 1863 eiusdem
484 1795 641 1859 Benedicti.

208 1900 299 1959 XVll.
335 1894 420 1972 Quod
455 1887 628 1956 Camerarii
648 1891 679 1949 S.
707 1884 819 1947 Palatii
837 1882 886 1943 de-

165 1991 234 2052 bent
251 1989 411 2071 procedere
432 1992 537 2047 contra
564 1981 719 2042 Praelatos
741 1997 798 2038 non
828 1976 886 2038 sol-

165 2091 265 2146 ventes
286 2098 437 2143 commune
456 2077 613 2140 seruilium
631 2091 672 2134 em
691 2075 813 2132 Decreta
828 2072 886 2133 Ca·

166 2177 370 2238 merariorum
392 2177 420 2233 44
439 2175 470 2233 S.
504 2167 626 2246 Collepii
647 2185 698 2228 an.
724 2167 815 2229 4524.
838 2163 885 2224 die

168 2272 218 2331 25.
239 2266 363 2348 Aprilis.

207 2362 312 2424 xvut.
335 2357 421 2437 Quod
446 2356 568 2436 priores
591 2353 645 2434 qui
661 2353 738 2432 fiunt
754 2368 812 2430 per
832 2349 888 2410 ele-

166 2457 275 2533 ctiones
296 2454 338 2515 od
357 2470 509 2514 commune
529 2449 688 2510 seruitium
710 2450 885 2518 teneantur,

167 2550 256 2630 nilque
270 2548 437 2609 continetur
455 2544 485 2604 in
500 2542 598 2605 eadem
612 2543 744 2602 Decreta.

207 2641 292 2717 Quod
302 2639 434 2701 Ecclesia
445 2654 558 2700 vocaus
566 2634 611 2697 bis
623 2632 737 2694 inanno
745 2635 885 2692 teneatur

166 2739 280 2794 brutum
291 2751 384 2793 unum
394 2748 545 2792 commune
557 2724 837 2790 seruitiumsoloere
845 2742 887 2783 eu

167 2827 368 2888 declaratione
387 2823 577 2906 iacta-anno.
602 2820 691 2881 4554.
713 2817 760 2877 die
783 2819 814 2877 4.
837 2818 889 2877 Se·

163 2919 319 3000 ptembris.

209 3016 290 3075 ΧΙΧ.
314 3011 399 3089 Quod
421 3008 556 3072 Praeloti
575 3005 684 3069 lrabeat
709 3005 751 3065 ad
776 3002 889 3066 soloen·

170 3105 241 3165 dum
253 3122 406 3166 commune
417 3103 574 3165 servitium
582 3120 638 3183 pro
648 3099 751 3179 primo
766 3096 889 3158 armine

168 3202 196 3260 9.
212 3216 334 3271 coenses,
351 3204 381 3259 44
390 3216 446 3278 pro
463 3194 591 3260 secundo
603 3194 720 3255 totidem
733 3210 775 3253 em
786 3189 890 3251 Decla-

171 3293 288 3353 ralioue
308 3311 358 3352 an.
375 3293 463 3366 4550,
487 3289 534 3350 die
553 3292 603 3355 20.
626 3283 808 3349 Decembris.

210 3390 277 3448 XX.
296 3389 473 3465 Sequuntur
483 3385 655 3445 donationes
672 3388 701 3444 et
715 3381 890 3460 larpitianes
909 3409 911 3412 >

167 3484 268 3565 iactae
285 3480 324 3542 ab
343 3478 580 3561 Imperatoribus
598 3477 725 3556 aliisque
742 3479 824 3537 Rom.
835 3474 890 3532 Ec·

168 3577 285 3639 clasiae.
300 3578 326 3638 4.
345 3583 389 3637 444
401 3575 527 3635 Donatio
540 3569 733 3635 Constantini.
744 3567 887 3647 Sequitur

167 3668 444 3732 DanalioEudooici
453 3669 524 3747 imp.
533 3672 660 3744 tempore
670 3659 824 3722 Pascbalis
837 3663 894 3721 Pa-

166 3762 379 3843 pae‚Henrici
390 3761 485 3842 primi
501 3761 572 3839 lmp.
591 3755 714 3818 ilenrici
732 3757 780 3816 IV.
799 3757 894 3833 Impe-

165 3855 295 3914 ratoris.

975 682 1070 744 xxu.
1086 679 1219 755 Gregorii
1230 677 1281 736 Vll
1307 675 1412 734 literae
1423 669 1633 747 DemetrioRegi

936 779 1103 839 Cuscorum
1121 779 1152 832 44
1168 773 1297 849 Reginae
1327 764 1409 846 quod
1431 781 1557 842 regnum
1580 760 1636 823 4444

936 870 972 932 ad
983 872 1146 930 Romanam
1161 865 1325 926 Ecclesiam
1337 858 1639 940 pertinent.lncipiuot

935 963 1017 1045 filins
1034 967 1131 1023 444444
1147 957 1260 1019 limina.
1286 957 1403 1016 Literna
1425 952 1503 1014 44444
1528 950 1642 1027 Gregorii

938 1057 1000 1118 vu.
1019 1060 1047 1116 in
1066 1054 1177 1134 quibus
1193 1054 1292 1131 agitur
1312 1047 1350 1109 de
1367 1045 1493 1126 Synodo
1509 1043 1602 1107 habita
1618 1045 1641 1102 io

938 1151 1086 1212 Dalmatia
1108 1167 1124 1209 a
1145 1147 1275 1230 Geizone
1301 1143 1332 1203 S.
1353 1139 1494 1201 Bonifatii
1518 1145 1549 1197 44
1564 1135 1643 1196 alerii

938 1245 1071 1311 abateet
1089 1261 1104 1303 a
1121 1241 1243 1302 Palrina
1257 1233 1498 1312 Porosempronii
1517 1230 1646 1306 Episcopo

939 1336 1242 1399 An.Dom.1ncarnat.
1252 1328 1409 1405 40744494
1423 1321 1591 1385 Demetrias
1599 1328 1647 1383 444

940 1432 1106 1507 Utramque.
1120 1423 1370 1504 istamepistolam
1386 1420 1476 1481 affert
1495 1420 1614 1480 cencius
1623 1406 1646 1475 44

940 1525 1014 1585 libro
1036 1525 1189 1585 Censuum
1204 1520 1233 1580 S.
1245 1521 1277 1578 R.
1289 1519 1322 1577 E.
1337 1514 1463 1592 vulgato
1475 1531 1494 1575 a
1506 1512 1647 1574 unumne

941 1620 970 1677 in
994 1615 1233 1694 Antiquitatibus
1248 1614 1284 1673 44.
1302 1609 1377 1670 44νί
1400 1615 1478 1669 tom.
1497 1609 1534 1668 V.
1550 1626 1576 1684 p.
1590 1605 1646 1666 444.

982 1712 1090 1773 xxur.
1105 1711 1236 1788 Repnum
1254 1703 1426 1783 drapaniae
1441 1700 1506 1783 fuit
1519 1704 1649 1763 Romame

941 1802 999 1868 sub
1016 1810 1096 1865 certo
1113 1819 1213 1863 cerrsu.
1230 1801 1340 1861 Petrus
1358 1800 1426 1858 Reae
1440 1805 1503 1858 etc.

983 1900 1091 1962 xxiv,
1121 1898 1205 1959 Aliae
1234 1895 1373 1955 similiter
1403 1892 1513 1952 literae
1540 1889 1649 1950 similem

943 1994 1158 2054 subiectionem
1182 1990 1307 2050 aliorum
1326 1989 1504 2061 Regnorum
1523 1985 1624 2045 lerunt

983 2089 1075 2149 XXV.
1096 2089 1167 2145 Post
1187 2084 1261 2145 haec
1275 2078 1412 2142 succedit
1429 2080 1537 2140 brevis
1560 2085 1653 2139 tracta

942 2183 983 2241 tio
999 2180 1036 2240 de
1054 2178 1248 2241 Pontificibus
1264 2178 1315 2254 qui
1332 2176 1397 2235 iura
1417 2164 1576 2236 Ecclesiae
1591 2178 1653 2232 stre

943 2292 1003 2335 rrue
1034 2271 1237 2334 defenderunt
1266 2271 1356 2330 etiam
1378 2275 1488 2329 contra
1516 2269 1653 2347 Regeael

945 2368 1155 2444 imperatores.

984 2458 1091 2519 XXVI.
1114 2455 1287 2518 Succedunt
1303 2455 1387 2515 44444
1406 2453 1558 2516 formulae
1571 2468 1652 2515 saara

945 2559 1115 2614 mentorum
1137 2548 1384 2633 praestantiorum
1415 2548 1454 2608 ab
1479 2546 1654 2625 imperatori·

942 2646 1000 2707 bns
1018 2645 1168 2721 Regibus..
1190 2644 1361 2721 Episcopis,
1384 2641 1565 2703 abbatibus.

983 2740 1104 2801 XXVII.
1126 2738 1270 2814 Sequitur
1290 2733 1325 2793 de
1353 2731 1551 2794 mirabilibus
1565 2731 1654 2794 culn

944 2833 981 2893 tis
1002 2835 1121 2892 Romae.
1140 2831 1248 2905 Incipit
1267 2843 1375 2887 murus
1396 2826 1533 2888 civitatis
1560 2831 1654 2889 Romae

943 2926 1033 2986 habet
1051 2932 1151 2987 turres
1181 2923 1266 2984 4364.
1287 2920 1438 2997 castella,
1459 2919 1488 2980 id
1506 2929 1555 2981 444
1571 2935 1655 2980 meru·

946 3020 991 3079 las
1009 3019 1097 3077 6900.
1119 3023 1178 3076 etc.
1387 3072 1390 3079 ,

982 3112 1119 3173 xxvur.
1138 3111 1179 3169 De
1190 3107 1331 3169 Historia
1343 3105 1558 3168 Ecclesiastico
1573 3121 1650 3184 qnare

944 3207 1045 3283 Cyrus
1076 3206 1136 3264 Rex
1169 3206 1481 3262 Persarunrvocatus
1506 3202 1563 3262 tuit
1582 3198 1652 3261 Cirr-'r

946 3305 1031 3373 stne,
1053 3305 1083 3358 44
1105 3297 1143 3357 de
1160 3296 1208 3356 70.
1227 3297 1315 3354 annis
1331 3296 1520 3372 captivitatis
1544 3293 1652 3369 Rabyla

946 3392 1031 3450 nicae
1052 3390 1197 3468 expositis
1219 3387 1359 3446 historice
1381 3393 1413 3445 et
1433 3388 1598 3465 allegorice.

987 3481 1101 3544 XXIX.
1118 3480 1291 3543 Succedunt
1306 3477 1519 3540 Ordinationes
1537 3486 1565 3541 el
1578 3479 1653 3539 aaa

956 3580 1147 3638 Summarum
1169 3572 1341 3652 Pontriicnm
1356 3589 1455 3651 usque
1470 3573 1512 3636 ad
1526 3576 1655 3635 tnnooeo

947 3670 1087 3822 mixi:
1112 3760 1274 3838 Sequentia
1297 3765 1369 3819 sunt
1390 3758 1429 3819 de
1451 3759 1539 3821 444444
1556 3759 1655 3820 scilieet

946 3853 987 3913 ‘de
1004 3857 1069 3915 eius
1084 3855 1213 3925 nomine,
1231 3854 1292 3912 situ
1309 3858 1340 3910 44
1358 3853 1526 3912 Provinciis
1537 3871 1545 3928 3
1556 3854 1655 3912 etsurrt

212 3949 295 4008 xxt.
315 3948 447 4026 Gregorii
482 3950 577 4026 Papae
610 3947 671 4005 Vll.
703 3944 818 4003 litterae
852 3959 894 4002 eno
949 3955 1090 4026 excerpta
1111 3946 1149 4006 de
1171 3945 1294 4005 historia
1315 3943 1541 4006 Ecclesiastica.

171 4038 278 4119 quibus
294 4047 421 4119 apparet
432 4040 597 4101 Ecclesiam
615 4036 724 4099 lrabere
738 4053 832 4096 unum
846 4034 894 4094 de-

171 4135 295 4192 narinm
312 4132 344 4191 in
367 4136 465 4211 Repuo
492 4133 643 4193 Franciae
660 4153 679 4193 a
693 4127 823 4213 quolibet
839 4146 894 4188 au·

989 4043 1100 4102 XXXI.
1115 4040 1201 4099 Liber
1219 4040 1350 4099 locorum
1366 4044 1544 4099 sanctorum
1561 4039 1654 4098 Terras

948 4135 1132 4197 Hierusalem
1147 4132 1264 4192 Freteili
1278 4129 1500 4192 archidiaconi.
1512 4133 1556 4209 (44
1568 4129 1653 4192 Balar-

170 4225 285 4285 nuatim
303 4224 484 4286 soluendum.
507 4226 680 4287 Succedunt
698 4227 772 4287 aliae
790 4226 892 4284 literae
948 4234 974 4292 4,
995 4231 1060 4289 485.
1080 4225 1283 4295 Lueahesirri.)

171 4317 326 4390 eiusdem,
359 4316 535 4397 exquibus
562 4320 682 4398 pariter
709 4317 893 4398 dipnoscitur
988 4325 1032 4383 De
1048 4320 1197 4381 divisione
1215 4319 1307 4377 totius
1324 4316 1405 4377 orbis
1422 4326 1515 4396 quam
1532 4318 1653 4380 iecerunt

170 4413 255 4474 Rom.
290 4411 454 4472 Ecclesiam
488 4416 640 4474 retrahere
673 4411 819 4493 quaedam
852 4429 894 4472 44
949 4414 1081 4476 tresidii
1103 4415 1164 4474 Noe
1185 4416 1216 4472 44
1237 4410 1274 4469 de
1296 4409 1486 4472 Patriarclris.

170 4506 332 4585 llanparia
347 4511 376 4566 el
392 4507 548 4586 Hispania.
575 4510 690 4567 Literae
708 4508 798 4567 etiam
824 4505 893 4565 Ale
988 4511 1030 4569 De
1052 4509 1214 4567 Macometo
1234 4505 1361 4582 eiusque
1386 4504 1471 4582 prole
1492 4511 1525 4566 et
1545 4516 1650 4567 succes

173 4600 280 4661 xandri
299 4601 383 4677 (torte
402 4602 461 4676 lv.)
479 4601 517 4661 ad
542 4601 727 4663 Guilelmum
745 4603 814 4676 Reg.
832 4597 893 4658 44-

174 4695 290 4771 glorum
315 4702 517 4772 memorantes
534 4693 708 4755 deditionem
730 4691 824 4769 Repni
846 4690 865 4771 s
882 4727 894 4736 -

173 4791 250 4847 ctam
270 4805 290 4846 a
315 4790 427 4850 loanne
449 4794 524 4868 Repe
553 4792 703 4850 Romanae
729 4785 892 4847 Ecclesiae.

173 4878 346 4943 Alemandcr
361 4893 417 4946 etc.
431 4883 575 4946 Guilelmo
586 4882 655 4962 Repi
665 4899 709 4942 44.
725 4882 812 4943 Novit
817 4898 892 4959 pru-

970 4622 976 4660 1
1038 4649 1044 4660 .

952 4618 1113 4756 ε(4404444.
1141 4692 1231 4752 Gesta
1263 4693 1419 4751 Romanor.
1451 4693 1648 4753 Pontificuma

950 4792 1046 4849 Leone
1068 4790 1144 4865 Papa
1165 4788 1218 4846 IX.
1238 4789 1269 4843 ct
1289 4783 1432 4864 deinceps
1458 4789 1538 4848 sicut
1559 4788 1585 4845 io
1609 4783 1647 4841 rn-

949 4884 1040 4942 briaio
1061 4883 1328 4941 commemoratum
1350 4886 1408 4938 444.
