<?xml version="1.0" encoding="UTF-8"?>
<!DOCTYPE html PUBLIC "-//W3C//DTD XHTML 1.0 Transitional//EN"
    "http://www.w3.org/TR/xhtml1/DTD/xhtml1-transitional.dtd">
<html xmlns="http://www.w3.org/1999/xhtml" xml:lang="en" lang="en">
 <head>
  <title>
</title>
<meta http-equiv="Content-Type" content="text/html;charset=utf-8" />
  <meta name='ocr-system' content='tesseract 3.04.00' />
  <meta name='ocr-capabilities' content='ocr_page ocr_carea ocr_par ocr_line ocrx_word'/>
</head>
<body>
  <div class='ocr_page' id='page_1' title='image "./bibliothecalati01gallgoog_0224.png"; bbox 0 0 3622 5406; ppageno 0'>
   <div class='ocr_carea' id='block_1_1' title="bbox 21 321 1562 4779">
    <p class='ocr_par' dir='ltr' id='par_1_1' title="bbox 68 321 1560 3008">
     <span class='ocr_line' id='line_1_1' title="bbox 124 321 1556 405; baseline 0 -15"><span class='ocrx_word' id='word_1_1' title='bbox 124 327 189 390; x_wconf 84' lang='grc'><strong>44444.</strong></span> <span class='ocrx_word' id='word_1_2' title='bbox 202 321 312 384; x_wconf 85' lang='lat' dir='ltr'><strong><em>lmdita</em></strong></span> <span class='ocrx_word' id='word_1_3' title='bbox 326 323 363 384; x_wconf 89' lang='lat' dir='ltr'><strong><em>de</em></strong></span> <span class='ocrx_word' id='word_1_4' title='bbox 377 324 488 403; x_wconf 87' lang='lat' dir='ltr'><strong><em>quibus</em></strong></span> <span class='ocrx_word' id='word_1_5' title='bbox 500 323 650 402; x_wconf 73' lang='lat' dir='ltr'><strong><em>launoius</em></strong></span> <span class='ocrx_word' id='word_1_6' title='bbox 666 343 693 403; x_wconf 89' lang='lat' dir='ltr'><strong><em>p.</em></strong></span> <span class='ocrx_word' id='word_1_7' title='bbox 708 324 778 388; x_wconf 89' lang='grc'><strong>479.</strong></span> <span class='ocrx_word' id='word_1_8' title='bbox 832 341 885 386; x_wconf 85' lang='lat' dir='ltr'><strong><em>oro</em></strong></span> <span class='ocrx_word' id='word_1_9' title='bbox 902 323 1042 386; x_wconf 75' lang='lat' dir='ltr'><strong><em>Concilio</em></strong></span> <span class='ocrx_word' id='word_1_10' title='bbox 1059 324 1156 387; x_wconf 87' lang='lat' dir='ltr'><strong><em>denuo</em></strong></span> <span class='ocrx_word' id='word_1_11' title='bbox 1172 323 1309 405; x_wconf 81' lang='lat' dir='ltr'><strong><em>publicae</em></strong></span> <span class='ocrx_word' id='word_1_12' title='bbox 1326 327 1457 389; x_wconf 73' lang='lat' dir='ltr'><strong><em>utilitati</em></strong></span> <span class='ocrx_word' id='word_1_13' title='bbox 1474 328 1556 390; x_wconf 87' lang='lat' dir='ltr'><strong><em>dedi·</em></strong></span> 
     </span>
     <span class='ocr_line' id='line_1_2' title="bbox 93 415 1554 499; baseline -0.001 -17"><span class='ocrx_word' id='word_1_14' title='bbox 93 425 223 482; x_wconf 79' lang='lat' dir='ltr'><strong><em>lactatus</em></strong></span> <span class='ocrx_word' id='word_1_15' title='bbox 240 431 332 496; x_wconf 80' lang='lat' dir='ltr'><strong><em>super</em></strong></span> <span class='ocrx_word' id='word_1_16' title='bbox 351 415 505 477; x_wconf 77' lang='lat' dir='ltr'><strong><em>nostium</em></strong></span> <span class='ocrx_word' id='word_1_17' title='bbox 521 416 557 476; x_wconf 87' lang='lat' dir='ltr'><strong><em>de</em></strong></span> <span class='ocrx_word' id='word_1_18' title='bbox 575 415 780 480; x_wconf 74' lang='lat' dir='ltr'><strong><em>Consolatione</em></strong></span> <span class='ocrx_word' id='word_1_19' title='bbox 832 436 899 478; x_wconf 85' lang='lat' dir='ltr'><strong><em>mus</em></strong></span> <span class='ocrx_word' id='word_1_20' title='bbox 914 428 968 478; x_wconf 89' lang='lat' dir='ltr'><strong><em>etc.</em></strong></span> <span class='ocrx_word' id='word_1_21' title='bbox 987 418 1188 494; x_wconf 78' lang='lat' dir='ltr'><strong><em>Quamobrem</em></strong></span> <span class='ocrx_word' id='word_1_22' title='bbox 1209 427 1237 480; x_wconf 90' lang='lat' dir='ltr'><strong><em>et</em></strong></span> <span class='ocrx_word' id='word_1_23' title='bbox 1258 419 1415 499; x_wconf 82' lang='lat' dir='ltr'><strong><em>quemdam</em></strong></span> <span class='ocrx_word' id='word_1_24' title='bbox 1437 430 1554 481; x_wconf 88' lang='lat' dir='ltr'><strong><em>trocta-</em></strong></span> 
     </span>
     <span class='ocr_line' id='line_1_3' title="bbox 94 508 1557 592; baseline 0.002 -20"><span class='ocrx_word' id='word_1_25' title='bbox 94 508 290 588; x_wconf 80' lang='lat' dir='ltr'><strong><em>Piilosopbioe,</em></strong></span> <span class='ocrx_word' id='word_1_26' title='bbox 311 525 380 570; x_wconf 87' lang='lat' dir='ltr'><strong><em>cum</em></strong></span> <span class='ocrx_word' id='word_1_27' title='bbox 412 511 594 588; x_wconf 78' lang='lat' dir='ltr'><strong><em>praefatione</em></strong></span> <span class='ocrx_word' id='word_1_28' title='bbox 625 527 702 588; x_wconf 85' lang='lat' dir='ltr'><strong><em>quae</em></strong></span> <span class='ocrx_word' id='word_1_29' title='bbox 734 513 780 570; x_wconf 78' lang='lat' dir='ltr'><strong><em>in·</em></strong></span> <span class='ocrx_word' id='word_1_30' title='bbox 832 510 931 570; x_wconf 90' lang='lat' dir='ltr'><strong><em>tulum</em></strong></span> <span class='ocrx_word' id='word_1_31' title='bbox 949 510 982 570; x_wconf 89' lang='lat' dir='ltr'><strong><em>de</em></strong></span> <span class='ocrx_word' id='word_1_32' title='bbox 1004 512 1218 590; x_wconf 71' lang='lat' dir='ltr'><strong><em>reformatione</em></strong></span> <span class='ocrx_word' id='word_1_33' title='bbox 1230 509 1557 592; x_wconf 72' lang='grc' dir='ltr'><strong>14004οο0οπ000ρο-</strong></span> 
     </span>
     <span class='ocr_line' id='line_1_4' title="bbox 91 600 1557 682; baseline 0.003 -19"><span class='ocrx_word' id='word_1_34' title='bbox 91 604 162 682; x_wconf 85' lang='lat' dir='ltr'><strong><em>cipit:</em></strong></span> <span class='ocrx_word' id='word_1_35' title='bbox 177 600 420 662; x_wconf 75' lang='lat' dir='ltr'><strong><em>beomendissr&#39;mi</em></strong></span> <span class='ocrx_word' id='word_1_36' title='bbox 436 604 565 676; x_wconf 85' lang='lat' dir='ltr'><strong><em>Patres,</em></strong></span> <span class='ocrx_word' id='word_1_37' title='bbox 582 602 726 681; x_wconf 76' lang='lat' dir='ltr'><strong><em>blopisiri</em></strong></span> <span class='ocrx_word' id='word_1_38' title='bbox 742 619 779 662; x_wconf 89' lang='lat' dir='ltr'><strong><em>no</em></strong></span> <span class='ocrx_word' id='word_1_39' title='bbox 832 603 1008 665; x_wconf 86' lang='lat' dir='ltr'><strong><em>blioaoimus</em></strong></span> <span class='ocrx_word' id='word_1_40' title='bbox 1027 606 1162 666; x_wconf 86' lang='lat' dir='ltr'><strong><em>Proiecto</em></strong></span> <span class='ocrx_word' id='word_1_41' title='bbox 1180 609 1342 666; x_wconf 86' lang='lat' dir='ltr'><strong><em>tractatum</em></strong></span> <span class='ocrx_word' id='word_1_42' title='bbox 1362 606 1442 666; x_wconf 90' lang='lat' dir='ltr'><strong><em>hunc</em></strong></span> <span class='ocrx_word' id='word_1_43' title='bbox 1458 607 1493 666; x_wconf 90' lang='lat' dir='ltr'><strong><em>de</em></strong></span> <span class='ocrx_word' id='word_1_44' title='bbox 1508 623 1557 668; x_wconf 87' lang='lat' dir='ltr'><strong><em>rc-</em></strong></span> 
     </span>
     <span class='ocr_line' id='line_1_5' title="bbox 92 693 1553 776; baseline 0.002 -20"><span class='ocrx_word' id='word_1_45' title='bbox 92 693 188 756; x_wconf 83' lang='lat' dir='ltr'><strong><em>Doniui</em></strong></span> <span class='ocrx_word' id='word_1_46' title='bbox 203 693 362 755; x_wconf 78' lang='lat' dir='ltr'><strong><em>rmissbni.</em></strong></span> <span class='ocrx_word' id='word_1_47' title='bbox 391 693 470 756; x_wconf 87' lang='lat' dir='ltr'><strong><em>illibi</em></strong></span> <span class='ocrx_word' id='word_1_48' title='bbox 500 694 602 754; x_wconf 85' lang='lat' dir='ltr'><strong><em>arduo</em></strong></span> <span class='ocrx_word' id='word_1_49' title='bbox 634 694 779 756; x_wconf 84' lang='lat' dir='ltr'><strong><em>scandere</em></strong></span> <span class='ocrx_word' id='word_1_50' title='bbox 830 697 1011 776; x_wconf 73' lang='lat' dir='ltr'><strong><em>formatione</em></strong></span> <span class='ocrx_word' id='word_1_51' title='bbox 1029 697 1178 758; x_wconf 81' lang='lat' dir='ltr'><strong><em>Ecclesiae</em></strong></span> <span class='ocrx_word' id='word_1_52' title='bbox 1193 699 1344 758; x_wconf 89' lang='lat' dir='ltr'><strong><em>sincerum</em></strong></span> <span class='ocrx_word' id='word_1_53' title='bbox 1364 715 1431 758; x_wconf 87' lang='lat' dir='ltr'><strong><em>esse</em></strong></span> <span class='ocrx_word' id='word_1_54' title='bbox 1447 700 1553 760; x_wconf 82' lang='lat' dir='ltr'><strong><em>Came·</em></strong></span> 
     </span>
     <span class='ocr_line' id='line_1_6' title="bbox 90 787 1557 867; baseline 0.002 -18"><span class='ocrx_word' id='word_1_55' title='bbox 90 788 186 849; x_wconf 76' lang='grc' dir='ltr'><strong>00400οζ</strong></span> <span class='ocrx_word' id='word_1_56' title='bbox 201 789 363 864; x_wconf 79' lang='lat' dir='ltr'><strong><em>Descriptio</em></strong></span> <span class='ocrx_word' id='word_1_57' title='bbox 380 787 580 867; x_wconf 77' lang='lat' dir='ltr'><strong><em>rirapinarioe</em></strong></span> <span class='ocrx_word' id='word_1_58' title='bbox 599 788 722 852; x_wconf 81' lang='grc'><strong>0404000</strong></span> <span class='ocrx_word' id='word_1_59' title='bbox 734 788 780 851; x_wconf 61' lang='lat' dir='ltr'><strong><em>‘de</em></strong></span> <span class='ocrx_word' id='word_1_60' title='bbox 834 792 967 850; x_wconf 82' lang='lat' dir='ltr'><strong><em>recensis</em></strong></span> <span class='ocrx_word' id='word_1_61' title='bbox 979 789 1090 850; x_wconf 89' lang='lat' dir='ltr'><strong><em>loetum</em></strong></span> <span class='ocrx_word' id='word_1_62' title='bbox 1111 806 1198 850; x_wconf 88' lang='lat' dir='ltr'><strong><em>nemo</em></strong></span> <span class='ocrx_word' id='word_1_63' title='bbox 1215 789 1349 867; x_wconf 84' lang='lat' dir='ltr'><strong><em>ambigit,</em></strong></span> <span class='ocrx_word' id='word_1_64' title='bbox 1361 791 1489 850; x_wconf 90' lang='lat' dir='ltr'><strong><em>Demum</em></strong></span> <span class='ocrx_word' id='word_1_65' title='bbox 1508 799 1557 852; x_wconf 86' lang='lat' dir='ltr'><strong><em>est</em></strong></span> 
     </span>
     <span class='ocr_line' id='line_1_7' title="bbox 91 879 1553 959; baseline 0.002 -19"><span class='ocrx_word' id='word_1_66' title='bbox 91 879 364 958; x_wconf 60' lang='lat' dir='ltr'><strong><em>tannebrunne,</em></strong></span> <span class='ocrx_word' id='word_1_67' title='bbox 382 883 412 940; x_wconf 91' lang='lat' dir='ltr'><strong><em>in</em></strong></span> <span class='ocrx_word' id='word_1_68' title='bbox 434 882 578 959; x_wconf 90' lang='lat' dir='ltr'><strong><em>principio</em></strong></span> <span class='ocrx_word' id='word_1_69' title='bbox 595 897 686 959; x_wconf 88' lang='lat' dir='ltr'><strong><em>super</em></strong></span> <span class='ocrx_word' id='word_1_70' title='bbox 703 883 781 943; x_wconf 80' lang='lat' dir='ltr'><strong><em>Cen·</em></strong></span> <span class='ocrx_word' id='word_1_71' title='bbox 834 883 872 944; x_wconf 89' lang='lat' dir='ltr'><strong><em>ibi</em></strong></span> <span class='ocrx_word' id='word_1_72' title='bbox 887 900 986 943; x_wconf 86' lang='lat' dir='ltr'><strong><em>sermo</em></strong></span> <span class='ocrx_word' id='word_1_73' title='bbox 1000 885 1077 943; x_wconf 84' lang='lat' dir='ltr'><strong><em>Petri</em></strong></span> <span class='ocrx_word' id='word_1_74' title='bbox 1095 883 1185 944; x_wconf 87' lang='lat' dir='ltr'><strong><em>huius</em></strong></span> <span class='ocrx_word' id='word_1_75' title='bbox 1212 882 1245 941; x_wconf 86' lang='lat' dir='ltr'><strong><em>de</em></strong></span> <span class='ocrx_word' id='word_1_76' title='bbox 1274 881 1410 942; x_wconf 89' lang='lat' dir='ltr'><strong><em>omnibus</em></strong></span> <span class='ocrx_word' id='word_1_77' title='bbox 1437 884 1553 944; x_wconf 84' lang='lat' dir='ltr'><strong><em>sanctis</em></strong></span> 
     </span>
     <span class='ocr_line' id='line_1_8' title="bbox 90 973 1554 1051; baseline 0.004 -20"><span class='ocrx_word' id='word_1_78' title='bbox 90 975 137 1034; x_wconf 82' lang='lat' dir='ltr'><strong><em>tica</em></strong></span> <span class='ocrx_word' id='word_1_79' title='bbox 163 973 214 1033; x_wconf 81' lang='lat' dir='ltr'><strong><em>dn.</em></strong></span> <span class='ocrx_word' id='word_1_80' title='bbox 246 973 334 1033; x_wconf 85' lang='grc'><strong>4374.</strong></span> <span class='ocrx_word' id='word_1_81' title='bbox 365 989 434 1034; x_wconf 86' lang='lat' dir='ltr'><strong><em>cum</em></strong></span> <span class='ocrx_word' id='word_1_82' title='bbox 463 973 548 1050; x_wconf 80' lang='lat' dir='ltr'><strong><em>longa</em></strong></span> <span class='ocrx_word' id='word_1_83' title='bbox 579 975 780 1051; x_wconf 84' lang='lat' dir='ltr'><strong><em>praelatione,</em></strong></span> <span class='ocrx_word' id='word_1_84' title='bbox 834 976 954 1038; x_wconf 87' lang='lat' dir='ltr'><strong><em>habitus</em></strong></span> <span class='ocrx_word' id='word_1_85' title='bbox 972 979 1002 1037; x_wconf 87' lang='lat' dir='ltr'><strong><em>in</em></strong></span> <span class='ocrx_word' id='word_1_86' title='bbox 1019 978 1110 1038; x_wconf 87' lang='lat' dir='ltr'><strong><em>Conc.</em></strong></span> <span class='ocrx_word' id='word_1_87' title='bbox 1125 977 1349 1039; x_wconf 75' lang='lat' dir='ltr'><strong><em>constantiensi</em></strong></span> <span class='ocrx_word' id='word_1_88' title='bbox 1367 976 1397 1033; x_wconf 91' lang='lat' dir='ltr'><strong><em>in</em></strong></span> <span class='ocrx_word' id='word_1_89' title='bbox 1414 975 1484 1035; x_wconf 91' lang='lat' dir='ltr'><strong><em>iilud</em></strong></span> <span class='ocrx_word' id='word_1_90' title='bbox 1506 975 1554 1037; x_wconf 72' lang='lat' dir='ltr'><strong><em>st</em></strong></span> 
     </span>
     <span class='ocr_line' id='line_1_9' title="bbox 90 1066 1553 1148; baseline 0.002 -23"><span class='ocrx_word' id='word_1_91' title='bbox 90 1081 151 1143; x_wconf 84' lang='lat' dir='ltr'><strong><em>quse</em></strong></span> <span class='ocrx_word' id='word_1_92' title='bbox 166 1067 192 1124; x_wconf 93' lang='lat' dir='ltr'><strong><em>in</em></strong></span> <span class='ocrx_word' id='word_1_93' title='bbox 208 1066 393 1143; x_wconf 79' lang='lat' dir='ltr'><strong><em>expositione</em></strong></span> <span class='ocrx_word' id='word_1_94' title='bbox 410 1081 501 1144; x_wconf 87' lang='lat' dir='ltr'><strong><em>super</em></strong></span> <span class='ocrx_word' id='word_1_95' title='bbox 515 1067 637 1128; x_wconf 84' lang='lat' dir='ltr'><strong><em>Cantica</em></strong></span> <span class='ocrx_word' id='word_1_96' title='bbox 656 1067 780 1145; x_wconf 81' lang='lat' dir='ltr'><strong><em>lingent.</em></strong></span> <span class='ocrx_word' id='word_1_97' title='bbox 831 1085 926 1147; x_wconf 76' lang='lat' dir='ltr'><strong><em>puum</em></strong></span> <span class='ocrx_word' id='word_1_98' title='bbox 948 1087 1111 1148; x_wconf 78' lang='lat' dir='ltr'><strong><em>mopnum,</em></strong></span> <span class='ocrx_word' id='word_1_99' title='bbox 1131 1085 1221 1146; x_wconf 89' lang='lat' dir='ltr'><strong><em>quern</em></strong></span> <span class='ocrx_word' id='word_1_100' title='bbox 1251 1070 1363 1146; x_wconf 86' lang='lat' dir='ltr'><strong><em>pariter</em></strong></span> <span class='ocrx_word' id='word_1_101' title='bbox 1381 1067 1553 1143; x_wconf 87' lang='lat' dir='ltr'><strong><em>Fabricius,</em></strong></span> 
     </span>
     <span class='ocr_line' id='line_1_10' title="bbox 89 1153 1408 1235; baseline 0.002 -18"><span class='ocrx_word' id='word_1_102' title='bbox 89 1157 159 1218; x_wconf 89' lang='grc'><strong>4490.</strong></span> <span class='ocrx_word' id='word_1_103' title='bbox 171 1156 384 1217; x_wconf 80' lang='lat' dir='ltr'><strong><em>desiderantur.</em></strong></span> <span class='ocrx_word' id='word_1_104' title='bbox 402 1153 566 1235; x_wconf 64' lang='lat' dir='ltr'><strong><em>propositio</em></strong></span> <span class='ocrx_word' id='word_1_105' title='bbox 583 1159 661 1220; x_wconf 85' lang='lat' dir='ltr'><strong><em>iacta</em></strong></span> <span class='ocrx_word' id='word_1_106' title='bbox 678 1176 779 1219; x_wconf 87' lang='lat' dir='ltr'><strong><em>coram</em></strong></span> <span class='ocrx_word' id='word_1_107' title='bbox 835 1163 882 1222; x_wconf 86' lang='lat' dir='ltr'><strong><em>hio</em></strong></span> <span class='ocrx_word' id='word_1_108' title='bbox 900 1164 979 1224; x_wconf 86' lang='lat' dir='ltr'><strong><em>inter</em></strong></span> <span class='ocrx_word' id='word_1_109' title='bbox 994 1169 1130 1222; x_wconf 84' lang='lat' dir='ltr'><strong><em>caeteros</em></strong></span> <span class='ocrx_word' id='word_1_110' title='bbox 1152 1177 1210 1220; x_wconf 91' lang='lat' dir='ltr'><strong><em>non</em></strong></span> <span class='ocrx_word' id='word_1_111' title='bbox 1229 1161 1408 1220; x_wconf 76' lang='lat' dir='ltr'><strong><em>recenset*</em></strong></span> 
     </span>
     <span class='ocr_line' id='line_1_11' title="bbox 87 1247 1555 1332; baseline 0.003 -23"><span class='ocrx_word' id='word_1_112' title='bbox 87 1251 148 1326; x_wconf 81' lang='lat' dir='ltr'><strong><em>inps</em></strong></span> <span class='ocrx_word' id='word_1_113' title='bbox 165 1247 309 1310; x_wconf 85' lang='lat' dir='ltr'><strong><em>adversus</em></strong></span> <span class='ocrx_word' id='word_1_114' title='bbox 329 1249 547 1311; x_wconf 85' lang='lat' dir='ltr'><strong><em>Cancellurium</em></strong></span> <span class='ocrx_word' id='word_1_115' title='bbox 579 1252 671 1311; x_wconf 87' lang='lat' dir='ltr'><strong><em>Paris.</em></strong></span> <span class='ocrx_word' id='word_1_116' title='bbox 702 1269 779 1329; x_wconf 87' lang='lat' dir='ltr'><strong><em>quae</em></strong></span> <span class='ocrx_word' id='word_1_117' title='bbox 873 1253 1555 1332; x_wconf 72' lang='lat' dir='ltr'><strong><em>&#39;¹*DeEooiesiasticapotestatetraetatusete.</em></strong></span> 
     </span>
     <span class='ocr_line' id='line_1_12' title="bbox 84 1342 1557 1426; baseline 0.005 -26"><span class='ocrx_word' id='word_1_118' title='bbox 84 1343 186 1419; x_wconf 89' lang='lat' dir='ltr'><strong><em>incipit:</em></strong></span> <span class='ocrx_word' id='word_1_119' title='bbox 218 1342 340 1402; x_wconf 85' lang='lat' dir='ltr'><strong><em>Domina</em></strong></span> <span class='ocrx_word' id='word_1_120' title='bbox 366 1342 427 1403; x_wconf 78' lang='lat' dir='ltr'><strong><em>vien</em></strong></span> <span class='ocrx_word' id='word_1_121' title='bbox 443 1343 554 1423; x_wconf 84' lang='lat' dir='ltr'><strong><em>patior.</em></strong></span> <span class='ocrx_word' id='word_1_122' title='bbox 576 1343 719 1416; x_wconf 79' lang='lat' dir='ltr'><strong><em>Quaestio</em></strong></span> <span class='ocrx_word' id='word_1_123' title='bbox 740 1345 778 1406; x_wconf 90' lang='lat' dir='ltr'><strong><em>de</em></strong></span> <span class='ocrx_word' id='word_1_124' title='bbox 830 1344 1142 1426; x_wconf 76' lang='lat' dir='ltr'><strong><em>soctnrb&#39;onstnntiae</em></strong></span> <span class='ocrx_word' id='word_1_125' title='bbox 1158 1344 1336 1407; x_wconf 70' lang='lat' dir='ltr'><strong><em>nultra.</em></strong></span> <span class='ocrx_word' id='word_1_126' title='bbox 1357 1345 1391 1406; x_wconf 87' lang='lat' dir='ltr'><strong><em>S.</em></strong></span> <span class='ocrx_word' id='word_1_127' title='bbox 1406 1343 1557 1408; x_wconf 79' lang='lat' dir='ltr'><strong><em>Concibi</em></strong></span> 
     </span>
     <span class='ocr_line' id='line_1_13' title="bbox 85 1434 1558 1514; baseline 0.005 -22"><span class='ocrx_word' id='word_1_128' title='bbox 85 1434 294 1512; x_wconf 80' lang='lat' dir='ltr'><strong><em>reprehensione</em></strong></span> <span class='ocrx_word' id='word_1_129' title='bbox 305 1438 382 1496; x_wconf 89' lang='lat' dir='ltr'><strong><em>Petri</em></strong></span> <span class='ocrx_word' id='word_1_130' title='bbox 398 1437 416 1496; x_wconf 78' lang='grc'><strong><em>0</em></strong></span> <span class='ocrx_word' id='word_1_131' title='bbox 431 1437 521 1498; x_wconf 88' lang='lat' dir='ltr'><strong><em>Paulo</em></strong></span> <span class='ocrx_word' id='word_1_132' title='bbox 539 1437 614 1499; x_wconf 86' lang='lat' dir='ltr'><strong><em>iacta</em></strong></span> <span class='ocrx_word' id='word_1_133' title='bbox 630 1457 636 1498; x_wconf 93' lang='lat'><strong>:</strong></span> <span class='ocrx_word' id='word_1_134' title='bbox 656 1437 782 1514; x_wconf 81' lang='grc'><strong>(4000044</strong></span> <span class='ocrx_word' id='word_1_135' title='bbox 833 1440 987 1500; x_wconf 78' lang='lat' dir='ltr'><strong><em>asistente.</em></strong></span> <span class='ocrx_word' id='word_1_136' title='bbox 1005 1447 1078 1499; x_wconf 84' lang='lat' dir='ltr'><strong><em>erat.</em></strong></span> <span class='ocrx_word' id='word_1_137' title='bbox 1091 1437 1293 1508; x_wconf 70' lang='lat' dir='ltr'><strong><em>MS.Venetiis</em></strong></span> <span class='ocrx_word' id='word_1_138' title='bbox 1308 1441 1338 1497; x_wconf 91' lang='lat' dir='ltr'><strong><em>in</em></strong></span> <span class='ocrx_word' id='word_1_139' title='bbox 1353 1440 1558 1502; x_wconf 87' lang='lat' dir='ltr'><strong><em>Trivisuna.V.</em></strong></span> 
     </span>
     <span class='ocr_line' id='line_1_14' title="bbox 82 1526 1558 1608; baseline 0.007 -23"><span class='ocrx_word' id='word_1_140' title='bbox 82 1527 150 1587; x_wconf 86' lang='lat' dir='ltr'><strong><em>bns</em></strong></span> <span class='ocrx_word' id='word_1_141' title='bbox 167 1526 300 1590; x_wconf 80' lang='lat' dir='ltr'><strong><em>ebaritas</em></strong></span> <span class='ocrx_word' id='word_1_142' title='bbox 326 1534 438 1590; x_wconf 86' lang='lat' dir='ltr'><strong><em>vestra.</em></strong></span> <span class='ocrx_word' id='word_1_143' title='bbox 460 1530 623 1608; x_wconf 77' lang='lat' dir='ltr'><strong><em>Responsio</em></strong></span> <span class='ocrx_word' id='word_1_144' title='bbox 649 1534 678 1592; x_wconf 95' lang='lat' dir='ltr'><strong><em>in</em></strong></span> <span class='ocrx_word' id='word_1_145' title='bbox 711 1533 779 1593; x_wconf 85' lang='lat' dir='ltr'><strong><em>auia</em></strong></span> <span class='ocrx_word' id='word_1_146' title='bbox 835 1533 913 1592; x_wconf 81' lang='lat' dir='ltr'><strong><em>Zeno</em></strong></span> <span class='ocrx_word' id='word_1_147' title='bbox 928 1536 1046 1594; x_wconf 81' lang='lat' dir='ltr'><strong><em>Lettera</em></strong></span> <span class='ocrx_word' id='word_1_148' title='bbox 1060 1532 1138 1592; x_wconf 87' lang='grc'><strong>4704</strong></span> <span class='ocrx_word' id='word_1_149' title='bbox 1162 1539 1194 1592; x_wconf 85' lang='grc'><strong><em>04</em></strong></span> <span class='ocrx_word' id='word_1_150' title='bbox 1209 1539 1231 1591; x_wconf 94' lang='grc'><strong><em>4.</em></strong></span> <span class='ocrx_word' id='word_1_151' title='bbox 1246 1535 1272 1593; x_wconf 70' lang='lat' dir='ltr'><strong><em>l.</em></strong></span> <span class='ocrx_word' id='word_1_152' title='bbox 1289 1533 1358 1592; x_wconf 72' lang='grc'><strong>249.</strong></span> <span class='ocrx_word' id='word_1_153' title='bbox 1375 1532 1451 1592; x_wconf 89' lang='lat' dir='ltr'><strong><em>ediz.</em></strong></span> <span class='ocrx_word' id='word_1_154' title='bbox 1469 1533 1558 1596; x_wconf 84' lang='grc'><strong>4785.</strong></span> 
     </span>
     <span class='ocr_line' id='line_1_15' title="bbox 82 1620 1558 1703; baseline 0.004 -25"><span class='ocrx_word' id='word_1_155' title='bbox 82 1620 216 1700; x_wconf 75' lang='lat' dir='ltr'><strong><em>Episcopi:</em></strong></span> <span class='ocrx_word' id='word_1_156' title='bbox 237 1627 343 1682; x_wconf 88' lang='lat' dir='ltr'><strong><em>utrum</em></strong></span> <span class='ocrx_word' id='word_1_157' title='bbox 363 1621 486 1684; x_wconf 83' lang='lat' dir='ltr'><strong><em>Cllristi</em></strong></span> <span class='ocrx_word' id='word_1_158' title='bbox 507 1621 709 1700; x_wconf 70' lang='lat' dir='ltr'><strong><em>compereor</em></strong></span> <span class='ocrx_word' id='word_1_159' title='bbox 725 1640 781 1703; x_wconf 89' lang='lat' dir='ltr'><strong><em>po-</em></strong></span> <span class='ocrx_word' id='word_1_160' title='bbox 874 1626 918 1685; x_wconf 87' lang='lat' dir='ltr'><strong><em>De</em></strong></span> <span class='ocrx_word' id='word_1_161' title='bbox 937 1625 1142 1686; x_wconf 83' lang='lat' dir='ltr'><strong><em>emendatione</em></strong></span> <span class='ocrx_word' id='word_1_162' title='bbox 1158 1624 1310 1686; x_wconf 79' lang='lat' dir='ltr'><strong><em>Ecclesiae</em></strong></span> <span class='ocrx_word' id='word_1_163' title='bbox 1325 1627 1354 1685; x_wconf 92' lang='lat' dir='ltr'><strong><em>in</em></strong></span> <span class='ocrx_word' id='word_1_164' title='bbox 1370 1627 1401 1698; x_wconf 86' lang='grc' dir='ltr'><strong><em>Ι4.</em></strong></span> <span class='ocrx_word' id='word_1_165' title='bbox 1416 1627 1486 1686; x_wconf 88' lang='lat' dir='ltr'><strong><em>Siue</em></strong></span> <span class='ocrx_word' id='word_1_166' title='bbox 1503 1627 1558 1686; x_wconf 89' lang='lat' dir='ltr'><strong><em>ioci</em></strong></span> 
     </span>
     <span class='ocr_line' id='line_1_16' title="bbox 81 1713 1559 1797; baseline 0.003 -24"><span class='ocrx_word' id='word_1_167' title='bbox 81 1717 193 1774; x_wconf 79' lang='grc'><strong>4040400</strong></span> <span class='ocrx_word' id='word_1_168' title='bbox 224 1713 395 1775; x_wconf 78' lang='lat' dir='ltr'><strong><em>damnetur.</em></strong></span> <span class='ocrx_word' id='word_1_169' title='bbox 434 1715 588 1777; x_wconf 83' lang='lat' dir='ltr'><strong><em>invectiva</em></strong></span> <span class='ocrx_word' id='word_1_170' title='bbox 614 1714 780 1777; x_wconf 76' lang='lat' dir='ltr'><strong><em>Ezechielis</em></strong></span> <span class='ocrx_word' id='word_1_171' title='bbox 834 1721 955 1779; x_wconf 81' lang='lat' dir='ltr'><strong><em>stanni</em></strong></span> <span class='ocrx_word' id='word_1_172' title='bbox 974 1724 1043 1778; x_wconf 85' lang='lat' dir='ltr'><strong><em>notu</em></strong></span> <span class='ocrx_word' id='word_1_173' title='bbox 1061 1720 1140 1778; x_wconf 89' lang='lat' dir='ltr'><strong><em>etin</em></strong></span> <span class='ocrx_word' id='word_1_174' title='bbox 1163 1717 1319 1781; x_wconf 85' lang='lat' dir='ltr'><strong><em>Fasciculo</em></strong></span> <span class='ocrx_word' id='word_1_175' title='bbox 1342 1734 1399 1777; x_wconf 89' lang='lat' dir='ltr'><strong><em>rer.</em></strong></span> <span class='ocrx_word' id='word_1_176' title='bbox 1428 1717 1559 1797; x_wconf 83' lang='lat' dir='ltr'><strong><em>fugiend.</em></strong></span> 
     </span>
     <span class='ocr_line' id='line_1_17' title="bbox 80 1809 1559 1891; baseline -0.001 -21"><span class='ocrx_word' id='word_1_177' title='bbox 80 1809 778 1891; x_wconf 74' lang='lat' dir='ltr'><strong><em>mnurmmoproeottcotores.sermonesvarit‚</em></strong></span> <span class='ocrx_word' id='word_1_178' title='bbox 832 1813 902 1874; x_wconf 73' lang='grc'><strong>004.</strong></span> <span class='ocrx_word' id='word_1_179' title='bbox 914 1811 1046 1872; x_wconf 82' lang='lat' dir='ltr'><strong><em>Errores</em></strong></span> <span class='ocrx_word' id='word_1_180' title='bbox 1062 1821 1161 1883; x_wconf 80' lang='grc' dir='ltr'><strong><em>000400Ι</em></strong></span> <span class='ocrx_word' id='word_1_181' title='bbox 1174 1810 1328 1870; x_wconf 81' lang='lat' dir='ltr'><strong><em>bominum</em></strong></span> <span class='ocrx_word' id='word_1_182' title='bbox 1344 1809 1559 1887; x_wconf 76' lang='lat' dir='ltr'><strong><em>intellipentioe</em></strong></span> 
     </span>
     <span class='ocr_line' id='line_1_18' title="bbox 79 1901 1558 1984; baseline 0.001 -23"><span class='ocrx_word' id='word_1_183' title='bbox 79 1909 105 1961; x_wconf 90' lang='lat' dir='ltr'><strong><em>ot</em></strong></span> <span class='ocrx_word' id='word_1_184' title='bbox 120 1902 153 1963; x_wconf 89' lang='lat' dir='ltr'><strong><em>de</em></strong></span> <span class='ocrx_word' id='word_1_185' title='bbox 177 1906 266 1965; x_wconf 80' lang='lat' dir='ltr'><strong><em>vinea</em></strong></span> <span class='ocrx_word' id='word_1_186' title='bbox 301 1904 417 1964; x_wconf 86' lang='lat' dir='ltr'><strong><em>Domini</em></strong></span> <span class='ocrx_word' id='word_1_187' title='bbox 439 1903 544 1973; x_wconf 72' lang='lat' dir='ltr'><strong><em>dietih.</em></strong></span> <span class='ocrx_word' id='word_1_188' title='bbox 566 1905 634 1964; x_wconf 84' lang='lat' dir='ltr'><strong><em>XX.</em></strong></span> <span class='ocrx_word' id='word_1_189' title='bbox 655 1920 693 1964; x_wconf 84' lang='lat' dir='ltr'><strong><em>ex</em></strong></span> <span class='ocrx_word' id='word_1_190' title='bbox 719 1920 779 1982; x_wconf 90' lang='lat' dir='ltr'><strong><em>quo</em></strong></span> <span class='ocrx_word' id='word_1_191' title='bbox 828 1913 856 1964; x_wconf 92' lang='lat' dir='ltr'><strong><em>et</em></strong></span> <span class='ocrx_word' id='word_1_192' title='bbox 870 1912 1145 1984; x_wconf 85' lang='lat' dir='ltr'><strong><em>praeessusoontra</em></strong></span> <span class='ocrx_word' id='word_1_193' title='bbox 1160 1901 1558 1964; x_wconf 80' lang='lat' dir='ltr'><strong><em>Villelmumdeiliideubu-</em></strong></span> 
     </span>
     <span class='ocr_line' id='line_1_19' title="bbox 79 1992 1557 2076; baseline 0.002 -24"><span class='ocrx_word' id='word_1_194' title='bbox 79 1997 200 2057; x_wconf 89' lang='lat' dir='ltr'><strong><em>nonnulla</em></strong></span> <span class='ocrx_word' id='word_1_195' title='bbox 231 1997 375 2060; x_wconf 83' lang='lat' dir='ltr'><strong><em>laudatus</em></strong></span> <span class='ocrx_word' id='word_1_196' title='bbox 397 1996 539 2057; x_wconf 81' lang='lat' dir='ltr'><strong><em>Dardtins</em></strong></span> <span class='ocrx_word' id='word_1_197' title='bbox 559 2002 632 2056; x_wconf 86' lang='lat' dir='ltr'><strong><em>tom.</em></strong></span> <span class='ocrx_word' id='word_1_198' title='bbox 655 2000 682 2058; x_wconf 89' lang='lat' dir='ltr'><strong><em>t.</em></strong></span> <span class='ocrx_word' id='word_1_199' title='bbox 711 2011 776 2076; x_wconf 80' lang='lat' dir='ltr'><strong><em>pag.</em></strong></span> <span class='ocrx_word' id='word_1_200' title='bbox 831 2015 891 2058; x_wconf 87' lang='lat' dir='ltr'><strong><em>sen.</em></strong></span> <span class='ocrx_word' id='word_1_201' title='bbox 910 2000 942 2059; x_wconf 92' lang='lat' dir='ltr'><strong><em>ln</em></strong></span> <span class='ocrx_word' id='word_1_202' title='bbox 955 1998 1056 2060; x_wconf 87' lang='lat' dir='ltr'><strong><em>Baluz.</em></strong></span> <span class='ocrx_word' id='word_1_203' title='bbox 1071 1995 1235 2058; x_wconf 78' lang='lat' dir='ltr'><strong><em>Discedit.</em></strong></span> <span class='ocrx_word' id='word_1_204' title='bbox 1252 1992 1557 2075; x_wconf 76' lang='lat' dir='ltr'><strong><em>LucensilLucches.)</em></strong></span> 
     </span>
     <span class='ocr_line' id='line_1_20' title="bbox 77 2086 1559 2169; baseline 0.003 -25"><span class='ocrx_word' id='word_1_205' title='bbox 77 2086 130 2148; x_wconf 83' lang='grc'><strong>443.</strong></span> <span class='ocrx_word' id='word_1_206' title='bbox 149 2090 179 2149; x_wconf 87' lang='grc'><strong><em>40</em></strong></span> <span class='ocrx_word' id='word_1_207' title='bbox 207 2090 302 2152; x_wconf 83' lang='lat' dir='ltr'><strong><em>rerba</em></strong></span> <span class='ocrx_word' id='word_1_208' title='bbox 325 2087 440 2149; x_wconf 79' lang='lat' dir='ltr'><strong><em>moure</em></strong></span> <span class='ocrx_word' id='word_1_209' title='bbox 461 2086 672 2160; x_wconf 75' lang='lat' dir='ltr'><strong><em>Hierusalem,</em></strong></span> <span class='ocrx_word' id='word_1_210' title='bbox 691 2088 730 2148; x_wconf 92' lang='lat' dir='ltr'><strong><em>id.</em></strong></span> <span class='ocrx_word' id='word_1_211' title='bbox 748 2106 776 2167; x_wconf 93' lang='lat' dir='ltr'><strong><em>p.</em></strong></span> <span class='ocrx_word' id='word_1_212' title='bbox 872 2092 1017 2152; x_wconf 81' lang='lat' dir='ltr'>PETRUS</span> <span class='ocrx_word' id='word_1_213' title='bbox 1037 2087 1199 2169; x_wconf 77' lang='lat' dir='ltr'><strong><em>Alpionsi,</em></strong></span> <span class='ocrx_word' id='word_1_214' title='bbox 1222 2107 1261 2150; x_wconf 80' lang='lat' dir='ltr'><strong><em>ex</em></strong></span> <span class='ocrx_word' id='word_1_215' title='bbox 1281 2089 1417 2152; x_wconf 83' lang='lat' dir='ltr'><strong><em>iudaeus</em></strong></span> <span class='ocrx_word' id='word_1_216' title='bbox 1439 2087 1476 2148; x_wconf 88' lang='lat' dir='ltr'><strong><em>de</em></strong></span> <span class='ocrx_word' id='word_1_217' title='bbox 1497 2106 1559 2165; x_wconf 91' lang='lat' dir='ltr'><strong><em>quo</em></strong></span> 
     </span>
     <span class='ocr_line' id='line_1_21' title="bbox 77 2177 1559 2260; baseline 0.003 -22"><span class='ocrx_word' id='word_1_218' title='bbox 77 2177 131 2239; x_wconf 89' lang='grc'><strong>404.</strong></span> <span class='ocrx_word' id='word_1_219' title='bbox 161 2181 194 2242; x_wconf 88' lang='grc'><strong><em>40</em></strong></span> <span class='ocrx_word' id='word_1_220' title='bbox 216 2183 297 2243; x_wconf 82' lang='lat' dir='ltr'><strong><em>leste</em></strong></span> <span class='ocrx_word' id='word_1_221' title='bbox 321 2183 352 2254; x_wconf 74' lang='lat' dir='ltr'><strong><em>S,</em></strong></span> <span class='ocrx_word' id='word_1_222' title='bbox 380 2179 523 2242; x_wconf 78' lang='grc'><strong>40000404</strong></span> <span class='ocrx_word' id='word_1_223' title='bbox 535 2223 542 2255; x_wconf 89' lang='grc'><strong><em>,</em></strong></span> <span class='ocrx_word' id='word_1_224' title='bbox 565 2178 671 2242; x_wconf 79' lang='lat' dir='ltr'><strong><em>Caroli</em></strong></span> <span class='ocrx_word' id='word_1_225' title='bbox 688 2181 778 2259; x_wconf 80' lang='lat' dir='ltr'><strong><em>Degis</em></strong></span> <span class='ocrx_word' id='word_1_226' title='bbox 831 2185 988 2246; x_wconf 86' lang='lat' dir='ltr'><strong><em>Albericus</em></strong></span> <span class='ocrx_word' id='word_1_227' title='bbox 1010 2183 1047 2246; x_wconf 91' lang='lat' dir='ltr'><strong><em>ad</em></strong></span> <span class='ocrx_word' id='word_1_228' title='bbox 1070 2183 1128 2243; x_wconf 81' lang='lat' dir='ltr'><strong><em>An.</em></strong></span> <span class='ocrx_word' id='word_1_229' title='bbox 1152 2183 1242 2244; x_wconf 86' lang='grc'><strong>4406.</strong></span> <span class='ocrx_word' id='word_1_230' title='bbox 1261 2200 1327 2260; x_wconf 86' lang='lat' dir='ltr'><strong><em>pag.</em></strong></span> <span class='ocrx_word' id='word_1_231' title='bbox 1344 2183 1411 2242; x_wconf 78' lang='grc'><strong>406.</strong></span> <span class='ocrx_word' id='word_1_232' title='bbox 1431 2183 1559 2260; x_wconf 85' lang='lat' dir='ltr'><strong><em>scriptor</em></strong></span> 
     </span>
     <span class='ocr_line' id='line_1_22' title="bbox 74 2270 1560 2356; baseline 0.001 -23"><span class='ocrx_word' id='word_1_233' title='bbox 74 2270 177 2333; x_wconf 76' lang='grc'><strong>8044400</strong></span> <span class='ocrx_word' id='word_1_234' title='bbox 191 2273 252 2354; x_wconf 76' lang='lat' dir='ltr'><strong><em>filii</em></strong></span> <span class='ocrx_word' id='word_1_235' title='bbox 271 2275 339 2354; x_wconf 83' lang='lat' dir='ltr'><strong><em>pag.</em></strong></span> <span class='ocrx_word' id='word_1_236' title='bbox 367 2273 434 2336; x_wconf 85' lang='grc'><strong>434.</strong></span> <span class='ocrx_word' id='word_1_237' title='bbox 462 2275 568 2334; x_wconf 80' lang='lat' dir='ltr'><strong><em>Sermo</em></strong></span> <span class='ocrx_word' id='word_1_238' title='bbox 588 2276 618 2333; x_wconf 90' lang='lat' dir='ltr'><strong><em>in</em></strong></span> <span class='ocrx_word' id='word_1_239' title='bbox 641 2272 778 2352; x_wconf 83' lang='lat' dir='ltr'><strong><em>Capitulo</em></strong></span> <span class='ocrx_word' id='word_1_240' title='bbox 831 2276 1019 2356; x_wconf 76' lang='lat' dir='ltr'><strong><em>dialoporum</em></strong></span> <span class='ocrx_word' id='word_1_241' title='bbox 1040 2277 1106 2338; x_wconf 81' lang='lat' dir='ltr'><strong><em>illl.</em></strong></span> <span class='ocrx_word' id='word_1_242' title='bbox 1129 2293 1197 2336; x_wconf 87' lang='lat' dir='ltr'><strong><em>cum</em></strong></span> <span class='ocrx_word' id='word_1_243' title='bbox 1219 2276 1321 2354; x_wconf 76' lang='lat' dir='ltr'><strong><em>Mopse</em></strong></span> <span class='ocrx_word' id='word_1_244' title='bbox 1340 2274 1475 2351; x_wconf 85' lang='lat' dir='ltr'><strong><em>ludaeo,</em></strong></span> <span class='ocrx_word' id='word_1_245' title='bbox 1497 2276 1560 2335; x_wconf 86' lang='lat' dir='ltr'><strong><em>edi-</em></strong></span> 
     </span>
     <span class='ocr_line' id='line_1_23' title="bbox 74 2363 1558 2446; baseline -0.003 -12"><span class='ocrx_word' id='word_1_246' title='bbox 74 2363 422 2430; x_wconf 71' lang='lat' dir='ltr'><strong><em>Nfflmetvet&#39;t&#39;latdt</em></strong></span> <span class='ocrx_word' id='word_1_247' title='bbox 443 2371 530 2427; x_wconf 72' lang='grc'><strong>44440</strong></span> <span class='ocrx_word' id='word_1_248' title='bbox 561 2371 629 2426; x_wconf 74' lang='lat' dir='ltr'><strong><em>orla</em></strong></span> <span class='ocrx_word' id='word_1_249' title='bbox 663 2372 725 2428; x_wconf 72' lang='lat' dir='ltr'><strong><em>esi:</em></strong></span> <span class='ocrx_word' id='word_1_250' title='bbox 747 2375 778 2427; x_wconf 77' lang='lat' dir='ltr'><strong><em>ei</em></strong></span> <span class='ocrx_word' id='word_1_251' title='bbox 833 2379 933 2434; x_wconf 83' lang='lat' dir='ltr'><strong><em>torum</em></strong></span> <span class='ocrx_word' id='word_1_252' title='bbox 965 2372 1068 2432; x_wconf 81' lang='lat' dir='ltr'><strong><em>Goion.</em></strong></span> <span class='ocrx_word' id='word_1_253' title='bbox 1103 2369 1191 2431; x_wconf 85' lang='grc'><strong>4506.</strong></span> <span class='ocrx_word' id='word_1_254' title='bbox 1213 2371 1240 2434; x_wconf 82' lang='grc'><strong><em>8.</em></strong></span> <span class='ocrx_word' id='word_1_255' title='bbox 1263 2368 1435 2446; x_wconf 84' lang='lat' dir='ltr'><strong><em>dequibus</em></strong></span> <span class='ocrx_word' id='word_1_256' title='bbox 1465 2384 1558 2446; x_wconf 83' lang='lat' dir='ltr'><strong><em>supra</em></strong></span> 
     </span>
     <span class='ocr_line' id='line_1_24' title="bbox 73 2455 1558 2542; baseline 0.003 -26"><span class='ocrx_word' id='word_1_257' title='bbox 73 2455 510 2541; x_wconf 76' lang='lat' dir='ltr'><strong><em>dinstlprorrmrestropnum</em></strong></span> <span class='ocrx_word' id='word_1_258' title='bbox 525 2458 779 2522; x_wconf 83' lang='lat' dir='ltr'><strong><em>Coelorum.Ser·</em></strong></span> <span class='ocrx_word' id='word_1_259' title='bbox 832 2473 904 2526; x_wconf 89' lang='lat' dir='ltr'><strong><em>tom.</em></strong></span> <span class='ocrx_word' id='word_1_260' title='bbox 927 2469 953 2527; x_wconf 91' lang='grc'><strong><em>4.</em></strong></span> <span class='ocrx_word' id='word_1_261' title='bbox 976 2482 1041 2542; x_wconf 84' lang='lat' dir='ltr'><strong><em>pag.</em></strong></span> <span class='ocrx_word' id='word_1_262' title='bbox 1080 2463 1128 2522; x_wconf 90' lang='grc'><strong><em>70.</em></strong></span> <span class='ocrx_word' id='word_1_263' title='bbox 1166 2462 1249 2522; x_wconf 89' lang='lat' dir='ltr'><strong><em>idem</em></strong></span> <span class='ocrx_word' id='word_1_264' title='bbox 1278 2468 1384 2521; x_wconf 89' lang='lat' dir='ltr'><strong><em>auctor</em></strong></span> <span class='ocrx_word' id='word_1_265' title='bbox 1416 2461 1481 2521; x_wconf 90' lang='lat' dir='ltr'><strong><em>iibri</em></strong></span> <span class='ocrx_word' id='word_1_266' title='bbox 1509 2463 1558 2524; x_wconf 87' lang='lat' dir='ltr'><strong><em>cui</em></strong></span> 
     </span>
     <span class='ocr_line' id='line_1_25' title="bbox 74 2550 1559 2635; baseline 0.002 -26"><span class='ocrx_word' id='word_1_267' title='bbox 74 2565 111 2609; x_wconf 89' lang='lat' dir='ltr'><strong><em>no</em></strong></span> <span class='ocrx_word' id='word_1_268' title='bbox 127 2551 209 2616; x_wconf 85' lang='lat' dir='ltr'><strong><em>des.</em></strong></span> <span class='ocrx_word' id='word_1_269' title='bbox 226 2553 407 2626; x_wconf 76' lang='lat' dir='ltr'><strong><em>Bemmrda,</em></strong></span> <span class='ocrx_word' id='word_1_270' title='bbox 425 2552 779 2634; x_wconf 80' lang='lat' dir='ltr'><strong><em>dediteiooradproe-</em></strong></span> <span class='ocrx_word' id='word_1_271' title='bbox 833 2557 942 2618; x_wconf 91' lang='lat' dir='ltr'><strong><em>titulus</em></strong></span> <span class='ocrx_word' id='word_1_272' title='bbox 974 2552 1140 2635; x_wconf 85' lang='lat' dir='ltr'><strong><em>Disciplina</em></strong></span> <span class='ocrx_word' id='word_1_273' title='bbox 1172 2550 1349 2627; x_wconf 80' lang='lat' dir='ltr'><strong><em>clericatis,</em></strong></span> <span class='ocrx_word' id='word_1_274' title='bbox 1382 2571 1473 2630; x_wconf 89' lang='lat' dir='ltr'><strong><em>quem</em></strong></span> <span class='ocrx_word' id='word_1_275' title='bbox 1500 2555 1559 2612; x_wconf 87' lang='grc'><strong>4440-</strong></span> 
     </span>
     <span class='ocr_line' id='line_1_26' title="bbox 70 2645 1558 2725; baseline -0.001 -20"><span class='ocrx_word' id='word_1_276' title='bbox 70 2651 147 2722; x_wconf 76' lang='lat' dir='ltr'><strong><em>epm</em></strong></span> <span class='ocrx_word' id='word_1_277' title='bbox 167 2649 278 2710; x_wconf 82' lang='lat' dir='ltr'><strong><em>Sermo</em></strong></span> <span class='ocrx_word' id='word_1_278' title='bbox 302 2652 331 2707; x_wconf 91' lang='lat' dir='ltr'><strong><em>in</em></strong></span> <span class='ocrx_word' id='word_1_279' title='bbox 353 2647 475 2725; x_wconf 80' lang='lat' dir='ltr'><strong><em>synodo</em></strong></span> <span class='ocrx_word' id='word_1_280' title='bbox 495 2647 650 2708; x_wconf 77' lang='lat' dir='ltr'><strong><em>Ambiensi</em></strong></span> <span class='ocrx_word' id='word_1_281' title='bbox 679 2647 778 2708; x_wconf 87' lang='lat' dir='ltr'><strong><em>laetus</em></strong></span> <span class='ocrx_word' id='word_1_282' title='bbox 833 2666 933 2710; x_wconf 90' lang='lat' dir='ltr'><strong><em>nusor.</em></strong></span> <span class='ocrx_word' id='word_1_283' title='bbox 966 2645 1294 2709; x_wconf 81' lang='lat' dir='ltr'><strong><em>memorat-sanderus</em></strong></span> <span class='ocrx_word' id='word_1_284' title='bbox 1322 2663 1387 2723; x_wconf 81' lang='lat' dir='ltr'><strong><em>pag.</em></strong></span> <span class='ocrx_word' id='word_1_285' title='bbox 1421 2646 1489 2705; x_wconf 79' lang='grc'><strong>492.</strong></span> <span class='ocrx_word' id='word_1_286' title='bbox 1519 2647 1558 2704; x_wconf 90' lang='lat' dir='ltr'><strong><em>si-</em></strong></span> 
     </span>
     <span class='ocr_line' id='line_1_27' title="bbox 71 2735 1558 2824; baseline 0.003 -30"><span class='ocrx_word' id='word_1_287' title='bbox 71 2751 126 2798; x_wconf 86' lang='lat' dir='ltr'><strong><em>cum</em></strong></span> <span class='ocrx_word' id='word_1_288' title='bbox 145 2750 209 2801; x_wconf 85' lang='lat' dir='ltr'><strong><em>erat</em></strong></span> <span class='ocrx_word' id='word_1_289' title='bbox 227 2741 461 2820; x_wconf 77' lang='lat' dir='ltr'><strong><em>subdiaconus,</em></strong></span> <span class='ocrx_word' id='word_1_290' title='bbox 478 2740 655 2802; x_wconf 86' lang='lat' dir='ltr'><strong><em>Sacerdotes</em></strong></span> <span class='ocrx_word' id='word_1_291' title='bbox 672 2740 780 2800; x_wconf 79' lang='lat' dir='ltr'><strong><em>tuliu-</em></strong></span> <span class='ocrx_word' id='word_1_292' title='bbox 832 2750 886 2824; x_wconf 85' lang='lat' dir='ltr'><strong><em>cut</em></strong></span> <span class='ocrx_word' id='word_1_293' title='bbox 906 2743 1036 2804; x_wconf 88' lang='lat' dir='ltr'><strong><em>aiterum</em></strong></span> <span class='ocrx_word' id='word_1_294' title='bbox 1070 2758 1137 2820; x_wconf 85' lang='lat' dir='ltr'><strong><em>pag.</em></strong></span> <span class='ocrx_word' id='word_1_295' title='bbox 1168 2741 1236 2802; x_wconf 75' lang='lat'><strong><em>205.</em></strong></span> <span class='ocrx_word' id='word_1_296' title='bbox 1260 2738 1296 2799; x_wconf 84' lang='lat' dir='ltr'><strong><em>de</em></strong></span> <span class='ocrx_word' id='word_1_297' title='bbox 1315 2735 1504 2798; x_wconf 85' lang='lat' dir='ltr'><strong><em>abundantio</em></strong></span> <span class='ocrx_word' id='word_1_298' title='bbox 1525 2739 1558 2798; x_wconf 84' lang='lat' dir='ltr'><strong><em>in</em></strong></span> 
     </span>
     <span class='ocr_line' id='line_1_28' title="bbox 68 2827 1556 2916; baseline -0.002 -21"><span class='ocrx_word' id='word_1_299' title='bbox 68 2827 187 2895; x_wconf 75' lang='grc'><strong>44400400</strong></span> <span class='ocrx_word' id='word_1_300' title='bbox 204 2835 374 2916; x_wconf 80' lang='lat' dir='ltr'><strong><em>justitiam.</em></strong></span> <span class='ocrx_word' id='word_1_301' title='bbox 403 2835 508 2894; x_wconf 84' lang='lat' dir='ltr'><strong><em>Sermo</em></strong></span> <span class='ocrx_word' id='word_1_302' title='bbox 529 2836 559 2893; x_wconf 92' lang='lat' dir='ltr'><strong><em>in</em></strong></span> <span class='ocrx_word' id='word_1_303' title='bbox 574 2834 704 2912; x_wconf 76' lang='lat' dir='ltr'><strong><em>synoda</em></strong></span> <span class='ocrx_word' id='word_1_304' title='bbox 722 2833 779 2894; x_wconf 85' lang='lat' dir='ltr'><strong><em>Ec·</em></strong></span> <span class='ocrx_word' id='word_1_305' title='bbox 835 2834 1029 2898; x_wconf 73' lang='lat' dir='ltr'><strong><em>Semonibus</em></strong></span> <span class='ocrx_word' id='word_1_306' title='bbox 1050 2833 1091 2896; x_wconf 86' lang='lat' dir='ltr'><strong><em>ad</em></strong></span> <span class='ocrx_word' id='word_1_307' title='bbox 1109 2851 1223 2896; x_wconf 87' lang='lat' dir='ltr'><strong><em>omnem</em></strong></span> <span class='ocrx_word' id='word_1_308' title='bbox 1243 2833 1415 2894; x_wconf 72' lang='lat' dir='ltr'><strong><em>noueram.</em></strong></span> <span class='ocrx_word' id='word_1_309' title='bbox 1434 2828 1507 2892; x_wconf 87' lang='lat' dir='ltr'><strong><em>Vide</em></strong></span> <span class='ocrx_word' id='word_1_310' title='bbox 1525 2837 1556 2892; x_wconf 86' lang='lat' dir='ltr'><strong><em>ot</em></strong></span> 
     </span>
     <span class='ocr_line' id='line_1_29' title="bbox 68 2924 1214 3008; baseline 0.003 -25"><span class='ocrx_word' id='word_1_311' title='bbox 68 2924 160 2988; x_wconf 76' lang='lat' dir='ltr'><strong><em>msice</em></strong></span> <span class='ocrx_word' id='word_1_312' title='bbox 183 2931 280 2991; x_wconf 84' lang='lat' dir='ltr'><strong><em>Paris.</em></strong></span> <span class='ocrx_word' id='word_1_313' title='bbox 305 2927 444 3007; x_wconf 84' lang='lat' dir='ltr'><strong><em>lliojam</em></strong></span> <span class='ocrx_word' id='word_1_314' title='bbox 465 2925 636 3008; x_wconf 75' lang='grc'><strong>00000000.</strong></span> <span class='ocrx_word' id='word_1_315' title='bbox 835 2930 1033 2991; x_wconf 71' lang='lat' dir='ltr'><strong><em>trithemium</em></strong></span> <span class='ocrx_word' id='word_1_316' title='bbox 1056 2945 1121 3006; x_wconf 85' lang='lat' dir='ltr'><strong><em>cap.</em></strong></span> <span class='ocrx_word' id='word_1_317' title='bbox 1144 2928 1214 2990; x_wconf 85' lang='grc'><strong>356.</strong></span> 
     </span>
    </p>

    <p class='ocr_par' dir='ltr' id='par_1_2' title="bbox 21 3015 1562 4681">
     <span class='ocr_line' id='line_1_30' title="bbox 97 3015 1517 3101; baseline -0.004 -20"><span class='ocrx_word' id='word_1_318' title='bbox 97 3019 326 3101; x_wconf 76' lang='lat' dir='ltr'><strong><em>&#39;Quamquam</em></strong></span> <span class='ocrx_word' id='word_1_319' title='bbox 350 3020 503 3082; x_wconf 89' lang='lat' dir='ltr'><strong><em>indiculus</em></strong></span> <span class='ocrx_word' id='word_1_320' title='bbox 519 3022 700 3099; x_wconf 87' lang='lat' dir='ltr'><strong><em>scriptorum</em></strong></span> <span class='ocrx_word' id='word_1_321' title='bbox 723 3021 780 3079; x_wconf 88' lang='lat' dir='ltr'><strong><em>viri</em></strong></span> <span class='ocrx_word' id='word_1_322' title='bbox 875 3023 1022 3083; x_wconf 81' lang='lat' dir='ltr'><strong><em>PETDUS</em></strong></span> <span class='ocrx_word' id='word_1_323' title='bbox 1042 3021 1084 3080; x_wconf 90' lang='lat' dir='ltr'><strong><em>De</em></strong></span> <span class='ocrx_word' id='word_1_324' title='bbox 1105 3018 1281 3080; x_wconf 83' lang='lat' dir='ltr'><strong><em>Aloarottis.</em></strong></span> <span class='ocrx_word' id='word_1_325' title='bbox 1304 3019 1400 3097; x_wconf 89' lang='lat' dir='ltr'><strong><em>Supra</em></strong></span> <span class='ocrx_word' id='word_1_326' title='bbox 1423 3018 1445 3077; x_wconf 91' lang='lat'><strong><em>1.</em></strong></span> <span class='ocrx_word' id='word_1_327' title='bbox 1469 3015 1517 3077; x_wconf 88' lang='grc'><strong><em>74.</em></strong></span> 
     </span>
     <span class='ocr_line' id='line_1_31' title="bbox 68 3107 1561 3192; baseline 0.002 -26"><span class='ocrx_word' id='word_1_328' title='bbox 68 3107 144 3174; x_wconf 82' lang='lat' dir='ltr'><strong><em>totos</em></strong></span> <span class='ocrx_word' id='word_1_329' title='bbox 165 3113 250 3176; x_wconf 87' lang='lat' dir='ltr'><strong><em>docti</em></strong></span> <span class='ocrx_word' id='word_1_330' title='bbox 274 3114 436 3192; x_wconf 82' lang='lat' dir='ltr'><strong><em>diligenter</em></strong></span> <span class='ocrx_word' id='word_1_331' title='bbox 457 3119 621 3182; x_wconf 82' lang='lat' dir='ltr'><strong><em>contextus</em></strong></span> <span class='ocrx_word' id='word_1_332' title='bbox 640 3119 709 3187; x_wconf 84' lang='lat' dir='ltr'><strong><em>est,</em></strong></span> <span class='ocrx_word' id='word_1_333' title='bbox 731 3111 783 3180; x_wconf 85' lang='lat' dir='ltr'><strong><em>ad·</em></strong></span> <span class='ocrx_word' id='word_1_334' title='bbox 875 3115 1022 3176; x_wconf 82' lang='lat' dir='ltr'>PETRUS</span> <span class='ocrx_word' id='word_1_335' title='bbox 1039 3113 1075 3174; x_wconf 89' lang='lat' dir='ltr'><strong><em>de</em></strong></span> <span class='ocrx_word' id='word_1_336' title='bbox 1090 3112 1237 3175; x_wconf 78' lang='lat' dir='ltr'><strong><em>Alverniu</em></strong></span> <span class='ocrx_word' id='word_1_337' title='bbox 1247 3110 1561 3180; x_wconf 72' lang='lat' dir='ltr'><strong><em>Galliaesiverlruer-</em></strong></span> 
     </span>
     <span class='ocr_line' id='line_1_32' title="bbox 21 3201 1557 3285; baseline 0 -23"><span class='ocrx_word' id='word_1_338' title='bbox 21 3227 27 3262; x_wconf 83' lang='lat'><strong><em>.</em></strong></span> <span class='ocrx_word' id='word_1_339' title='bbox 66 3201 113 3265; x_wconf 86' lang='lat' dir='ltr'><strong><em>hnc</em></strong></span> <span class='ocrx_word' id='word_1_340' title='bbox 142 3215 252 3268; x_wconf 83' lang='lat' dir='ltr'><strong><em>tamen</em></strong></span> <span class='ocrx_word' id='word_1_341' title='bbox 289 3204 460 3285; x_wconf 86' lang='lat' dir='ltr'><strong><em>supplenda</em></strong></span> <span class='ocrx_word' id='word_1_342' title='bbox 481 3211 555 3266; x_wconf 90' lang='lat' dir='ltr'><strong><em>sunt</em></strong></span> <span class='ocrx_word' id='word_1_343' title='bbox 575 3203 721 3283; x_wconf 83' lang='lat' dir='ltr'><strong><em>quaedam</em></strong></span> <span class='ocrx_word' id='word_1_344' title='bbox 744 3222 781 3265; x_wconf 84' lang='lat' dir='ltr'><strong><em>ex</em></strong></span> <span class='ocrx_word' id='word_1_345' title='bbox 835 3207 887 3267; x_wconf 86' lang='lat' dir='ltr'><strong><em>nia</em></strong></span> <span class='ocrx_word' id='word_1_346' title='bbox 903 3208 1074 3268; x_wconf 86' lang='lat' dir='ltr'><strong><em>Canonicus</em></strong></span> <span class='ocrx_word' id='word_1_347' title='bbox 1091 3209 1121 3267; x_wconf 89' lang='lat' dir='ltr'><strong><em>S.</em></strong></span> <span class='ocrx_word' id='word_1_348' title='bbox 1138 3208 1246 3266; x_wconf 85' lang='lat' dir='ltr'><strong><em>Mariae</em></strong></span> <span class='ocrx_word' id='word_1_349' title='bbox 1263 3207 1353 3266; x_wconf 87' lang='lat' dir='ltr'><strong><em>Paris.</em></strong></span> <span class='ocrx_word' id='word_1_350' title='bbox 1372 3203 1450 3264; x_wconf 83' lang='lat' dir='ltr'><strong><em>etA.</em></strong></span> <span class='ocrx_word' id='word_1_351' title='bbox 1469 3203 1557 3264; x_wconf 77' lang='grc'><strong>4475.</strong></span> 
     </span>
     <span class='ocr_line' id='line_1_33' title="bbox 64 3295 1560 3378; baseline -0.001 -23"><span class='ocrx_word' id='word_1_352' title='bbox 64 3295 112 3356; x_wconf 70' lang='grc'><strong><em>10</em></strong></span> <span class='ocrx_word' id='word_1_353' title='bbox 130 3300 265 3375; x_wconf 81' lang='lat' dir='ltr'><strong><em>Codice,</em></strong></span> <span class='ocrx_word' id='word_1_354' title='bbox 285 3315 376 3378; x_wconf 86' lang='lat' dir='ltr'><strong><em>quem</em></strong></span> <span class='ocrx_word' id='word_1_355' title='bbox 393 3299 450 3375; x_wconf 76' lang='lat' dir='ltr'><strong><em>legi</em></strong></span> <span class='ocrx_word' id='word_1_356' title='bbox 467 3298 542 3358; x_wconf 87' lang='lat' dir='ltr'><strong><em>Bibl.</em></strong></span> <span class='ocrx_word' id='word_1_357' title='bbox 560 3299 681 3358; x_wconf 81' lang='lat' dir='ltr'><strong><em>Caesar.</em></strong></span> <span class='ocrx_word' id='word_1_358' title='bbox 710 3296 782 3357; x_wconf 88' lang='lat' dir='ltr'><strong><em>Vin·</em></strong></span> <span class='ocrx_word' id='word_1_359' title='bbox 836 3300 1172 3370; x_wconf 76' lang='lat' dir='ltr'><strong><em>RectorUnivorsitatis,</em></strong></span> <span class='ocrx_word' id='word_1_360' title='bbox 1183 3300 1310 3375; x_wconf 90' lang='lat' dir='ltr'><strong><em>scriptor</em></strong></span> <span class='ocrx_word' id='word_1_361' title='bbox 1322 3299 1560 3372; x_wconf 84' lang='lat' dir='ltr'><strong><em>summeruce·</em></strong></span> 
     </span>
     <span class='ocr_line' id='line_1_34' title="bbox 63 3387 1558 3472; baseline -0.002 -23"><span class='ocrx_word' id='word_1_362' title='bbox 63 3387 153 3451; x_wconf 89' lang='lat' dir='ltr'><strong><em>dobnn.</em></strong></span> <span class='ocrx_word' id='word_1_363' title='bbox 178 3397 211 3454; x_wconf 94' lang='lat' dir='ltr'><strong><em>in</em></strong></span> <span class='ocrx_word' id='word_1_364' title='bbox 236 3409 304 3472; x_wconf 90' lang='lat' dir='ltr'><strong><em>quo</em></strong></span> <span class='ocrx_word' id='word_1_365' title='bbox 322 3393 474 3454; x_wconf 87' lang='lat' dir='ltr'><strong><em>orationes</em></strong></span> <span class='ocrx_word' id='word_1_366' title='bbox 491 3389 640 3468; x_wconf 88' lang='lat' dir='ltr'><strong><em>quaedam</em></strong></span> <span class='ocrx_word' id='word_1_367' title='bbox 663 3392 691 3450; x_wconf 88' lang='lat' dir='ltr'><strong><em>iu</em></strong></span> <span class='ocrx_word' id='word_1_368' title='bbox 706 3391 784 3451; x_wconf 84' lang='lat' dir='ltr'><strong><em>Con·</em></strong></span> <span class='ocrx_word' id='word_1_369' title='bbox 837 3392 965 3455; x_wconf 79' lang='lat' dir='ltr'><strong><em>alionum</em></strong></span> <span class='ocrx_word' id='word_1_370' title='bbox 997 3389 1280 3467; x_wconf 76' lang='lat' dir='ltr'><strong><em>Qnaodlibeticorum.</em></strong></span> <span class='ocrx_word' id='word_1_371' title='bbox 1309 3388 1383 3448; x_wconf 86' lang='lat' dir='ltr'><strong><em>Vide</em></strong></span> <span class='ocrx_word' id='word_1_372' title='bbox 1404 3388 1558 3448; x_wconf 90' lang='lat' dir='ltr'><strong><em>Oudinum</em></strong></span> 
     </span>
     <span class='ocr_line' id='line_1_35' title="bbox 63 3481 1132 3564; baseline 0.005 -26"><span class='ocrx_word' id='word_1_373' title='bbox 63 3481 115 3541; x_wconf 87' lang='lat' dir='ltr'><strong><em>tilio</em></strong></span> <span class='ocrx_word' id='word_1_374' title='bbox 129 3485 371 3547; x_wconf 81' lang='lat' dir='ltr'><strong><em>Constantiensi</em></strong></span> <span class='ocrx_word' id='word_1_375' title='bbox 393 3485 512 3546; x_wconf 81' lang='lat' dir='ltr'><strong><em>habitae</em></strong></span> <span class='ocrx_word' id='word_1_376' title='bbox 534 3490 705 3544; x_wconf 86' lang='lat' dir='ltr'><strong><em>servantur.</em></strong></span> <span class='ocrx_word' id='word_1_377' title='bbox 727 3483 784 3544; x_wconf 85' lang='lat' dir='ltr'><strong><em>liet</em></strong></span> <span class='ocrx_word' id='word_1_378' title='bbox 841 3492 914 3547; x_wconf 89' lang='lat' dir='ltr'><strong><em>tom.</em></strong></span> <span class='ocrx_word' id='word_1_379' title='bbox 935 3486 953 3545; x_wconf 83' lang='lat'><strong>3</strong></span> <span class='ocrx_word' id='word_1_380' title='bbox 974 3503 1041 3564; x_wconf 80' lang='lat' dir='ltr'><strong><em>pag.</em></strong></span> <span class='ocrx_word' id='word_1_381' title='bbox 1063 3484 1132 3545; x_wconf 76' lang='grc'><strong>547.</strong></span> 
     </span>
     <span class='ocr_line' id='line_1_36' title="bbox 62 3571 1559 3659; baseline -0.003 -24"><span class='ocrx_word' id='word_1_382' title='bbox 62 3573 136 3651; x_wconf 72' lang='lat' dir='ltr'><strong><em>iptur</em></strong></span> <span class='ocrx_word' id='word_1_383' title='bbox 160 3580 201 3640; x_wconf 88' lang='lat' dir='ltr'><strong><em>ibi</em></strong></span> <span class='ocrx_word' id='word_1_384' title='bbox 231 3579 421 3659; x_wconf 87' lang='lat' dir='ltr'><strong><em>opusculum</em></strong></span> <span class='ocrx_word' id='word_1_385' title='bbox 448 3579 648 3655; x_wconf 67' lang='lat' dir='ltr'><strong><em>inscriptum:</em></strong></span> <span class='ocrx_word' id='word_1_386' title='bbox 677 3576 784 3638; x_wconf 83' lang='lat' dir='ltr'><strong><em>Serum</em></strong></span> <span class='ocrx_word' id='word_1_387' title='bbox 875 3575 1250 3648; x_wconf 73' lang='lat' dir='ltr'><strong><em>PETRUSdeilloeruio,</em></strong></span> <span class='ocrx_word' id='word_1_388' title='bbox 1268 3571 1559 3647; x_wconf 83' lang='lat' dir='ltr'><strong><em>alter,0rd.Pracd.</em></strong></span> 
     </span>
     <span class='ocr_line' id='line_1_37' title="bbox 63 3663 1558 3751; baseline -0.005 -21"><span class='ocrx_word' id='word_1_389' title='bbox 63 3663 90 3725; x_wconf 74' lang='lat' dir='ltr'><strong><em>i·</em></strong></span> <span class='ocrx_word' id='word_1_390' title='bbox 116 3669 294 3733; x_wconf 80' lang='lat' dir='ltr'><strong><em>Franeisei.</em></strong></span> <span class='ocrx_word' id='word_1_391' title='bbox 328 3673 453 3751; x_wconf 83' lang='lat' dir='ltr'><strong><em>Incipit:</em></strong></span> <span class='ocrx_word' id='word_1_392' title='bbox 490 3671 674 3750; x_wconf 80' lang='lat' dir='ltr'><strong><em>Quicumque</em></strong></span> <span class='ocrx_word' id='word_1_393' title='bbox 704 3671 784 3732; x_wconf 85' lang='lat' dir='ltr'><strong><em>banc</em></strong></span> <span class='ocrx_word' id='word_1_394' title='bbox 835 3673 865 3732; x_wconf 90' lang='lat' dir='ltr'><strong><em>S.</em></strong></span> <span class='ocrx_word' id='word_1_395' title='bbox 882 3672 1013 3731; x_wconf 85' lang='lat' dir='ltr'><strong><em>Thomas</em></strong></span> <span class='ocrx_word' id='word_1_396' title='bbox 1030 3670 1215 3748; x_wconf 88' lang='lat' dir='ltr'><strong><em>discipulus,</em></strong></span> <span class='ocrx_word' id='word_1_397' title='bbox 1233 3669 1381 3728; x_wconf 84' lang='lat' dir='ltr'><strong><em>incertum</em></strong></span> <span class='ocrx_word' id='word_1_398' title='bbox 1399 3683 1438 3726; x_wconf 86' lang='lat' dir='ltr'><strong><em>an</em></strong></span> <span class='ocrx_word' id='word_1_399' title='bbox 1455 3665 1558 3726; x_wconf 89' lang='lat' dir='ltr'><strong><em>Claro-</em></strong></span> 
     </span>
     <span class='ocr_line' id='line_1_38' title="bbox 61 3758 1552 3846; baseline -0.007 -22"><span class='ocrx_word' id='word_1_400' title='bbox 61 3764 183 3838; x_wconf 72' lang='lat' dir='ltr'><strong><em>ttaulom</em></strong></span> <span class='ocrx_word' id='word_1_401' title='bbox 200 3764 333 3846; x_wconf 81' lang='lat' dir='ltr'><strong><em>sequuti</em></strong></span> <span class='ocrx_word' id='word_1_402' title='bbox 357 3764 493 3843; x_wconf 71' lang='lat' dir='ltr'><strong><em>sumini,</em></strong></span> <span class='ocrx_word' id='word_1_403' title='bbox 507 3780 574 3844; x_wconf 82' lang='lat' dir='ltr'><strong><em>paa</em></strong></span> <span class='ocrx_word' id='word_1_404' title='bbox 595 3780 687 3842; x_wconf 87' lang='lat' dir='ltr'><strong><em>super</em></strong></span> <span class='ocrx_word' id='word_1_405' title='bbox 704 3763 782 3824; x_wconf 89' lang='lat' dir='ltr'><strong><em>illos.</em></strong></span> <span class='ocrx_word' id='word_1_406' title='bbox 835 3766 1094 3826; x_wconf 86' lang='lat' dir='ltr'><strong><em>montannsctiam</em></strong></span> <span class='ocrx_word' id='word_1_407' title='bbox 1106 3759 1402 3842; x_wconf 84' lang='lat' dir='ltr'><strong><em>Episcopus,clarus</em></strong></span> <span class='ocrx_word' id='word_1_408' title='bbox 1417 3760 1497 3820; x_wconf 87' lang='lat' dir='ltr'><strong><em>circa</em></strong></span> <span class='ocrx_word' id='word_1_409' title='bbox 1517 3758 1552 3816; x_wconf 86' lang='grc' dir='ltr'><strong><em>Α.</em></strong></span> 
     </span>
     <span class='ocr_line' id='line_1_39' title="bbox 65 3849 1554 3936; baseline -0.002 -24"><span class='ocrx_word' id='word_1_410' title='bbox 65 3849 143 3915; x_wconf 73' lang='lat' dir='ltr'><strong><em>Verbo</em></strong></span> <span class='ocrx_word' id='word_1_411' title='bbox 156 3858 233 3919; x_wconf 84' lang='lat' dir='ltr'><strong><em>baec</em></strong></span> <span class='ocrx_word' id='word_1_412' title='bbox 253 3855 330 3918; x_wconf 81' lang='lat' dir='ltr'><strong><em>lili.</em></strong></span> <span class='ocrx_word' id='word_1_413' title='bbox 347 3855 385 3918; x_wconf 82' lang='grc' dir='ltr'><strong><em>Ρ.</em></strong></span> <span class='ocrx_word' id='word_1_414' title='bbox 404 3857 440 3916; x_wconf 85' lang='grc' dir='ltr'><strong><em>Ρ.</em></strong></span> <span class='ocrx_word' id='word_1_415' title='bbox 453 3865 525 3916; x_wconf 80' lang='lat' dir='ltr'><strong><em>nant</em></strong></span> <span class='ocrx_word' id='word_1_416' title='bbox 538 3855 674 3936; x_wconf 77' lang='lat' dir='ltr'><strong><em>Apostoli</em></strong></span> <span class='ocrx_word' id='word_1_417' title='bbox 688 3856 784 3918; x_wconf 83' lang='lat' dir='ltr'><strong><em>Pauli</em></strong></span> <span class='ocrx_word' id='word_1_418' title='bbox 836 3857 923 3919; x_wconf 86' lang='grc'><strong>4300.</strong></span> <span class='ocrx_word' id='word_1_419' title='bbox 945 3857 982 3918; x_wconf 88' lang='lat' dir='ltr'><strong><em>de</em></strong></span> <span class='ocrx_word' id='word_1_420' title='bbox 1003 3874 1063 3935; x_wconf 90' lang='lat' dir='ltr'><strong><em>quo</em></strong></span> <span class='ocrx_word' id='word_1_421' title='bbox 1079 3856 1218 3917; x_wconf 89' lang='lat' dir='ltr'><strong><em>Oudinus</em></strong></span> <span class='ocrx_word' id='word_1_422' title='bbox 1235 3861 1311 3915; x_wconf 82' lang='lat' dir='ltr'><strong><em>tom.</em></strong></span> <span class='ocrx_word' id='word_1_423' title='bbox 1338 3853 1366 3914; x_wconf 83' lang='grc'><strong><em>3.</em></strong></span> <span class='ocrx_word' id='word_1_424' title='bbox 1389 3869 1455 3931; x_wconf 84' lang='lat' dir='ltr'><strong><em>pag.</em></strong></span> <span class='ocrx_word' id='word_1_425' title='bbox 1484 3851 1554 3912; x_wconf 88' lang='grc'><strong>593.</strong></span> 
     </span>
     <span class='ocr_line' id='line_1_40' title="bbox 60 3943 1552 4032; baseline -0.004 -22"><span class='ocrx_word' id='word_1_426' title='bbox 60 3943 131 4010; x_wconf 73' lang='lat' dir='ltr'><strong><em>lodie</em></strong></span> <span class='ocrx_word' id='word_1_427' title='bbox 143 3953 176 4011; x_wconf 87' lang='lat' dir='ltr'><strong><em>in</em></strong></span> <span class='ocrx_word' id='word_1_428' title='bbox 191 3969 336 4032; x_wconf 85' lang='lat' dir='ltr'><strong><em>persona</em></strong></span> <span class='ocrx_word' id='word_1_429' title='bbox 351 3950 390 4010; x_wconf 88' lang='lat' dir='ltr'><strong><em>B.</em></strong></span> <span class='ocrx_word' id='word_1_430' title='bbox 414 3949 575 4011; x_wconf 82' lang='lat' dir='ltr'><strong><em>Francisei</em></strong></span> <span class='ocrx_word' id='word_1_431' title='bbox 596 3957 654 4012; x_wconf 85' lang='lat' dir='ltr'><strong><em>etc.</em></strong></span> <span class='ocrx_word' id='word_1_432' title='bbox 672 3951 784 4022; x_wconf 86' lang='lat' dir='ltr'><strong><em>Quam·</em></strong></span> <span class='ocrx_word' id='word_1_433' title='bbox 837 3958 868 4011; x_wconf 87' lang='lat' dir='ltr'><strong><em>et</em></strong></span> <span class='ocrx_word' id='word_1_434' title='bbox 880 3951 1008 4012; x_wconf 86' lang='lat' dir='ltr'><strong><em>lacobus</em></strong></span> <span class='ocrx_word' id='word_1_435' title='bbox 1021 3951 1124 4023; x_wconf 85' lang='lat' dir='ltr'><strong><em>Quetii</em></strong></span> <span class='ocrx_word' id='word_1_436' title='bbox 1134 3955 1206 4009; x_wconf 87' lang='lat' dir='ltr'><strong><em>tom.</em></strong></span> <span class='ocrx_word' id='word_1_437' title='bbox 1219 3952 1244 4009; x_wconf 94' lang='grc'><strong><em>4.</em></strong></span> <span class='ocrx_word' id='word_1_438' title='bbox 1261 3965 1328 4026; x_wconf 85' lang='lat' dir='ltr'><strong><em>pag.</em></strong></span> <span class='ocrx_word' id='word_1_439' title='bbox 1343 3947 1413 4007; x_wconf 88' lang='grc'><strong>489.</strong></span> <span class='ocrx_word' id='word_1_440' title='bbox 1424 3945 1552 4022; x_wconf 83' lang='lat' dir='ltr'><strong><em>Scripsit</em></strong></span> 
     </span>
     <span class='ocr_line' id='line_1_41' title="bbox 61 4035 1561 4125; baseline 0 -27"><span class='ocrx_word' id='word_1_441' title='bbox 61 4053 139 4114; x_wconf 86' lang='lat' dir='ltr'><strong><em>quam</em></strong></span> <span class='ocrx_word' id='word_1_442' title='bbox 156 4045 270 4105; x_wconf 87' lang='lat' dir='ltr'><strong><em>Oratio</em></strong></span> <span class='ocrx_word' id='word_1_443' title='bbox 290 4047 349 4103; x_wconf 86' lang='lat' dir='ltr'><strong><em>ista</em></strong></span> <span class='ocrx_word' id='word_1_444' title='bbox 366 4048 520 4104; x_wconf 85' lang='lat' dir='ltr'><strong><em>auctorem</em></strong></span> <span class='ocrx_word' id='word_1_445' title='bbox 539 4059 629 4104; x_wconf 92' lang='lat' dir='ltr'><strong><em>suum</em></strong></span> <span class='ocrx_word' id='word_1_446' title='bbox 648 4047 677 4102; x_wconf 91' lang='lat' dir='ltr'><strong><em>iu</em></strong></span> <span class='ocrx_word' id='word_1_447' title='bbox 695 4043 783 4104; x_wconf 88' lang='lat' dir='ltr'><strong><em>titulo</em></strong></span> <span class='ocrx_word' id='word_1_448' title='bbox 838 4042 1072 4125; x_wconf 84' lang='lat' dir='ltr'><strong><em>supplementum</em></strong></span> <span class='ocrx_word' id='word_1_449' title='bbox 1086 4041 1187 4124; x_wconf 85' lang='lat' dir='ltr'><strong><em>portis</em></strong></span> <span class='ocrx_word' id='word_1_450' title='bbox 1201 4041 1308 4102; x_wconf 83' lang='lat' dir='ltr'><strong><em>tertiae</em></strong></span> <span class='ocrx_word' id='word_1_451' title='bbox 1318 4053 1454 4100; x_wconf 85' lang='lat' dir='ltr'><strong><em>summae</em></strong></span> <span class='ocrx_word' id='word_1_452' title='bbox 1473 4035 1561 4098; x_wconf 80' lang='lat' dir='ltr'><strong><em>riec-</em></strong></span> 
     </span>
     <span class='ocr_line' id='line_1_42' title="bbox 59 4134 1561 4225; baseline -0.001 -33"><span class='ocrx_word' id='word_1_453' title='bbox 59 4147 107 4192; x_wconf 84' lang='grc'><strong><em>000</em></strong></span> <span class='ocrx_word' id='word_1_454' title='bbox 126 4142 308 4214; x_wconf 86' lang='lat' dir='ltr'><strong><em>enunciat,</em></strong></span> <span class='ocrx_word' id='word_1_455' title='bbox 332 4155 391 4198; x_wconf 91' lang='lat' dir='ltr'><strong><em>non</em></strong></span> <span class='ocrx_word' id='word_1_456' title='bbox 414 4138 543 4200; x_wconf 88' lang='lat' dir='ltr'><strong><em>alterum</em></strong></span> <span class='ocrx_word' id='word_1_457' title='bbox 562 4145 664 4198; x_wconf 81' lang='lat' dir='ltr'><strong><em>tamen</em></strong></span> <span class='ocrx_word' id='word_1_458' title='bbox 686 4154 704 4198; x_wconf 89' lang='lat' dir='ltr'><strong><em>a</em></strong></span> <span class='ocrx_word' id='word_1_459' title='bbox 730 4139 784 4196; x_wconf 87' lang='lat' dir='ltr'><strong><em>Pe·</em></strong></span> <span class='ocrx_word' id='word_1_460' title='bbox 840 4138 934 4218; x_wconf 78' lang='grc'><strong>409400</strong></span> <span class='ocrx_word' id='word_1_461' title='bbox 944 4139 976 4200; x_wconf 86' lang='grc'><strong><em>8.</em></strong></span> <span class='ocrx_word' id='word_1_462' title='bbox 991 4137 1125 4214; x_wconf 83' lang='lat' dir='ltr'><strong><em>Tbomoa,</em></strong></span> <span class='ocrx_word' id='word_1_463' title='bbox 1137 4153 1206 4197; x_wconf 90' lang='lat' dir='ltr'><strong><em>cum</em></strong></span> <span class='ocrx_word' id='word_1_464' title='bbox 1219 4134 1351 4196; x_wconf 75' lang='lat' dir='ltr'><strong><em>Thomas</em></strong></span> <span class='ocrx_word' id='word_1_465' title='bbox 1363 4148 1482 4194; x_wconf 89' lang='lat' dir='ltr'><strong><em>summa</em></strong></span> <span class='ocrx_word' id='word_1_466' title='bbox 1495 4147 1561 4225; x_wconf 62' lang='lat' dir='ltr'><strong><em>see7</em></strong></span> 
     </span>
     <span class='ocr_line' id='line_1_43' title="bbox 21 4225 1559 4310; baseline -0.003 -24"><span class='ocrx_word' id='word_1_467' title='bbox 21 4247 22 4272; x_wconf 69' lang='lat'>2</span> <span class='ocrx_word' id='word_1_468' title='bbox 61 4227 332 4294; x_wconf 82' lang='lat' dir='ltr'><strong><em>iroGamernrensi</em></strong></span> <span class='ocrx_word' id='word_1_469' title='bbox 362 4232 440 4292; x_wconf 83' lang='lat' dir='ltr'><strong><em>terre</em></strong></span> <span class='ocrx_word' id='word_1_470' title='bbox 460 4231 570 4292; x_wconf 89' lang='lat' dir='ltr'><strong><em>docent</em></strong></span> <span class='ocrx_word' id='word_1_471' title='bbox 598 4231 687 4292; x_wconf 85' lang='lat' dir='ltr'><strong><em>verbs</em></strong></span> <span class='ocrx_word' id='word_1_472' title='bbox 705 4247 782 4309; x_wconf 82' lang='lat' dir='ltr'><strong><em>qnae</em></strong></span> <span class='ocrx_word' id='word_1_473' title='bbox 837 4234 905 4310; x_wconf 90' lang='lat' dir='ltr'><strong><em>pius</em></strong></span> <span class='ocrx_word' id='word_1_474' title='bbox 924 4231 1038 4292; x_wconf 89' lang='lat' dir='ltr'><strong><em>editum</em></strong></span> <span class='ocrx_word' id='word_1_475' title='bbox 1051 4232 1079 4304; x_wconf 81' lang='lat' dir='ltr'><strong><em>a)</em></strong></span> <span class='ocrx_word' id='word_1_476' title='bbox 1093 4237 1125 4290; x_wconf 87' lang='lat' dir='ltr'><strong><em>et</em></strong></span> <span class='ocrx_word' id='word_1_477' title='bbox 1145 4247 1183 4289; x_wconf 80' lang='lat' dir='ltr'><strong><em>ex</em></strong></span> <span class='ocrx_word' id='word_1_478' title='bbox 1200 4225 1416 4288; x_wconf 88' lang='lat' dir='ltr'><strong><em>commentario</em></strong></span> <span class='ocrx_word' id='word_1_479' title='bbox 1431 4225 1508 4284; x_wconf 86' lang='lat' dir='ltr'><strong><em>Petri</em></strong></span> <span class='ocrx_word' id='word_1_480' title='bbox 1529 4225 1559 4282; x_wconf 94' lang='lat' dir='ltr'><strong><em>in</em></strong></span> 
     </span>
     <span class='ocr_line' id='line_1_44' title="bbox 60 4315 1562 4404; baseline -0.005 -20"><span class='ocrx_word' id='word_1_481' title='bbox 60 4323 124 4384; x_wconf 80' lang='lat' dir='ltr'><strong><em>eires</em></strong></span> <span class='ocrx_word' id='word_1_482' title='bbox 141 4325 238 4386; x_wconf 86' lang='lat' dir='ltr'><strong><em>linem</em></strong></span> <span class='ocrx_word' id='word_1_483' title='bbox 260 4325 411 4403; x_wconf 83' lang='lat' dir='ltr'><strong><em>leguntur</em></strong></span> <span class='ocrx_word' id='word_1_484' title='bbox 426 4321 600 4386; x_wconf 76' lang='lat' dir='ltr'><strong><em>Sermonum</em></strong></span> <span class='ocrx_word' id='word_1_485' title='bbox 617 4341 707 4404; x_wconf 83' lang='lat' dir='ltr'><strong><em>super</em></strong></span> <span class='ocrx_word' id='word_1_486' title='bbox 719 4341 783 4384; x_wconf 89' lang='lat' dir='ltr'><strong><em>oer-</em></strong></span> <span class='ocrx_word' id='word_1_487' title='bbox 836 4333 977 4402; x_wconf 88' lang='lat' dir='ltr'><strong><em>quartum</em></strong></span> <span class='ocrx_word' id='word_1_488' title='bbox 991 4325 1217 4385; x_wconf 89' lang='lat' dir='ltr'><strong><em>Sententiarum</em></strong></span> <span class='ocrx_word' id='word_1_489' title='bbox 1229 4327 1417 4398; x_wconf 84' lang='lat' dir='ltr'><strong><em>excerptum.</em></strong></span> <span class='ocrx_word' id='word_1_490' title='bbox 1435 4315 1562 4394; x_wconf 86' lang='lat' dir='ltr'><strong><em>Supple-</em></strong></span> 
     </span>
     <span class='ocr_line' id='line_1_45' title="bbox 62 4405 1560 4497; baseline -0.005 -24"><span class='ocrx_word' id='word_1_491' title='bbox 62 4411 96 4473; x_wconf 72' lang='lat' dir='ltr'><strong><em>tta</em></strong></span> <span class='ocrx_word' id='word_1_492' title='bbox 109 4417 275 4496; x_wconf 78' lang='lat' dir='ltr'><strong><em>Apostoli:</em></strong></span> <span class='ocrx_word' id='word_1_493' title='bbox 293 4418 482 4497; x_wconf 79' lang='lat' dir='ltr'><strong><em>Quicumque</em></strong></span> <span class='ocrx_word' id='word_1_494' title='bbox 501 4417 577 4478; x_wconf 86' lang='lat' dir='ltr'><strong><em>iano</em></strong></span> <span class='ocrx_word' id='word_1_495' title='bbox 594 4418 782 4495; x_wconf 80' lang='lat' dir='ltr'><strong><em>requlomre·</em></strong></span> <span class='ocrx_word' id='word_1_496' title='bbox 836 4422 964 4478; x_wconf 86' lang='lat' dir='ltr'><strong><em>menium</em></strong></span> <span class='ocrx_word' id='word_1_497' title='bbox 983 4417 1198 4479; x_wconf 76' lang='lat' dir='ltr'><strong><em>commentarii</em></strong></span> <span class='ocrx_word' id='word_1_498' title='bbox 1216 4415 1246 4476; x_wconf 90' lang='lat' dir='ltr'><strong><em>S.</em></strong></span> <span class='ocrx_word' id='word_1_499' title='bbox 1263 4411 1389 4473; x_wconf 80' lang='grc'><strong>7000000</strong></span> <span class='ocrx_word' id='word_1_500' title='bbox 1405 4409 1436 4469; x_wconf 85' lang='grc'><strong><em>40</em></strong></span> <span class='ocrx_word' id='word_1_501' title='bbox 1447 4405 1560 4468; x_wconf 86' lang='lat' dir='ltr'><strong><em>librum</em></strong></span> 
     </span>
     <span class='ocr_line' id='line_1_46' title="bbox 60 4501 1560 4593; baseline -0.005 -25"><span class='ocrx_word' id='word_1_502' title='bbox 60 4517 112 4570; x_wconf 84' lang='lat' dir='ltr'><strong><em>ruti</em></strong></span> <span class='ocrx_word' id='word_1_503' title='bbox 124 4509 248 4589; x_wconf 72' lang='lat' dir='ltr'><strong><em>luerim</em></strong></span> <span class='ocrx_word' id='word_1_504' title='bbox 267 4521 328 4572; x_wconf 87' lang='lat' dir='ltr'><strong><em>etc.</em></strong></span> <span class='ocrx_word' id='word_1_505' title='bbox 349 4510 472 4574; x_wconf 88' lang='lat' dir='ltr'><strong><em>Dudum</em></strong></span> <span class='ocrx_word' id='word_1_506' title='bbox 493 4515 579 4573; x_wconf 85' lang='lat' dir='ltr'><strong><em>eirca</em></strong></span> <span class='ocrx_word' id='word_1_507' title='bbox 591 4511 783 4593; x_wconf 85' lang='lat' dir='ltr'><strong><em>principiam</em></strong></span> <span class='ocrx_word' id='word_1_508' title='bbox 838 4511 956 4571; x_wconf 87' lang='lat' dir='ltr'><strong><em>tertium</em></strong></span> <span class='ocrx_word' id='word_1_509' title='bbox 973 4509 1144 4572; x_wconf 82' lang='lat' dir='ltr'><strong><em>Aristotelis</em></strong></span> <span class='ocrx_word' id='word_1_510' title='bbox 1166 4507 1202 4570; x_wconf 87' lang='lat' dir='ltr'><strong><em>de</em></strong></span> <span class='ocrx_word' id='word_1_511' title='bbox 1220 4505 1307 4571; x_wconf 82' lang='lat' dir='ltr'><strong><em>Coelo</em></strong></span> <span class='ocrx_word' id='word_1_512' title='bbox 1328 4511 1357 4566; x_wconf 86' lang='lat' dir='ltr'><strong><em>et</em></strong></span> <span class='ocrx_word' id='word_1_513' title='bbox 1376 4501 1508 4573; x_wconf 84' lang='lat' dir='ltr'><strong><em>Mundo,</em></strong></span> <span class='ocrx_word' id='word_1_514' title='bbox 1530 4505 1560 4560; x_wconf 90' lang='lat' dir='ltr'><strong><em>et</em></strong></span> 
     </span>
     <span class='ocr_line' id='line_1_47' title="bbox 60 4591 1559 4681; baseline -0.004 -16"><span class='ocrx_word' id='word_1_515' title='bbox 60 4601 223 4668; x_wconf 76' lang='grc'><strong>0444000440</strong></span> <span class='ocrx_word' id='word_1_516' title='bbox 246 4619 360 4666; x_wconf 83' lang='lat' dir='ltr'><strong><em>eoram</em></strong></span> <span class='ocrx_word' id='word_1_517' title='bbox 376 4605 459 4666; x_wconf 86' lang='lat' dir='ltr'><strong><em>almo</em></strong></span> <span class='ocrx_word' id='word_1_518' title='bbox 473 4606 671 4668; x_wconf 80' lang='lat' dir='ltr'><strong><em>universitate</em></strong></span> <span class='ocrx_word' id='word_1_519' title='bbox 690 4602 785 4666; x_wconf 85' lang='lat' dir='ltr'><strong><em>studii</em></strong></span> <span class='ocrx_word' id='word_1_520' title='bbox 837 4605 1081 4664; x_wconf 85' lang='lat' dir='ltr'><strong><em>commentarium</em></strong></span> <span class='ocrx_word' id='word_1_521' title='bbox 1117 4603 1147 4672; x_wconf 79' lang='lat' dir='ltr'><strong><em>in</em></strong></span> <span class='ocrx_word' id='word_1_522' title='bbox 1178 4607 1333 4681; x_wconf 86' lang='lat' dir='ltr'><strong><em>quortum.</em></strong></span> <span class='ocrx_word' id='word_1_523' title='bbox 1364 4591 1559 4672; x_wconf 83' lang='lat' dir='ltr'><strong><em>Quaestiones</em></strong></span> 
     </span>
    </p>

    <p class='ocr_par' dir='ltr' id='par_1_3' title="bbox 61 4685 1558 4779">
     <span class='ocr_line' id='line_1_48' title="bbox 61 4685 1558 4779; baseline -0.007 -20"><span class='ocrx_word' id='word_1_524' title='bbox 61 4694 181 4760; x_wconf 74' lang='lat' dir='ltr'><strong><em>lirensis</em></strong></span> <span class='ocrx_word' id='word_1_525' title='bbox 202 4699 382 4771; x_wconf 80' lang='lat' dir='ltr'><strong><em>edidimus,</em></strong></span> <span class='ocrx_word' id='word_1_526' title='bbox 399 4715 489 4779; x_wconf 81' lang='lat' dir='ltr'><strong><em>quem</em></strong></span> <span class='ocrx_word' id='word_1_527' title='bbox 509 4719 592 4761; x_wconf 86' lang='lat' dir='ltr'><strong><em>nuno</em></strong></span> <span class='ocrx_word' id='word_1_528' title='bbox 612 4699 645 4759; x_wconf 86' lang='lat' dir='ltr'><strong><em>in</em></strong></span> <span class='ocrx_word' id='word_1_529' title='bbox 667 4699 721 4759; x_wconf 85' lang='lat' dir='ltr'><strong><em>boo</em></strong></span> <span class='ocrx_word' id='word_1_530' title='bbox 735 4715 783 4758; x_wconf 84' lang='lat' dir='ltr'><strong><em>sa·</em></strong></span> <span class='ocrx_word' id='word_1_531' title='bbox 837 4714 930 4777; x_wconf 88' lang='lat' dir='ltr'><strong><em>super</em></strong></span> <span class='ocrx_word' id='word_1_532' title='bbox 946 4699 997 4758; x_wconf 85' lang='lat' dir='ltr'><strong><em>W.</em></strong></span> <span class='ocrx_word' id='word_1_533' title='bbox 1014 4695 1107 4760; x_wconf 89' lang='lat' dir='ltr'><strong><em>libros</em></strong></span> <span class='ocrx_word' id='word_1_534' title='bbox 1124 4695 1160 4758; x_wconf 85' lang='lat' dir='ltr'><strong><em>de</em></strong></span> <span class='ocrx_word' id='word_1_535' title='bbox 1179 4691 1266 4759; x_wconf 85' lang='lat' dir='ltr'><strong><em>Coelo</em></strong></span> <span class='ocrx_word' id='word_1_536' title='bbox 1283 4697 1312 4751; x_wconf 89' lang='lat' dir='ltr'><strong><em>et</em></strong></span> <span class='ocrx_word' id='word_1_537' title='bbox 1326 4685 1445 4751; x_wconf 80' lang='lat' dir='ltr'><strong><em>trunto.</em></strong></span> <span class='ocrx_word' id='word_1_538' title='bbox 1461 4685 1558 4761; x_wconf 81' lang='lat' dir='ltr'><strong><em>Super</em></strong></span> 
     </span>
    </p>
   </div>
   <div class='ocr_carea' id='block_1_2' title="bbox 92 4895 989 4961">
    <p class='ocr_par' dir='ltr' id='par_1_4' title="bbox 92 4857 989 4961">
     <span class='ocr_line' id='line_1_49' title="bbox 92 4895 989 4961; baseline 0.006 -18"><span class='ocrx_word' id='word_1_539' title='bbox 92 4897 198 4956; x_wconf 71' lang='grc'><strong>014441.</strong></span> <span class='ocrx_word' id='word_1_540' title='bbox 216 4904 251 4950; x_wconf 82' lang='lat' dir='ltr'><strong><em>D.</em></strong></span> <span class='ocrx_word' id='word_1_541' title='bbox 271 4902 317 4947; x_wconf 84' lang='lat' dir='ltr'><strong><em>to.</em></strong></span> <span class='ocrx_word' id='word_1_542' title='bbox 332 4898 460 4959; x_wconf 80' lang='grc'><strong>40404044,</strong></span> <span class='ocrx_word' id='word_1_543' title='bbox 480 4897 597 4961; x_wconf 76' lang='lat' dir='ltr'><strong><em>theologi</em></strong></span> <span class='ocrx_word' id='word_1_544' title='bbox 614 4897 787 4948; x_wconf 75' lang='lat' dir='ltr'><strong><em>deluisttom.</em></strong></span> <span class='ocrx_word' id='word_1_545' title='bbox 833 4897 858 4946; x_wconf 75' lang='grc' dir='ltr'><strong><em>Ξ.</em></strong></span> <span class='ocrx_word' id='word_1_546' title='bbox 877 4895 989 4961; x_wconf 60' lang='lat' dir='ltr'><strong><em>pamm.</em></strong></span> 
     </span>
    </p>
   </div>
   <div class='ocr_carea' id='block_1_3' title="bbox 0 0 1816 5406">
    <p class='ocr_par' dir='ltr' id='par_1_5' title="bbox 0 0 1816 5406">
     <span class='ocr_line' id='line_1_50' title="bbox 0 0 1816 5406; baseline 0 5"><span class='ocrx_word' id='word_1_547' title='bbox 0 0 1816 5406; x_wconf 95' lang='lat' dir='ltr'><strong><em> </em></strong></span> 
     </span>
    </p>
   </div>
  </div>
 </body>
</html>
