<?xml version="1.0" encoding="UTF-8"?>
<!DOCTYPE html PUBLIC "-//W3C//DTD XHTML 1.0 Transitional//EN"
    "http://www.w3.org/TR/xhtml1/DTD/xhtml1-transitional.dtd">
<html xmlns="http://www.w3.org/1999/xhtml" xml:lang="en" lang="en">
 <head>
  <title>
</title>
<meta http-equiv="Content-Type" content="text/html;charset=utf-8" />
  <meta name='ocr-system' content='tesseract 3.04.00' />
  <meta name='ocr-capabilities' content='ocr_page ocr_carea ocr_par ocr_line ocrx_word'/>
</head>
<body>
  <div class='ocr_page' id='page_1' title='image "./bibliothecalati01gallgoog_0407.png"; bbox 0 0 3368 5362; ppageno 0'>
   <div class='ocr_carea' id='block_1_1' title="bbox 107 185 1683 4905">
    <p class='ocr_par' dir='ltr' id='par_1_1' title="bbox 107 185 1683 4905">
     <span class='ocr_line' id='line_1_1' title="bbox 168 185 1227 262; baseline -0.016 0"><span class='ocrx_word' id='word_1_1' title='bbox 168 204 227 262; x_wconf 74' lang='lat' dir='ltr'><strong>lii-2</strong></span> <span class='ocrx_word' id='word_1_2' title='bbox 759 185 1074 248; x_wconf 87' lang='grc'><strong>000004008</strong></span> <span class='ocrx_word' id='word_1_3' title='bbox 1222 236 1227 245; x_wconf 96' lang='grc'><strong>.</strong></span> 
     </span>
     <span class='ocr_line' id='line_1_2' title="bbox 210 285 1640 374; baseline -0.011 -9"><span class='ocrx_word' id='word_1_4' title='bbox 210 303 424 367; x_wconf 75' lang='lat' dir='ltr'><strong>consulens</strong></span> <span class='ocrx_word' id='word_1_5' title='bbox 448 299 599 371; x_wconf 82' lang='lat' dir='ltr'><strong>Pinarius,</strong></span> <span class='ocrx_word' id='word_1_6' title='bbox 626 297 775 374; x_wconf 89' lang='lat' dir='ltr'><strong>Hispanus</strong></span> <span class='ocrx_word' id='word_1_7' title='bbox 788 337 794 368; x_wconf 94' lang='lat'><strong>,</strong></span> <span class='ocrx_word' id='word_1_8' title='bbox 825 294 889 353; x_wconf 87' lang='grc'><strong>414·</strong></span> <span class='ocrx_word' id='word_1_9' title='bbox 943 298 973 350; x_wconf 85' lang='grc'><strong>44</strong></span> <span class='ocrx_word' id='word_1_10' title='bbox 985 289 1133 367; x_wconf 83' lang='lat' dir='ltr'><strong>Compluti</strong></span> <span class='ocrx_word' id='word_1_11' title='bbox 1147 288 1233 349; x_wconf 77' lang='grc'><strong>4578.</strong></span> <span class='ocrx_word' id='word_1_12' title='bbox 1246 287 1294 346; x_wconf 88' lang='lat' dir='ltr'><strong>iol.</strong></span> <span class='ocrx_word' id='word_1_13' title='bbox 1306 285 1433 347; x_wconf 91' lang='lat' dir='ltr'><strong>editum.</strong></span> <span class='ocrx_word' id='word_1_14' title='bbox 1448 289 1507 349; x_wconf 92' lang='grc'><strong>444.</strong></span> <span class='ocrx_word' id='word_1_15' title='bbox 1531 289 1640 352; x_wconf 77' lang='lat' dir='ltr'><strong>Andreas</strong></span> 
     </span>
     <span class='ocr_line' id='line_1_3' title="bbox 170 381 1642 471; baseline -0.011 -12"><span class='ocrx_word' id='word_1_16' title='bbox 170 414 260 459; x_wconf 88' lang='lat' dir='ltr'><strong>mnus</strong></span> <span class='ocrx_word' id='word_1_17' title='bbox 282 397 403 471; x_wconf 82' lang='lat' dir='ltr'><strong>Collegit</strong></span> <span class='ocrx_word' id='word_1_18' title='bbox 428 393 547 468; x_wconf 79' lang='lat' dir='ltr'><strong>majoris</strong></span> <span class='ocrx_word' id='word_1_19' title='bbox 566 391 694 450; x_wconf 91' lang='lat' dir='ltr'><strong>nationis</strong></span> <span class='ocrx_word' id='word_1_20' title='bbox 716 387 889 464; x_wconf 87' lang='lat' dir='ltr'><strong>Hispanicac</strong></span> <span class='ocrx_word' id='word_1_21' title='bbox 945 384 974 441; x_wconf 92' lang='lat' dir='ltr'><strong>in</strong></span> <span class='ocrx_word' id='word_1_22' title='bbox 996 382 1135 458; x_wconf 80' lang='lat' dir='ltr'><strong>Catalogo</strong></span> <span class='ocrx_word' id='word_1_23' title='bbox 1166 381 1317 441; x_wconf 88' lang='lat' dir='ltr'><strong>clarorum</strong></span> <span class='ocrx_word' id='word_1_24' title='bbox 1351 381 1509 458; x_wconf 81' lang='lat' dir='ltr'>Hispaniae</span> <span class='ocrx_word' id='word_1_25' title='bbox 1536 386 1642 445; x_wconf 87' lang='lat' dir='ltr'><strong>virorurr.</strong></span> 
     </span>
     <span class='ocr_line' id='line_1_4' title="bbox 170 473 1642 560; baseline -0.01 -11"><span class='ocrx_word' id='word_1_26' title='bbox 170 494 199 550; x_wconf 93' lang='grc'><strong>44</strong></span> <span class='ocrx_word' id='word_1_27' title='bbox 227 491 299 551; x_wconf 90' lang='lat' dir='ltr'><strong>urbe</strong></span> <span class='ocrx_word' id='word_1_28' title='bbox 328 487 506 548; x_wconf 87' lang='lat' dir='ltr'><strong>Bononiensi</strong></span> <span class='ocrx_word' id='word_1_29' title='bbox 525 527 531 554; x_wconf 96' lang='lat'><strong>,</strong></span> <span class='ocrx_word' id='word_1_30' title='bbox 554 491 655 560; x_wconf 90' lang='lat' dir='ltr'><strong>postea</strong></span> <span class='ocrx_word' id='word_1_31' title='bbox 674 483 749 541; x_wconf 89' lang='lat' dir='ltr'><strong>civis</strong></span> <span class='ocrx_word' id='word_1_32' title='bbox 772 478 889 538; x_wconf 80' lang='lat' dir='ltr'>ibidem.</span> <span class='ocrx_word' id='word_1_33' title='bbox 948 491 1013 552; x_wconf 82' lang='lat' dir='ltr'><strong>pag.</strong></span> <span class='ocrx_word' id='word_1_34' title='bbox 1036 474 1104 534; x_wconf 95' lang='grc'><strong>404.</strong></span> <span class='ocrx_word' id='word_1_35' title='bbox 1125 473 1277 534; x_wconf 77' lang='lat' dir='ltr'><strong>orlandus</strong></span> <span class='ocrx_word' id='word_1_36' title='bbox 1301 474 1329 531; x_wconf 93' lang='grc'><strong>44</strong></span> <span class='ocrx_word' id='word_1_37' title='bbox 1353 474 1464 533; x_wconf 83' lang='grc'><strong>44444444</strong></span> <span class='ocrx_word' id='word_1_38' title='bbox 1486 475 1642 552; x_wconf 80' lang='lat' dir='ltr'><strong>Scriptorum</strong></span> 
     </span>
     <span class='ocr_line' id='line_1_5' title="bbox 170 565 1682 652; baseline -0.014 -10"><span class='ocrx_word' id='word_1_39' title='bbox 170 584 288 642; x_wconf 83' lang='lat' dir='ltr'>Primus</span> <span class='ocrx_word' id='word_1_40' title='bbox 319 580 392 649; x_wconf 86' lang='lat' dir='ltr'><strong>init,</strong></span> <span class='ocrx_word' id='word_1_41' title='bbox 424 575 586 652; x_wconf 80' lang='lat' dir='ltr'><strong>univiram</strong></span> <span class='ocrx_word' id='word_1_42' title='bbox 616 572 719 652; x_wconf 83' lang='lat' dir='ltr'><strong>AEpr&#39;di</strong></span> <span class='ocrx_word' id='word_1_43' title='bbox 742 568 898 631; x_wconf 76' lang='grc' dir='ltr'><strong>04044444Ι</strong></span> <span class='ocrx_word' id='word_1_44' title='bbox 947 566 1179 627; x_wconf 82' lang='lat' dir='ltr'><strong>Bononienstum</strong></span> <span class='ocrx_word' id='word_1_45' title='bbox 1198 582 1262 642; x_wconf 84' lang='lat' dir='ltr'><strong>pag.</strong></span> <span class='ocrx_word' id='word_1_46' title='bbox 1282 565 1428 625; x_wconf 70' lang='lat' dir='ltr'><strong>ets-sta.</strong></span> <span class='ocrx_word' id='word_1_47' title='bbox 1680 582 1682 591; x_wconf 93' lang='lat'>·</span> 
     </span>
     <span class='ocr_line' id='line_1_6' title="bbox 170 658 1683 746; baseline -0.009 -12"><span class='ocrx_word' id='word_1_48' title='bbox 170 670 342 736; x_wconf 76' lang='lat' dir='ltr'><strong>cardinalis</strong></span> <span class='ocrx_word' id='word_1_49' title='bbox 364 671 507 745; x_wconf 82' lang='lat' dir='ltr'><strong>scripsit,</strong></span> <span class='ocrx_word' id='word_1_50' title='bbox 534 685 560 728; x_wconf 94' lang='grc'><strong>4.</strong></span> <span class='ocrx_word' id='word_1_51' title='bbox 593 667 680 727; x_wconf 80' lang='lat' dir='ltr'><strong>istc.</strong></span> <span class='ocrx_word' id='word_1_52' title='bbox 703 667 889 746; x_wconf 86' lang='lat' dir='ltr'><strong>impressam.</strong></span> <span class='ocrx_word' id='word_1_53' title='bbox 985 658 1210 733; x_wconf 77' lang='grc'><strong>0004404008,</strong></span> <span class='ocrx_word' id='word_1_54' title='bbox 1231 658 1374 718; x_wconf 80' lang='lat' dir='ltr'><strong>Lucensis</strong></span> <span class='ocrx_word' id='word_1_55' title='bbox 1384 659 1640 741; x_wconf 87' lang='lat' dir='ltr'><strong>EpiscopusHispa-</strong></span> <span class='ocrx_word' id='word_1_56' title='bbox 1680 668 1683 705; x_wconf 72' lang='grc'><strong>4</strong></span> 
     </span>
     <span class='ocr_line' id='line_1_7' title="bbox 168 750 1683 835; baseline -0.007 -11"><span class='ocrx_word' id='word_1_57' title='bbox 168 753 890 835; x_wconf 76' lang='grc'><strong>04444040444444844444.4444444444444444248.</strong></span> <span class='ocrx_word' id='word_1_58' title='bbox 946 767 1014 824; x_wconf 85' lang='grc'><strong>444,</strong></span> <span class='ocrx_word' id='word_1_59' title='bbox 1035 753 1158 812; x_wconf 77' lang='lat' dir='ltr'><strong>cccix.</strong></span> <span class='ocrx_word' id='word_1_60' title='bbox 1178 750 1287 827; x_wconf 90' lang='lat' dir='ltr'><strong>medio,</strong></span> <span class='ocrx_word' id='word_1_61' title='bbox 1309 750 1582 829; x_wconf 80' lang='lat' dir='ltr'><strong>scripsitderebur</strong></span> <span class='ocrx_word' id='word_1_62' title='bbox 1600 772 1643 814; x_wconf 84' lang='lat' dir='ltr'><strong>rre-</strong></span> <span class='ocrx_word' id='word_1_63' title='bbox 1680 766 1683 777; x_wconf 93' lang='grc'><em>·</em></span> 
     </span>
     <span class='ocr_line' id='line_1_8' title="bbox 207 839 1683 929; baseline -0.009 -12"><span class='ocrx_word' id='word_1_64' title='bbox 207 853 421 918; x_wconf 85' lang='grc'><strong>0000040448</strong></span> <span class='ocrx_word' id='word_1_65' title='bbox 447 849 702 929; x_wconf 76' lang='grc'><strong>0444944444444,</strong></span> <span class='ocrx_word' id='word_1_66' title='bbox 725 847 793 906; x_wconf 88' lang='lat' dir='ltr'><strong>vide</strong></span> <span class='ocrx_word' id='word_1_67' title='bbox 820 843 890 906; x_wconf 85' lang='grc'><strong>040,</strong></span> <span class='ocrx_word' id='word_1_68' title='bbox 946 839 1142 902; x_wconf 77' lang='lat' dir='ltr'><strong>monubilibus</strong></span> <span class='ocrx_word' id='word_1_69' title='bbox 1163 843 1424 920; x_wconf 60' lang='lat' dir='ltr'><strong>creponensem</strong></span> <span class='ocrx_word' id='word_1_70' title='bbox 1442 845 1643 907; x_wconf 78' lang='lat' dir='ltr'><strong>confundendus</strong></span> <span class='ocrx_word' id='word_1_71' title='bbox 1681 878 1683 929; x_wconf 70' lang='lat'><em>3</em></span> 
     </span>
     <span class='ocr_line' id='line_1_9' title="bbox 167 935 1641 1015; baseline -0.001 -17"><span class='ocrx_word' id='word_1_72' title='bbox 167 947 277 1010; x_wconf 66' lang='lat' dir='ltr'><strong>sancii,</strong></span> <span class='ocrx_word' id='word_1_73' title='bbox 944 945 1074 996; x_wconf 91' lang='lat' dir='ltr'><strong>estcum</strong></span> <span class='ocrx_word' id='word_1_74' title='bbox 1097 936 1153 996; x_wconf 93' lang='lat' dir='ltr'><strong>alio</strong></span> <span class='ocrx_word' id='word_1_75' title='bbox 1177 935 1320 995; x_wconf 88' lang='lat' dir='ltr'><strong>Hodericc</strong></span> <span class='ocrx_word' id='word_1_76' title='bbox 1347 937 1478 996; x_wconf 80' lang='lat' dir='ltr'><strong>bucensi</strong></span> <span class='ocrx_word' id='word_1_77' title='bbox 1503 939 1641 1015; x_wconf 83' lang='lat' dir='ltr'><strong>Episcopo,</strong></span> 
     </span>
     <span class='ocr_line' id='line_1_10' title="bbox 207 1029 1683 1109; baseline -0.008 -9"><span class='ocrx_word' id='word_1_78' title='bbox 207 1037 423 1101; x_wconf 87' lang='grc'><strong>000004008</strong></span> <span class='ocrx_word' id='word_1_79' title='bbox 442 1034 638 1109; x_wconf 83' lang='grc'><strong>0444404444,</strong></span> <span class='ocrx_word' id='word_1_80' title='bbox 657 1032 890 1094; x_wconf 89' lang='lat' dir='ltr'><strong>Archidiaconus</strong></span> <span class='ocrx_word' id='word_1_81' title='bbox 944 1033 1049 1108; x_wconf 87' lang='lat' dir='ltr'><strong>quia.</strong></span> <span class='ocrx_word' id='word_1_82' title='bbox 1084 1030 1172 1090; x_wconf 76' lang='grc'><strong>4848.</strong></span> <span class='ocrx_word' id='word_1_83' title='bbox 1205 1030 1290 1087; x_wconf 80' lang='lat' dir='ltr'><strong>vixit.</strong></span> <span class='ocrx_word' id='word_1_84' title='bbox 1321 1029 1387 1089; x_wconf 90' lang='lat' dir='ltr'><strong>Nic.</strong></span> <span class='ocrx_word' id='word_1_85' title='bbox 1420 1029 1564 1089; x_wconf 87' lang='lat' dir='ltr'><strong>Antonius</strong></span> <span class='ocrx_word' id='word_1_86' title='bbox 1590 1030 1683 1091; x_wconf 89' lang='grc'><strong>040</strong></span> <span class='ocrx_word' id='word_1_87' title='bbox 1681 1050 1683 1061; x_wconf 92' lang='grc'><strong><em>·</em></strong></span> 
     </span>
     <span class='ocr_line' id='line_1_11' title="bbox 167 1120 1418 1204; baseline -0.012 -9"><span class='ocrx_word' id='word_1_88' title='bbox 167 1132 382 1195; x_wconf 89' lang='lat' dir='ltr'><strong>Clocorensis</strong></span> <span class='ocrx_word' id='word_1_89' title='bbox 376 1149 404 1189; x_wconf 91' lang='grc'><strong>44</strong></span> <span class='ocrx_word' id='word_1_90' title='bbox 428 1131 584 1202; x_wconf 84' lang='lat' dir='ltr'><strong>Hibernia,</strong></span> <span class='ocrx_word' id='word_1_91' title='bbox 617 1130 736 1204; x_wconf 78' lang='lat' dir='ltr'><strong>scripsit</strong></span> <span class='ocrx_word' id='word_1_92' title='bbox 772 1131 887 1203; x_wconf 87' lang='lat' dir='ltr'><strong>partem</strong></span> <span class='ocrx_word' id='word_1_93' title='bbox 944 1123 1024 1199; x_wconf 91' lang='lat' dir='ltr'><strong>Hisp.</strong></span> <span class='ocrx_word' id='word_1_94' title='bbox 1047 1122 1153 1181; x_wconf 89' lang='lat' dir='ltr'><strong>Vetere</strong></span> <span class='ocrx_word' id='word_1_95' title='bbox 1175 1120 1222 1179; x_wconf 94' lang='grc'><strong>44</strong></span> <span class='ocrx_word' id='word_1_96' title='bbox 1242 1122 1272 1180; x_wconf 85' lang='grc'><strong>5.</strong></span> <span class='ocrx_word' id='word_1_97' title='bbox 1294 1137 1323 1178; x_wconf 90' lang='grc'><strong>4.</strong></span> <span class='ocrx_word' id='word_1_98' title='bbox 1349 1121 1418 1181; x_wconf 92' lang='grc'><strong>448.</strong></span> 
     </span>
     <span class='ocr_line' id='line_1_12' title="bbox 167 1210 1642 1331; baseline -0.007 -47"><span class='ocrx_word' id='word_1_99' title='bbox 167 1227 359 1305; x_wconf 77' lang='lat' dir='ltr'><strong>posteriorem</strong></span> <span class='ocrx_word' id='word_1_100' title='bbox 378 1222 538 1282; x_wconf 78' lang='lat' dir='ltr'><strong>Annalium</strong></span> <span class='ocrx_word' id='word_1_101' title='bbox 561 1220 670 1281; x_wconf 81' lang='lat' dir='ltr'><strong>Ultonr&#39;e</strong></span> <span class='ocrx_word' id='word_1_102' title='bbox 672 1219 770 1279; x_wconf 84' lang='lat' dir='ltr'><strong>nrinm</strong></span> <span class='ocrx_word' id='word_1_103' title='bbox 792 1233 889 1292; x_wconf 87' lang='lat' dir='ltr'><strong>usquc</strong></span> <span class='ocrx_word' id='word_1_104' title='bbox 982 1212 1199 1274; x_wconf 83' lang='lat' dir='ltr'><strong>HODERiCUS</strong></span> <span class='ocrx_word' id='word_1_105' title='bbox 1216 1210 1403 1331; x_wconf 82' lang='grc'><strong>0444444444,</strong></span> <span class='ocrx_word' id='word_1_106' title='bbox 1420 1211 1491 1272; x_wconf 85' lang='lat' dir='ltr'><strong>vide</strong></span> <span class='ocrx_word' id='word_1_107' title='bbox 1512 1213 1642 1274; x_wconf 82' lang='grc'><strong>04044444</strong></span> 
     </span>
     <span class='ocr_line' id='line_1_13' title="bbox 166 1306 1082 1392; baseline -0.014 -13"><span class='ocrx_word' id='word_1_108' title='bbox 166 1317 246 1379; x_wconf 88' lang='grc'><strong>404.</strong></span> <span class='ocrx_word' id='word_1_109' title='bbox 270 1317 355 1376; x_wconf 94' lang='grc'><strong>4044.</strong></span> <span class='ocrx_word' id='word_1_110' title='bbox 384 1332 444 1392; x_wconf 88' lang='lat' dir='ltr'><strong>quo</strong></span> <span class='ocrx_word' id='word_1_111' title='bbox 474 1314 632 1391; x_wconf 91' lang='lat' dir='ltr'><strong>ipseobiit.</strong></span> <span class='ocrx_word' id='word_1_112' title='bbox 661 1314 728 1372; x_wconf 85' lang='lat' dir='ltr'><strong>Fuit</strong></span> <span class='ocrx_word' id='word_1_113' title='bbox 757 1312 785 1369; x_wconf 93' lang='lat' dir='ltr'><strong>in</strong></span> <span class='ocrx_word' id='word_1_114' title='bbox 814 1308 886 1369; x_wconf 84' lang='grc'><strong>04444.</strong></span> <span class='ocrx_word' id='word_1_115' title='bbox 944 1306 1082 1368; x_wconf 82' lang='lat' dir='ltr'><strong>sancino</strong></span> 
     </span>
     <span class='ocr_line' id='line_1_14' title="bbox 166 1397 1642 1485; baseline -0.007 -16"><span class='ocrx_word' id='word_1_116' title='bbox 166 1409 210 1469; x_wconf 89' lang='lat' dir='ltr'><strong>Jo</strong></span> <span class='ocrx_word' id='word_1_117' title='bbox 231 1411 309 1469; x_wconf 86' lang='lat' dir='ltr'><strong>Hore</strong></span> <span class='ocrx_word' id='word_1_118' title='bbox 330 1409 466 1485; x_wconf 88' lang='lat' dir='ltr'><strong>Episcopi</strong></span> <span class='ocrx_word' id='word_1_119' title='bbox 488 1407 688 1467; x_wconf 80' lang='lat' dir='ltr'><strong>Norvicensis.</strong></span> <span class='ocrx_word' id='word_1_120' title='bbox 708 1403 885 1463; x_wconf 88' lang='grc'><strong>44040444</strong></span> <span class='ocrx_word' id='word_1_121' title='bbox 986 1397 1200 1461; x_wconf 85' lang='lat' dir='ltr'><strong>RODEHiCUS</strong></span> <span class='ocrx_word' id='word_1_122' title='bbox 1230 1399 1409 1459; x_wconf 68' lang='lat' dir='ltr'><strong>Porticenses</strong></span> <span class='ocrx_word' id='word_1_123' title='bbox 1434 1400 1604 1478; x_wconf 79' lang='lat' dir='ltr'><strong>Ep²,scopur</strong></span> <span class='ocrx_word' id='word_1_124' title='bbox 1617 1401 1642 1459; x_wconf 89' lang='lat' dir='ltr'><strong>ab</strong></span> 
     </span>
     <span class='ocr_line' id='line_1_15' title="bbox 168 1491 1640 1580; baseline -0.008 -18"><span class='ocrx_word' id='word_1_125' title='bbox 168 1503 266 1580; x_wconf 85' lang='lat' dir='ltr'><strong>logum</strong></span> <span class='ocrx_word' id='word_1_126' title='bbox 299 1501 379 1562; x_wconf 89' lang='grc'><strong>4488.</strong></span> <span class='ocrx_word' id='word_1_127' title='bbox 412 1501 483 1560; x_wconf 87' lang='lat' dir='ltr'><strong>Bibl.</strong></span> <span class='ocrx_word' id='word_1_128' title='bbox 511 1500 728 1558; x_wconf 85' lang='lat' dir='ltr'><strong>Tenisonianac</strong></span> <span class='ocrx_word' id='word_1_129' title='bbox 757 1497 834 1572; x_wconf 58' lang='grc'><strong>4.,4.</strong></span> <span class='ocrx_word' id='word_1_130' title='bbox 856 1499 888 1574; x_wconf 88' lang='lat' dir='ltr'><strong>et</strong></span> <span class='ocrx_word' id='word_1_131' title='bbox 941 1491 1119 1552; x_wconf 86' lang='grc'><strong>44444470.</strong></span> <span class='ocrx_word' id='word_1_132' title='bbox 1134 1493 1164 1551; x_wconf 93' lang='grc'><strong>8.</strong></span> <span class='ocrx_word' id='word_1_133' title='bbox 1181 1493 1214 1551; x_wconf 91' lang='grc'><strong>0.</strong></span> <span class='ocrx_word' id='word_1_134' title='bbox 1229 1492 1263 1551; x_wconf 88' lang='lat' dir='ltr'><strong>E.</strong></span> <span class='ocrx_word' id='word_1_135' title='bbox 1278 1493 1640 1570; x_wconf 78' lang='lat' dir='ltr'><strong>vicecancellarius,gente</strong></span> 
     </span>
     <span class='ocr_line' id='line_1_16' title="bbox 168 1584 1640 1663; baseline -0.005 -11"><span class='ocrx_word' id='word_1_136' title='bbox 168 1596 258 1654; x_wconf 87' lang='grc'><strong>8444.</strong></span> <span class='ocrx_word' id='word_1_137' title='bbox 273 1594 310 1653; x_wconf 88' lang='lat' dir='ltr'><strong>de</strong></span> <span class='ocrx_word' id='word_1_138' title='bbox 331 1593 517 1653; x_wconf 86' lang='grc'><strong>0444444444</strong></span> <span class='ocrx_word' id='word_1_139' title='bbox 540 1591 612 1651; x_wconf 87' lang='lat' dir='ltr'><strong>Bibi.</strong></span> <span class='ocrx_word' id='word_1_140' title='bbox 634 1588 886 1651; x_wconf 75' lang='lat' dir='ltr'><strong>bibliothecarum</strong></span> <span class='ocrx_word' id='word_1_141' title='bbox 944 1587 1058 1662; x_wconf 81' lang='lat' dir='ltr'><strong>Borgia,</strong></span> <span class='ocrx_word' id='word_1_142' title='bbox 1075 1587 1224 1662; x_wconf 90' lang='lat' dir='ltr'><strong>Hispanus</strong></span> <span class='ocrx_word' id='word_1_143' title='bbox 1241 1584 1435 1659; x_wconf 88' lang='lat' dir='ltr'><strong>Valentinus,</strong></span> <span class='ocrx_word' id='word_1_144' title='bbox 1458 1585 1572 1652; x_wconf 83' lang='grc'><strong>4440444</strong></span> <span class='ocrx_word' id='word_1_145' title='bbox 1586 1588 1640 1663; x_wconf 84' lang='lat' dir='ltr'><strong>Papo</strong></span> 
     </span>
     <span class='ocr_line' id='line_1_17' title="bbox 167 1676 1639 1766; baseline -0.008 -18"><span class='ocrx_word' id='word_1_146' title='bbox 167 1689 250 1748; x_wconf 87' lang='grc'><strong>0488.</strong></span> <span class='ocrx_word' id='word_1_147' title='bbox 267 1704 334 1766; x_wconf 83' lang='lat' dir='ltr'><strong>pag.</strong></span> <span class='ocrx_word' id='word_1_148' title='bbox 352 1686 419 1747; x_wconf 88' lang='lat'><strong>689.</strong></span> <span class='ocrx_word' id='word_1_149' title='bbox 768 1720 773 1729; x_wconf 83' lang='lat'><em>-</em></span> <span class='ocrx_word' id='word_1_150' title='bbox 945 1680 1065 1737; x_wconf 90' lang='lat' dir='ltr'><strong>nomine</strong></span> <span class='ocrx_word' id='word_1_151' title='bbox 1088 1676 1248 1736; x_wconf 78' lang='lat' dir='ltr'><strong>Alexandri</strong></span> <span class='ocrx_word' id='word_1_152' title='bbox 1266 1677 1314 1736; x_wconf 88' lang='lat' dir='ltr'><strong>vt.</strong></span> <span class='ocrx_word' id='word_1_153' title='bbox 1332 1677 1409 1738; x_wconf 88' lang='lat' dir='ltr'><strong>Vide</strong></span> <span class='ocrx_word' id='word_1_154' title='bbox 1426 1678 1540 1757; x_wconf 83' lang='lat' dir='ltr'><strong>Ugbclii</strong></span> <span class='ocrx_word' id='word_1_155' title='bbox 1555 1679 1639 1738; x_wconf 84' lang='lat' dir='ltr'><strong>ltaliam</strong></span> 
     </span>
     <span class='ocr_line' id='line_1_18' title="bbox 207 1770 1388 1851; baseline -0.008 -13"><span class='ocrx_word' id='word_1_156' title='bbox 207 1778 421 1839; x_wconf 83' lang='lat' dir='ltr'><strong>EODERlCUS</strong></span> <span class='ocrx_word' id='word_1_157' title='bbox 441 1775 476 1836; x_wconf 86' lang='lat' dir='ltr'><strong>de</strong></span> <span class='ocrx_word' id='word_1_158' title='bbox 493 1773 660 1848; x_wconf 82' lang='lat' dir='ltr'><strong>Pnbrcuou,</strong></span> <span class='ocrx_word' id='word_1_159' title='bbox 679 1775 799 1851; x_wconf 90' lang='lat' dir='ltr'><strong>scripsit</strong></span> <span class='ocrx_word' id='word_1_160' title='bbox 811 1773 891 1831; x_wconf 84' lang='lat' dir='ltr'><strong>lura</strong></span> <span class='ocrx_word' id='word_1_161' title='bbox 943 1787 1060 1830; x_wconf 86' lang='lat' dir='ltr'><strong>sacram</strong></span> <span class='ocrx_word' id='word_1_162' title='bbox 1084 1776 1164 1829; x_wconf 92' lang='lat' dir='ltr'><strong>tomo</strong></span> <span class='ocrx_word' id='word_1_163' title='bbox 1186 1770 1205 1829; x_wconf 94' lang='grc'><strong>4.</strong></span> <span class='ocrx_word' id='word_1_164' title='bbox 1228 1786 1294 1847; x_wconf 86' lang='lat' dir='ltr'><strong>pag.</strong></span> <span class='ocrx_word' id='word_1_165' title='bbox 1318 1770 1388 1831; x_wconf 82' lang='grc'><strong>445.</strong></span> 
     </span>
     <span class='ocr_line' id='line_1_19' title="bbox 170 1861 1639 1946; baseline -0.008 -15"><span class='ocrx_word' id='word_1_166' title='bbox 170 1877 197 1931; x_wconf 95' lang='grc'><strong>44</strong></span> <span class='ocrx_word' id='word_1_167' title='bbox 217 1870 446 1933; x_wconf 73' lang='lat' dir='ltr'><strong>constitutiones</strong></span> <span class='ocrx_word' id='word_1_168' title='bbox 467 1869 553 1946; x_wconf 83' lang='lat' dir='ltr'><strong>repni</strong></span> <span class='ocrx_word' id='word_1_169' title='bbox 573 1867 737 1927; x_wconf 80' lang='grc'><strong>0444444444.</strong></span> <span class='ocrx_word' id='word_1_170' title='bbox 757 1865 892 1925; x_wconf 89' lang='lat' dir='ltr'><strong>Possevi-</strong></span> <span class='ocrx_word' id='word_1_171' title='bbox 984 1865 1139 1924; x_wconf 84' lang='lat' dir='ltr'><strong>Gesnerns</strong></span> <span class='ocrx_word' id='word_1_172' title='bbox 1159 1868 1190 1922; x_wconf 92' lang='lat' dir='ltr'><strong>et</strong></span> <span class='ocrx_word' id='word_1_173' title='bbox 1219 1861 1281 1920; x_wconf 91' lang='grc'><strong>441.</strong></span> <span class='ocrx_word' id='word_1_174' title='bbox 1309 1861 1453 1922; x_wconf 81' lang='lat' dir='ltr'><strong>Andreas</strong></span> <span class='ocrx_word' id='word_1_175' title='bbox 1480 1881 1507 1942; x_wconf 92' lang='lat' dir='ltr'><strong>p.</strong></span> <span class='ocrx_word' id='word_1_176' title='bbox 1537 1867 1592 1924; x_wconf 92' lang='grc'><strong>404.</strong></span> <span class='ocrx_word' id='word_1_177' title='bbox 1610 1863 1639 1921; x_wconf 87' lang='lat' dir='ltr'><strong>di·</strong></span> 
     </span>
     <span class='ocr_line' id='line_1_20' title="bbox 170 1951 1640 2038; baseline -0.005 -16"><span class='ocrx_word' id='word_1_178' title='bbox 170 1980 228 2023; x_wconf 79' lang='grc'><strong>444</strong></span> <span class='ocrx_word' id='word_1_179' title='bbox 243 1971 323 2022; x_wconf 92' lang='lat' dir='ltr'><strong>tomo</strong></span> <span class='ocrx_word' id='word_1_180' title='bbox 338 1964 372 2021; x_wconf 90' lang='lat' dir='ltr'><strong>tt.</strong></span> <span class='ocrx_word' id='word_1_181' title='bbox 395 1962 564 2038; x_wconf 80' lang='lat' dir='ltr'><strong>Apparatus</strong></span> <span class='ocrx_word' id='word_1_182' title='bbox 584 1978 610 2037; x_wconf 91' lang='lat' dir='ltr'><strong>p.</strong></span> <span class='ocrx_word' id='word_1_183' title='bbox 632 1959 700 2019; x_wconf 88' lang='grc'><strong>348.</strong></span> <span class='ocrx_word' id='word_1_184' title='bbox 946 1963 1040 2024; x_wconf 85' lang='grc'><strong>4444,</strong></span> <span class='ocrx_word' id='word_1_185' title='bbox 1059 1957 1156 2032; x_wconf 90' lang='lat' dir='ltr'><strong>ipsum</strong></span> <span class='ocrx_word' id='word_1_186' title='bbox 1184 1953 1317 2013; x_wconf 85' lang='lat' dir='ltr'><strong>edidisse</strong></span> <span class='ocrx_word' id='word_1_187' title='bbox 1345 1951 1487 2015; x_wconf 81' lang='lat' dir='ltr'><strong>Glossom</strong></span> <span class='ocrx_word' id='word_1_188' title='bbox 1508 1956 1537 2014; x_wconf 87' lang='grc'><strong>44</strong></span> <span class='ocrx_word' id='word_1_189' title='bbox 1550 1953 1640 2033; x_wconf 70' lang='lat' dir='ltr'><strong>reponi</strong></span> 
     </span>
     <span class='ocr_line' id='line_1_21' title="bbox 208 2044 1639 2123; baseline -0.007 -9"><span class='ocrx_word' id='word_1_190' title='bbox 208 2053 455 2114; x_wconf 76' lang='lat' dir='ltr'><strong>*EODEHICUS</strong></span> <span class='ocrx_word' id='word_1_191' title='bbox 473 2048 619 2109; x_wconf 86' lang='grc'><strong>0404444</strong></span> <span class='ocrx_word' id='word_1_192' title='bbox 636 2051 790 2110; x_wconf 86' lang='lat' dir='ltr'><strong>Echemus</strong></span> <span class='ocrx_word' id='word_1_193' title='bbox 806 2050 891 2109; x_wconf 88' lang='lat' dir='ltr'><strong>iami-</strong></span> <span class='ocrx_word' id='word_1_194' title='bbox 948 2045 1155 2110; x_wconf 81' lang='lat' dir='ltr'><strong>Cunccllarioe</strong></span> <span class='ocrx_word' id='word_1_195' title='bbox 1175 2044 1384 2123; x_wconf 80' lang='lat' dir='ltr'><strong>Apostolrcne,</strong></span> <span class='ocrx_word' id='word_1_196' title='bbox 1407 2045 1446 2106; x_wconf 92' lang='lat' dir='ltr'><strong>ad</strong></span> <span class='ocrx_word' id='word_1_197' title='bbox 1469 2049 1639 2109; x_wconf 77' lang='lat' dir='ltr'><strong>tnnooenrton</strong></span> 
     </span>
     <span class='ocr_line' id='line_1_22' title="bbox 169 2139 1641 2222; baseline -0.006 -17"><span class='ocrx_word' id='word_1_198' title='bbox 169 2146 207 2205; x_wconf 90' lang='grc'><strong>444</strong></span> <span class='ocrx_word' id='word_1_199' title='bbox 237 2149 355 2222; x_wconf 85' lang='lat' dir='ltr'><strong>patritia</strong></span> <span class='ocrx_word' id='word_1_200' title='bbox 381 2143 464 2202; x_wconf 89' lang='lat' dir='ltr'><strong>dedit</strong></span> <span class='ocrx_word' id='word_1_201' title='bbox 495 2145 585 2200; x_wconf 87' lang='lat' dir='ltr'><strong>etiam</strong></span> <span class='ocrx_word' id='word_1_202' title='bbox 620 2143 823 2200; x_wconf 82' lang='lat' dir='ltr'><strong>uirnotoliones</strong></span> <span class='ocrx_word' id='word_1_203' title='bbox 859 2140 889 2199; x_wconf 88' lang='grc'><strong>44</strong></span> <span class='ocrx_word' id='word_1_204' title='bbox 945 2141 1021 2201; x_wconf 92' lang='grc'><strong>4444.</strong></span> <span class='ocrx_word' id='word_1_205' title='bbox 1044 2142 1197 2217; x_wconf 88' lang='lat' dir='ltr'><strong>scriptam.</strong></span> <span class='ocrx_word' id='word_1_206' title='bbox 1213 2140 1276 2217; x_wconf 83' lang='lat' dir='ltr'><strong>Ego</strong></span> <span class='ocrx_word' id='word_1_207' title='bbox 1290 2139 1434 2216; x_wconf 87' lang='lat' dir='ltr'><strong>possideo</strong></span> <span class='ocrx_word' id='word_1_208' title='bbox 1446 2140 1641 2202; x_wconf 83' lang='grc' dir='ltr'><strong>44444444οο444</strong></span> 
     </span>
     <span class='ocr_line' id='line_1_23' title="bbox 170 2230 1640 2314; baseline -0.001 -21"><span class='ocrx_word' id='word_1_209' title='bbox 170 2234 333 2314; x_wconf 83' lang='lat' dir='ltr'><strong>Epistulam</strong></span> <span class='ocrx_word' id='word_1_210' title='bbox 356 2231 446 2293; x_wconf 86' lang='lat' dir='ltr'><strong>Pauli</strong></span> <span class='ocrx_word' id='word_1_211' title='bbox 464 2231 506 2292; x_wconf 86' lang='lat' dir='ltr'><strong>nd</strong></span> <span class='ocrx_word' id='word_1_212' title='bbox 527 2230 652 2292; x_wconf 82' lang='lat' dir='ltr'><strong>Galatas</strong></span> <span class='ocrx_word' id='word_1_213' title='bbox 673 2249 806 2292; x_wconf 79' lang='lat' dir='ltr'><strong>excusus</strong></span> <span class='ocrx_word' id='word_1_214' title='bbox 828 2233 890 2291; x_wconf 90' lang='lat' dir='ltr'><strong>ioco</strong></span> <span class='ocrx_word' id='word_1_215' title='bbox 946 2251 998 2312; x_wconf 91' lang='lat' dir='ltr'><strong>per</strong></span> <span class='ocrx_word' id='word_1_216' title='bbox 1015 2230 1526 2310; x_wconf 84' lang='lat' dir='ltr'><strong>EucheriumSilberimpressum,</strong></span> <span class='ocrx_word' id='word_1_217' title='bbox 1541 2233 1640 2307; x_wconf 77' lang='lat' dir='ltr'><strong>ortorp</strong></span> 
     </span>
     <span class='ocr_line' id='line_1_24' title="bbox 169 2324 1642 2401; baseline -0.003 -15"><span class='ocrx_word' id='word_1_218' title='bbox 169 2336 200 2386; x_wconf 90' lang='lat' dir='ltr'><strong>et</strong></span> <span class='ocrx_word' id='word_1_219' title='bbox 220 2344 298 2387; x_wconf 91' lang='lat' dir='ltr'><strong>anno</strong></span> <span class='ocrx_word' id='word_1_220' title='bbox 320 2329 441 2386; x_wconf 89' lang='lat' dir='ltr'><strong>incertis</strong></span> <span class='ocrx_word' id='word_1_221' title='bbox 463 2328 491 2385; x_wconf 93' lang='lat' dir='ltr'><strong>iu</strong></span> <span class='ocrx_word' id='word_1_222' title='bbox 515 2327 542 2384; x_wconf 87' lang='lat'><strong>8.</strong></span> <span class='ocrx_word' id='word_1_223' title='bbox 566 2326 681 2384; x_wconf 86' lang='lat' dir='ltr'><strong>Direxit</strong></span> <span class='ocrx_word' id='word_1_224' title='bbox 710 2341 787 2401; x_wconf 74' lang='lat' dir='ltr'><strong>orius</strong></span> <span class='ocrx_word' id='word_1_225' title='bbox 808 2324 889 2383; x_wconf 90' lang='lat' dir='ltr'><strong>istud</strong></span> <span class='ocrx_word' id='word_1_226' title='bbox 947 2326 1003 2386; x_wconf 90' lang='grc'><strong>4444</strong></span> <span class='ocrx_word' id='word_1_227' title='bbox 1016 2327 1137 2384; x_wconf 86' lang='grc'><strong>4444444</strong></span> <span class='ocrx_word' id='word_1_228' title='bbox 1150 2343 1156 2382; x_wconf 94' lang='lat'><strong>:</strong></span> <span class='ocrx_word' id='word_1_229' title='bbox 1169 2339 1237 2382; x_wconf 91' lang='lat' dir='ltr'><strong>nam</strong></span> <span class='ocrx_word' id='word_1_230' title='bbox 1254 2327 1282 2384; x_wconf 88' lang='grc'><strong>4.</strong></span> <span class='ocrx_word' id='word_1_231' title='bbox 1295 2340 1411 2384; x_wconf 83' lang='lat' dir='ltr'><strong>nomen</strong></span> <span class='ocrx_word' id='word_1_232' title='bbox 1427 2326 1642 2386; x_wconf 86' lang='lat' dir='ltr'><strong>Glossatorismn</strong></span> 
     </span>
     <span class='ocr_line' id='line_1_25' title="bbox 168 2414 1642 2497; baseline -0.004 -18"><span class='ocrx_word' id='word_1_233' title='bbox 168 2419 203 2480; x_wconf 90' lang='lat' dir='ltr'><strong>ad</strong></span> <span class='ocrx_word' id='word_1_234' title='bbox 228 2419 319 2479; x_wconf 83' lang='lat' dir='ltr'><strong>iriinm</strong></span> <span class='ocrx_word' id='word_1_235' title='bbox 342 2436 431 2479; x_wconf 91' lang='lat' dir='ltr'><strong>sunm</strong></span> <span class='ocrx_word' id='word_1_236' title='bbox 458 2423 493 2476; x_wconf 85' lang='grc'><strong>444</strong></span> <span class='ocrx_word' id='word_1_237' title='bbox 515 2417 546 2476; x_wconf 88' lang='grc'><strong>44</strong></span> <span class='ocrx_word' id='word_1_238' title='bbox 568 2421 651 2476; x_wconf 84' lang='lat' dir='ltr'><strong>tunic</strong></span> <span class='ocrx_word' id='word_1_239' title='bbox 674 2414 766 2476; x_wconf 83' lang='lat' dir='ltr'><strong>turba</strong></span> <span class='ocrx_word' id='word_1_240' title='bbox 784 2433 891 2476; x_wconf 82' lang='grc'><strong>44444-</strong></span> <span class='ocrx_word' id='word_1_241' title='bbox 945 2418 1075 2491; x_wconf 88' lang='grc'><strong>4004444,</strong></span> <span class='ocrx_word' id='word_1_242' title='bbox 1090 2418 1143 2478; x_wconf 89' lang='lat' dir='ltr'><strong>scd</strong></span> <span class='ocrx_word' id='word_1_243' title='bbox 1162 2415 1280 2476; x_wconf 79' lang='lat' dir='ltr'><strong>tantum</strong></span> <span class='ocrx_word' id='word_1_244' title='bbox 1304 2418 1335 2475; x_wconf 96' lang='lat' dir='ltr'><strong>in</strong></span> <span class='ocrx_word' id='word_1_245' title='bbox 1351 2424 1444 2479; x_wconf 77' lang='lat' dir='ltr'><strong>textu</strong></span> <span class='ocrx_word' id='word_1_246' title='bbox 1460 2419 1564 2497; x_wconf 82' lang='lat' dir='ltr'><strong>legitur</strong></span> <span class='ocrx_word' id='word_1_247' title='bbox 1577 2415 1642 2477; x_wconf 81' lang='lat' dir='ltr'><strong>Hode</strong></span> 
     </span>
     <span class='ocr_line' id='line_1_26' title="bbox 168 2507 1642 2572; baseline -0.004 0"><span class='ocrx_word' id='word_1_248' title='bbox 168 2513 243 2572; x_wconf 80' lang='lat' dir='ltr'><strong>liunt</strong></span> <span class='ocrx_word' id='word_1_249' title='bbox 263 2517 291 2572; x_wconf 85' lang='lat' dir='ltr'><strong>et</strong></span> <span class='ocrx_word' id='word_1_250' title='bbox 310 2510 387 2571; x_wconf 88' lang='lat' dir='ltr'><strong>mole</strong></span> <span class='ocrx_word' id='word_1_251' title='bbox 418 2509 605 2571; x_wconf 82' lang='lat' dir='ltr'><strong>sentientium</strong></span> <span class='ocrx_word' id='word_1_252' title='bbox 625 2508 661 2568; x_wconf 87' lang='lat' dir='ltr'><strong>de</strong></span> <span class='ocrx_word' id='word_1_253' title='bbox 682 2508 755 2568; x_wconf 84' lang='lat' dir='ltr'><strong>Fide</strong></span> <span class='ocrx_word' id='word_1_254' title='bbox 786 2507 891 2571; x_wconf 82' lang='lat' dir='ltr'><strong>Callio-</strong></span> <span class='ocrx_word' id='word_1_255' title='bbox 944 2512 1039 2571; x_wconf 90' lang='lat' dir='ltr'><strong>ricum</strong></span> <span class='ocrx_word' id='word_1_256' title='bbox 1063 2509 1139 2570; x_wconf 90' lang='lat' dir='ltr'><strong>banc</strong></span> <span class='ocrx_word' id='word_1_257' title='bbox 1160 2510 1421 2570; x_wconf 76' lang='lat' dir='ltr'><strong>constitutionem</strong></span> <span class='ocrx_word' id='word_1_258' title='bbox 1445 2512 1475 2570; x_wconf 92' lang='grc'><strong>44</strong></span> <span class='ocrx_word' id='word_1_259' title='bbox 1496 2509 1642 2572; x_wconf 83' lang='grc'><strong>0444440444</strong></span> 
     </span>
     <span class='ocr_line' id='line_1_27' title="bbox 169 2600 1641 2682; baseline -0.002 -18"><span class='ocrx_word' id='word_1_260' title='bbox 169 2603 247 2677; x_wconf 83' lang='lat' dir='ltr'><strong>lico,</strong></span> <span class='ocrx_word' id='word_1_261' title='bbox 273 2621 365 2682; x_wconf 81' lang='lat' dir='ltr'><strong>quam</strong></span> <span class='ocrx_word' id='word_1_262' title='bbox 386 2607 521 2665; x_wconf 86' lang='lat' dir='ltr'><strong>ltomann</strong></span> <span class='ocrx_word' id='word_1_263' title='bbox 563 2600 703 2663; x_wconf 80' lang='lat' dir='ltr'><strong>Ecclesia</strong></span> <span class='ocrx_word' id='word_1_264' title='bbox 715 2602 889 2680; x_wconf 74' lang='lat' dir='ltr'><strong>profitetur,</strong></span> <span class='ocrx_word' id='word_1_265' title='bbox 944 2601 1113 2680; x_wconf 88' lang='lat' dir='ltr'><strong>Apostolica</strong></span> <span class='ocrx_word' id='word_1_266' title='bbox 1136 2601 1279 2677; x_wconf 84' lang='lat' dir='ltr'><strong>publicari</strong></span> <span class='ocrx_word' id='word_1_267' title='bbox 1300 2601 1424 2663; x_wconf 87' lang='lat' dir='ltr'><strong>iecisse.</strong></span> <span class='ocrx_word' id='word_1_268' title='bbox 1447 2604 1478 2664; x_wconf 76' lang='lat'><strong>2.</strong></span> <span class='ocrx_word' id='word_1_269' title='bbox 1498 2603 1549 2665; x_wconf 89' lang='lat' dir='ltr'><strong>illa</strong></span> <span class='ocrx_word' id='word_1_270' title='bbox 1566 2602 1641 2662; x_wconf 74' lang='grc'><strong>04444</strong></span> 
     </span>
     <span class='ocr_line' id='line_1_28' title="bbox 169 2691 1640 2774; baseline -0.005 -18"><span class='ocrx_word' id='word_1_271' title='bbox 169 2696 290 2757; x_wconf 80' lang='grc'><strong>0404444</strong></span> <span class='ocrx_word' id='word_1_272' title='bbox 306 2696 467 2757; x_wconf 74' lang='lat' dir='ltr'><strong>catholicoe</strong></span> <span class='ocrx_word' id='word_1_273' title='bbox 485 2713 559 2758; x_wconf 83' lang='lat' dir='ltr'><strong>suae</strong></span> <span class='ocrx_word' id='word_1_274' title='bbox 574 2695 645 2774; x_wconf 77' lang='grc'><strong>444444</strong></span> <span class='ocrx_word' id='word_1_275' title='bbox 660 2700 889 2768; x_wconf 81' lang='lat' dir='ltr'><strong>monumentum,</strong></span> <span class='ocrx_word' id='word_1_276' title='bbox 948 2711 1005 2754; x_wconf 91' lang='lat' dir='ltr'><strong>non</strong></span> <span class='ocrx_word' id='word_1_277' title='bbox 1025 2695 1136 2770; x_wconf 85' lang='lat' dir='ltr'><strong>scripta</strong></span> <span class='ocrx_word' id='word_1_278' title='bbox 1153 2699 1200 2751; x_wconf 91' lang='lat' dir='ltr'><strong>est</strong></span> <span class='ocrx_word' id='word_1_279' title='bbox 1227 2691 1264 2752; x_wconf 90' lang='grc'><strong>40</strong></span> <span class='ocrx_word' id='word_1_280' title='bbox 1293 2695 1430 2772; x_wconf 90' lang='lat' dir='ltr'><strong>Papam,</strong></span> <span class='ocrx_word' id='word_1_281' title='bbox 1448 2695 1502 2756; x_wconf 88' lang='lat' dir='ltr'><strong>sed</strong></span> <span class='ocrx_word' id='word_1_282' title='bbox 1518 2694 1553 2756; x_wconf 91' lang='lat' dir='ltr'><strong>ad</strong></span> <span class='ocrx_word' id='word_1_283' title='bbox 1576 2693 1640 2753; x_wconf 89' lang='grc'><strong>44444</strong></span> 
     </span>
     <span class='ocr_line' id='line_1_29' title="bbox 168 2784 1643 2867; baseline -0.001 -17"><span class='ocrx_word' id='word_1_284' title='bbox 168 2796 202 2850; x_wconf 88' lang='grc'><strong>44</strong></span> <span class='ocrx_word' id='word_1_285' title='bbox 221 2789 475 2867; x_wconf 84' lang='lat' dir='ltr'><strong>qrremadmodum</strong></span> <span class='ocrx_word' id='word_1_286' title='bbox 499 2791 621 2850; x_wconf 88' lang='lat' dir='ltr'><strong>iuturus</strong></span> <span class='ocrx_word' id='word_1_287' title='bbox 651 2796 735 2849; x_wconf 92' lang='lat' dir='ltr'><strong>esset</strong></span> <span class='ocrx_word' id='word_1_288' title='bbox 766 2788 892 2850; x_wconf 88' lang='lat' dir='ltr'><strong>iaculta·</strong></span> <span class='ocrx_word' id='word_1_289' title='bbox 947 2785 1117 2865; x_wconf 88' lang='lat' dir='ltr'><strong>quendam,</strong></span> <span class='ocrx_word' id='word_1_290' title='bbox 1139 2802 1229 2863; x_wconf 89' lang='lat' dir='ltr'><strong>quem</strong></span> <span class='ocrx_word' id='word_1_291' title='bbox 1251 2787 1555 2850; x_wconf 79' lang='lat' dir='ltr'><strong>Reverendissimum</strong></span> <span class='ocrx_word' id='word_1_292' title='bbox 1573 2784 1643 2847; x_wconf 80' lang='grc'><strong>0444·</strong></span> 
     </span>
     <span class='ocr_line' id='line_1_30' title="bbox 168 2878 1642 2958; baseline -0.002 -19"><span class='ocrx_word' id='word_1_293' title='bbox 168 2888 232 2941; x_wconf 95' lang='lat' dir='ltr'><strong>tum</strong></span> <span class='ocrx_word' id='word_1_294' title='bbox 254 2897 377 2942; x_wconf 89' lang='lat' dir='ltr'><strong>suarum</strong></span> <span class='ocrx_word' id='word_1_295' title='bbox 401 2882 505 2941; x_wconf 90' lang='lat' dir='ltr'><strong>baeres</strong></span> <span class='ocrx_word' id='word_1_296' title='bbox 527 2883 566 2940; x_wconf 87' lang='lat' dir='ltr'><strong>ita</strong></span> <span class='ocrx_word' id='word_1_297' title='bbox 588 2888 619 2940; x_wconf 92' lang='lat' dir='ltr'><strong>et</strong></span> <span class='ocrx_word' id='word_1_298' title='bbox 641 2879 708 2939; x_wconf 87' lang='lat' dir='ltr'><strong>fidei</strong></span> <span class='ocrx_word' id='word_1_299' title='bbox 732 2887 823 2940; x_wconf 91' lang='lat' dir='ltr'><strong>esset.</strong></span> <span class='ocrx_word' id='word_1_300' title='bbox 842 2880 859 2917; x_wconf 80' lang='lat'><strong>¹⁸</strong></span> <span class='ocrx_word' id='word_1_301' title='bbox 948 2895 1020 2939; x_wconf 90' lang='lat' dir='ltr'><strong>uum</strong></span> <span class='ocrx_word' id='word_1_302' title='bbox 1036 2887 1133 2938; x_wconf 88' lang='lat' dir='ltr'><strong>vocat.</strong></span> <span class='ocrx_word' id='word_1_303' title='bbox 1148 2879 1243 2938; x_wconf 86' lang='lat' dir='ltr'><strong>Verus</strong></span> <span class='ocrx_word' id='word_1_304' title='bbox 1256 2878 1373 2939; x_wconf 88' lang='lat' dir='ltr'><strong>Auctor</strong></span> <span class='ocrx_word' id='word_1_305' title='bbox 1387 2879 1642 2958; x_wconf 77' lang='lat' dir='ltr'><strong>hujusGlossacst</strong></span> 
     </span>
     <span class='ocr_line' id='line_1_31' title="bbox 217 2967 1644 3050; baseline -0.003 -18"><span class='ocrx_word' id='word_1_306' title='bbox 217 2973 431 3034; x_wconf 85' lang='grc'><strong>000004008</strong></span> <span class='ocrx_word' id='word_1_307' title='bbox 448 2972 633 3034; x_wconf 83' lang='grc'><strong>0440444404</strong></span> <span class='ocrx_word' id='word_1_308' title='bbox 651 2972 734 3034; x_wconf 82' lang='lat' dir='ltr'><strong>des.</strong></span> <span class='ocrx_word' id='word_1_309' title='bbox 756 2971 824 3032; x_wconf 85' lang='lat' dir='ltr'><strong>Ello</strong></span> <span class='ocrx_word' id='word_1_310' title='bbox 845 2974 892 3032; x_wconf 88' lang='lat' dir='ltr'><strong>vel</strong></span> <span class='ocrx_word' id='word_1_311' title='bbox 948 2967 1117 3050; x_wconf 80' lang='lat' dir='ltr'><strong>Alpionrus</strong></span> <span class='ocrx_word' id='word_1_312' title='bbox 1128 2967 1498 3035; x_wconf 79' lang='lat' dir='ltr'><strong>desotoArcHrdiaconus</strong></span> <span class='ocrx_word' id='word_1_313' title='bbox 1514 2975 1644 3035; x_wconf 81' lang='grc'><strong>04404444</strong></span> 
     </span>
     <span class='ocr_line' id='line_1_32' title="bbox 175 3063 1645 3143; baseline -0.002 -17"><span class='ocrx_word' id='word_1_314' title='bbox 175 3064 319 3138; x_wconf 86' lang='lat' dir='ltr'><strong>Scntello,</strong></span> <span class='ocrx_word' id='word_1_315' title='bbox 341 3067 561 3136; x_wconf 82' lang='lat' dir='ltr'><strong>carmonensis,</strong></span> <span class='ocrx_word' id='word_1_316' title='bbox 582 3083 620 3125; x_wconf 83' lang='lat' dir='ltr'><strong>ex</strong></span> <span class='ocrx_word' id='word_1_317' title='bbox 641 3065 768 3125; x_wconf 85' lang='lat' dir='ltr'><strong>dioecesi</strong></span> <span class='ocrx_word' id='word_1_318' title='bbox 791 3067 894 3143; x_wconf 91' lang='lat' dir='ltr'><strong>Hispa·</strong></span> <span class='ocrx_word' id='word_1_319' title='bbox 948 3064 991 3122; x_wconf 88' lang='lat' dir='ltr'><strong>sis</strong></span> <span class='ocrx_word' id='word_1_320' title='bbox 1007 3080 1042 3123; x_wconf 89' lang='lat' dir='ltr'><strong>ac</strong></span> <span class='ocrx_word' id='word_1_321' title='bbox 1064 3064 1283 3124; x_wconf 89' lang='lat' dir='ltr'><strong>Thesaurarius</strong></span> <span class='ocrx_word' id='word_1_322' title='bbox 1304 3065 1565 3143; x_wconf 84' lang='lat' dir='ltr'><strong>Salmanticensis,</strong></span> <span class='ocrx_word' id='word_1_323' title='bbox 1582 3063 1645 3141; x_wconf 81' lang='lat' dir='ltr'><strong>cuju</strong></span> 
     </span>
     <span class='ocr_line' id='line_1_33' title="bbox 175 3156 1644 3237; baseline -0.001 -20"><span class='ocrx_word' id='word_1_324' title='bbox 175 3157 271 3229; x_wconf 86' lang='lat' dir='ltr'><strong>lensi,</strong></span> <span class='ocrx_word' id='word_1_325' title='bbox 306 3157 400 3218; x_wconf 88' lang='lat' dir='ltr'><strong>literis</strong></span> <span class='ocrx_word' id='word_1_326' title='bbox 431 3165 550 3236; x_wconf 87' lang='lat' dir='ltr'><strong>operam</strong></span> <span class='ocrx_word' id='word_1_327' title='bbox 585 3157 667 3218; x_wconf 87' lang='lat' dir='ltr'><strong>dedit</strong></span> <span class='ocrx_word' id='word_1_328' title='bbox 695 3161 723 3219; x_wconf 91' lang='lat' dir='ltr'><strong>in</strong></span> <span class='ocrx_word' id='word_1_329' title='bbox 761 3159 893 3237; x_wconf 82' lang='lat' dir='ltr'><strong>collegio</strong></span> <span class='ocrx_word' id='word_1_330' title='bbox 948 3159 976 3216; x_wconf 93' lang='lat' dir='ltr'><strong>in</strong></span> <span class='ocrx_word' id='word_1_331' title='bbox 998 3157 1102 3217; x_wconf 86' lang='lat' dir='ltr'><strong>eodem</strong></span> <span class='ocrx_word' id='word_1_332' title='bbox 1116 3157 1269 3219; x_wconf 90' lang='lat' dir='ltr'><strong>volumine</strong></span> <span class='ocrx_word' id='word_1_333' title='bbox 1285 3156 1430 3236; x_wconf 85' lang='lat' dir='ltr'><strong>adjectus</strong></span> <span class='ocrx_word' id='word_1_334' title='bbox 1446 3167 1494 3220; x_wconf 86' lang='lat' dir='ltr'><strong>est</strong></span> <span class='ocrx_word' id='word_1_335' title='bbox 1508 3160 1644 3222; x_wconf 84' lang='grc'><strong>04444444</strong></span> 
     </span>
     <span class='ocr_line' id='line_1_34' title="bbox 173 3248 1645 3329; baseline 0.001 -19"><span class='ocrx_word' id='word_1_336' title='bbox 173 3249 285 3327; x_wconf 89' lang='lat' dir='ltr'><strong>majore</strong></span> <span class='ocrx_word' id='word_1_337' title='bbox 302 3252 460 3329; x_wconf 84' lang='lat' dir='ltr'><strong>Hispanico</strong></span> <span class='ocrx_word' id='word_1_338' title='bbox 493 3253 690 3325; x_wconf 88' lang='lat' dir='ltr'><strong>Bononiensi,</strong></span> <span class='ocrx_word' id='word_1_339' title='bbox 718 3252 816 3329; x_wconf 89' lang='lat' dir='ltr'><strong>ibique</strong></span> <span class='ocrx_word' id='word_1_340' title='bbox 837 3252 893 3312; x_wconf 87' lang='lat' dir='ltr'><strong>Ca·</strong></span> <span class='ocrx_word' id='word_1_341' title='bbox 947 3250 976 3308; x_wconf 90' lang='lat' dir='ltr'><strong>in</strong></span> <span class='ocrx_word' id='word_1_342' title='bbox 991 3248 1136 3326; x_wconf 75' lang='lat' dir='ltr'><strong>Eiusdem</strong></span> <span class='ocrx_word' id='word_1_343' title='bbox 1151 3252 1246 3328; x_wconf 80' lang='lat' dir='ltr'><strong>Papae</strong></span> <span class='ocrx_word' id='word_1_344' title='bbox 1261 3250 1523 3314; x_wconf 78' lang='lat' dir='ltr'><strong>constitutionem</strong></span> <span class='ocrx_word' id='word_1_345' title='bbox 1535 3252 1569 3313; x_wconf 85' lang='lat' dir='ltr'><strong>dc</strong></span> <span class='ocrx_word' id='word_1_346' title='bbox 1580 3252 1645 3312; x_wconf 68' lang='lat' dir='ltr'><strong>bene</strong></span> 
     </span>
     <span class='ocr_line' id='line_1_35' title="bbox 107 3341 1645 3422; baseline 0 -21"><span class='ocrx_word' id='word_1_347' title='bbox 107 3413 111 3422; x_wconf 33' lang='grc' dir='ltr'>Ι</span> <span class='ocrx_word' id='word_1_348' title='bbox 170 3342 354 3404; x_wconf 87' lang='lat' dir='ltr'><strong>thedraticus</strong></span> <span class='ocrx_word' id='word_1_349' title='bbox 388 3350 419 3402; x_wconf 91' lang='lat' dir='ltr'><strong>et</strong></span> <span class='ocrx_word' id='word_1_350' title='bbox 447 3342 670 3404; x_wconf 89' lang='lat' dir='ltr'><strong>Protonotarius</strong></span> <span class='ocrx_word' id='word_1_351' title='bbox 701 3343 892 3421; x_wconf 91' lang='lat' dir='ltr'><strong>Apostolicus</strong></span> <span class='ocrx_word' id='word_1_352' title='bbox 947 3341 1032 3414; x_wconf 84' lang='lat' dir='ltr'><strong>ficiis,</strong></span> <span class='ocrx_word' id='word_1_353' title='bbox 1052 3345 1220 3420; x_wconf 87' lang='lat' dir='ltr'><strong>impressus</strong></span> <span class='ocrx_word' id='word_1_354' title='bbox 1244 3342 1356 3404; x_wconf 88' lang='lat' dir='ltr'><strong>Homae</strong></span> <span class='ocrx_word' id='word_1_355' title='bbox 1384 3362 1444 3422; x_wconf 89' lang='lat' dir='ltr'><strong>per</strong></span> <span class='ocrx_word' id='word_1_356' title='bbox 1473 3343 1645 3406; x_wconf 77' lang='lat' dir='ltr'><strong>venerabitem</strong></span> 
     </span>
     <span class='ocr_line' id='line_1_36' title="bbox 173 3433 1646 3514; baseline 0.001 -22"><span class='ocrx_word' id='word_1_357' title='bbox 173 3434 236 3494; x_wconf 91' lang='grc'><strong>4444.</strong></span> <span class='ocrx_word' id='word_1_358' title='bbox 256 3438 359 3495; x_wconf 88' lang='lat' dir='ltr'><strong>Postea</strong></span> <span class='ocrx_word' id='word_1_359' title='bbox 380 3434 523 3511; x_wconf 84' lang='lat' dir='ltr'><strong>Hispalim</strong></span> <span class='ocrx_word' id='word_1_360' title='bbox 547 3451 580 3493; x_wconf 90' lang='lat' dir='ltr'><strong>se</strong></span> <span class='ocrx_word' id='word_1_361' title='bbox 600 3435 747 3508; x_wconf 90' lang='lat' dir='ltr'><strong>contulit,</strong></span> <span class='ocrx_word' id='word_1_362' title='bbox 769 3434 819 3496; x_wconf 94' lang='lat' dir='ltr'><strong>nbi</strong></span> <span class='ocrx_word' id='word_1_363' title='bbox 836 3433 891 3495; x_wconf 86' lang='lat' dir='ltr'><strong>Ca·</strong></span> <span class='ocrx_word' id='word_1_364' title='bbox 946 3436 1044 3493; x_wconf 87' lang='lat' dir='ltr'><strong>virum</strong></span> <span class='ocrx_word' id='word_1_365' title='bbox 1060 3436 1237 3512; x_wconf 81' lang='lat' dir='ltr'><strong>Magistrum</strong></span> <span class='ocrx_word' id='word_1_366' title='bbox 1258 3437 1450 3498; x_wconf 80' lang='lat' dir='ltr'><strong>Eucherium</strong></span> <span class='ocrx_word' id='word_1_367' title='bbox 1470 3440 1578 3514; x_wconf 87' lang='lat' dir='ltr'><strong>Silber,</strong></span> <span class='ocrx_word' id='word_1_368' title='bbox 1594 3435 1646 3496; x_wconf 80' lang='lat' dir='ltr'><strong>alias</strong></span> 
     </span>
     <span class='ocr_line' id='line_1_37' title="bbox 172 3525 1645 3604; baseline 0.004 -20"><span class='ocrx_word' id='word_1_369' title='bbox 172 3529 298 3587; x_wconf 87' lang='lat' dir='ltr'><strong>nonicus</strong></span> <span class='ocrx_word' id='word_1_370' title='bbox 319 3527 496 3603; x_wconf 82' lang='lat' dir='ltr'><strong>Magistralis</strong></span> <span class='ocrx_word' id='word_1_371' title='bbox 513 3535 543 3586; x_wconf 90' lang='lat' dir='ltr'><strong>et</strong></span> <span class='ocrx_word' id='word_1_372' title='bbox 561 3526 804 3600; x_wconf 86' lang='lat' dir='ltr'><strong>Archidiaconus,</strong></span> <span class='ocrx_word' id='word_1_373' title='bbox 822 3535 890 3604; x_wconf 92' lang='lat' dir='ltr'><strong>post</strong></span> <span class='ocrx_word' id='word_1_374' title='bbox 945 3526 1080 3600; x_wconf 85' lang='grc'><strong>0444444,</strong></span> <span class='ocrx_word' id='word_1_375' title='bbox 1099 3545 1126 3587; x_wconf 91' lang='grc'><strong>4.</strong></span> <span class='ocrx_word' id='word_1_376' title='bbox 1148 3527 1238 3589; x_wconf 84' lang='grc'><strong>4487.</strong></span> <span class='ocrx_word' id='word_1_377' title='bbox 1259 3528 1346 3588; x_wconf 88' lang='lat' dir='ltr'><strong>Adde</strong></span> <span class='ocrx_word' id='word_1_378' title='bbox 1367 3528 1439 3592; x_wconf 88' lang='lat' dir='ltr'><strong>Nic.</strong></span> <span class='ocrx_word' id='word_1_379' title='bbox 1462 3533 1578 3592; x_wconf 88' lang='lat' dir='ltr'><strong>Antonii</strong></span> <span class='ocrx_word' id='word_1_380' title='bbox 1594 3525 1645 3590; x_wconf 83' lang='grc'><strong>804</strong></span> 
     </span>
     <span class='ocr_line' id='line_1_38' title="bbox 172 3618 1641 3698; baseline 0.003 -20"><span class='ocrx_word' id='word_1_381' title='bbox 172 3619 315 3679; x_wconf 84' lang='lat' dir='ltr'><strong>visitator</strong></span> <span class='ocrx_word' id='word_1_382' title='bbox 353 3620 501 3697; x_wconf 82' lang='lat' dir='ltr'><strong>generalis</strong></span> <span class='ocrx_word' id='word_1_383' title='bbox 532 3621 623 3678; x_wconf 92' lang='lat' dir='ltr'><strong>totius</strong></span> <span class='ocrx_word' id='word_1_384' title='bbox 656 3621 738 3695; x_wconf 82' lang='lat' dir='ltr'><strong>regni</strong></span> <span class='ocrx_word' id='word_1_385' title='bbox 773 3620 889 3680; x_wconf 86' lang='lat' dir='ltr'><strong>Siciliae.</strong></span> <span class='ocrx_word' id='word_1_386' title='bbox 944 3618 1234 3698; x_wconf 39' lang='lat' dir='ltr'><strong>HispanamVeth</strong></span> <span class='ocrx_word' id='word_1_387' title='bbox 1251 3623 1297 3681; x_wconf 78' lang='lat' dir='ltr'><strong>tc</strong></span> <span class='ocrx_word' id='word_1_388' title='bbox 1310 3639 1339 3682; x_wconf 93' lang='lat' dir='ltr'><strong>n.</strong></span> <span class='ocrx_word' id='word_1_389' title='bbox 1351 3623 1425 3682; x_wconf 84' lang='grc'><strong>004.</strong></span> <span class='ocrx_word' id='word_1_390' title='bbox 1439 3623 1641 3685; x_wconf 81' lang='lat' dir='ltr'><strong>ubialiesetita</strong></span> 
     </span>
     <span class='ocr_line' id='line_1_39' title="bbox 172 3707 1623 3789; baseline 0.002 -18"><span class='ocrx_word' id='word_1_391' title='bbox 172 3713 216 3771; x_wconf 90' lang='lat' dir='ltr'><strong>cis</strong></span> <span class='ocrx_word' id='word_1_392' title='bbox 252 3711 402 3784; x_wconf 89' lang='lat' dir='ltr'><strong>Pharum,</strong></span> <span class='ocrx_word' id='word_1_393' title='bbox 429 3719 460 3770; x_wconf 88' lang='lat' dir='ltr'><strong>et</strong></span> <span class='ocrx_word' id='word_1_394' title='bbox 492 3711 612 3771; x_wconf 90' lang='lat' dir='ltr'><strong>tandem</strong></span> <span class='ocrx_word' id='word_1_395' title='bbox 645 3707 894 3789; x_wconf 80' lang='lat' dir='ltr'><strong>Arcbiepiscopus</strong></span> <span class='ocrx_word' id='word_1_396' title='bbox 945 3713 1092 3773; x_wconf 83' lang='lat' dir='ltr'><strong>editiones</strong></span> <span class='ocrx_word' id='word_1_397' title='bbox 1109 3712 1230 3774; x_wconf 85' lang='lat' dir='ltr'><strong>iudicat</strong></span> <span class='ocrx_word' id='word_1_398' title='bbox 1247 3714 1623 3779; x_wconf 76' lang='lat' dir='ltr'><strong>vtueAtExanbstttt</strong></span> 
     </span>
     <span class='ocr_line' id='line_1_40' title="bbox 173 3804 1644 3889; baseline 0.001 -25"><span class='ocrx_word' id='word_1_399' title='bbox 173 3804 472 3889; x_wconf 82' lang='lat' dir='ltr'><strong>Caesaraugustanus</strong></span> <span class='ocrx_word' id='word_1_400' title='bbox 511 3805 574 3865; x_wconf 88' lang='grc'><strong>4444.</strong></span> <span class='ocrx_word' id='word_1_401' title='bbox 609 3805 718 3881; x_wconf 88' lang='lat' dir='ltr'><strong>Hispali</strong></span> <span class='ocrx_word' id='word_1_402' title='bbox 752 3804 890 3865; x_wconf 88' lang='lat' dir='ltr'><strong>Studium</strong></span> <span class='ocrx_word' id='word_1_403' title='bbox 983 3805 1521 3885; x_wconf 81' lang='lat' dir='ltr'><strong>HODEHICUSScnciideArcvulo,</strong></span> <span class='ocrx_word' id='word_1_404' title='bbox 1532 3806 1644 3870; x_wconf 77' lang='grc'><strong>444444</strong></span> 
     </span>
     <span class='ocr_line' id='line_1_41' title="bbox 169 3888 1643 3975; baseline 0.003 -21"><span class='ocrx_word' id='word_1_405' title='bbox 169 3893 314 3955; x_wconf 85' lang='grc'><strong>04444444</strong></span> <span class='ocrx_word' id='word_1_406' title='bbox 336 3895 374 3971; x_wconf 82' lang='lat' dir='ltr'><strong>(li.</strong></span> <span class='ocrx_word' id='word_1_407' title='bbox 393 3913 418 3955; x_wconf 89' lang='grc'><strong>4.</strong></span> <span class='ocrx_word' id='word_1_408' title='bbox 441 3895 642 3971; x_wconf 87' lang='lat' dir='ltr'><strong>Academiam)</strong></span> <span class='ocrx_word' id='word_1_409' title='bbox 669 3904 701 3956; x_wconf 85' lang='lat' dir='ltr'><strong>et</strong></span> <span class='ocrx_word' id='word_1_410' title='bbox 727 3888 889 3975; x_wconf 83' lang='lat' dir='ltr'><strong>Collegium</strong></span> <span class='ocrx_word' id='word_1_411' title='bbox 945 3897 1021 3972; x_wconf 87' lang='lat' dir='ltr'><strong>colo,</strong></span> <span class='ocrx_word' id='word_1_412' title='bbox 1045 3906 1079 3958; x_wconf 92' lang='lat' dir='ltr'><strong>ut</strong></span> <span class='ocrx_word' id='word_1_413' title='bbox 1105 3898 1178 3959; x_wconf 89' lang='lat' dir='ltr'><strong>Lud.</strong></span> <span class='ocrx_word' id='word_1_414' title='bbox 1204 3898 1352 3971; x_wconf 90' lang='lat' dir='ltr'><strong>lacobus,</strong></span> <span class='ocrx_word' id='word_1_415' title='bbox 1371 3908 1467 3961; x_wconf 91' lang='lat' dir='ltr'><strong>natus</strong></span> <span class='ocrx_word' id='word_1_416' title='bbox 1487 3919 1516 3962; x_wconf 88' lang='lat' dir='ltr'><strong>a.</strong></span> <span class='ocrx_word' id='word_1_417' title='bbox 1535 3899 1630 3963; x_wconf 89' lang='grc'><strong>4404</strong></span> <span class='ocrx_word' id='word_1_418' title='bbox 1624 3912 1643 3954; x_wconf 86' lang='lat' dir='ltr'><strong>n</strong></span> 
     </span>
     <span class='ocr_line' id='line_1_42' title="bbox 172 3984 1643 4073; baseline 0.008 -30"><span class='ocrx_word' id='word_1_419' title='bbox 172 3984 317 4046; x_wconf 86' lang='lat' dir='ltr'><strong>laudavit</strong></span> <span class='ocrx_word' id='word_1_420' title='bbox 348 3989 384 4048; x_wconf 87' lang='lat' dir='ltr'><strong>A.</strong></span> <span class='ocrx_word' id='word_1_421' title='bbox 415 3990 493 4049; x_wconf 88' lang='grc'><strong>4477</strong></span> <span class='ocrx_word' id='word_1_422' title='bbox 528 3989 631 4050; x_wconf 92' lang='lat' dir='ltr'><strong>habuit</strong></span> <span class='ocrx_word' id='word_1_423' title='bbox 660 3989 829 4050; x_wconf 84' lang='grc'><strong>0444444444</strong></span> <span class='ocrx_word' id='word_1_424' title='bbox 856 3989 892 4048; x_wconf 87' lang='lat' dir='ltr'><strong>dc</strong></span> <span class='ocrx_word' id='word_1_425' title='bbox 944 3989 1052 4068; x_wconf 93' lang='lat' dir='ltr'><strong>oppido</strong></span> <span class='ocrx_word' id='word_1_426' title='bbox 1091 3991 1121 4051; x_wconf 89' lang='lat' dir='ltr'><strong>S.</strong></span> <span class='ocrx_word' id='word_1_427' title='bbox 1156 3992 1265 4051; x_wconf 86' lang='grc'><strong>4444444</strong></span> <span class='ocrx_word' id='word_1_428' title='bbox 1293 3989 1332 4050; x_wconf 85' lang='grc'><strong>04</strong></span> <span class='ocrx_word' id='word_1_429' title='bbox 1357 3993 1458 4054; x_wconf 77' lang='lat' dir='ltr'><strong>biera</strong></span> <span class='ocrx_word' id='word_1_430' title='bbox 1485 3991 1643 4073; x_wconf 69' lang='lat' dir='ltr'><strong>Segouiam</strong></span> 
     </span>
     <span class='ocr_line' id='line_1_43' title="bbox 169 4078 1643 4164; baseline 0.007 -30"><span class='ocrx_word' id='word_1_431' title='bbox 169 4078 311 4152; x_wconf 78' lang='lat' dir='ltr'><strong>mysterio</strong></span> <span class='ocrx_word' id='word_1_432' title='bbox 326 4080 435 4141; x_wconf 79' lang='lat' dir='ltr'><strong>Crucis</strong></span> <span class='ocrx_word' id='word_1_433' title='bbox 451 4087 481 4141; x_wconf 86' lang='lat' dir='ltr'><strong>et</strong></span> <span class='ocrx_word' id='word_1_434' title='bbox 495 4082 636 4158; x_wconf 78' lang='lat' dir='ltr'><strong>passione</strong></span> <span class='ocrx_word' id='word_1_435' title='bbox 659 4081 773 4155; x_wconf 77' lang='lat' dir='ltr'><strong>cristi,</strong></span> <span class='ocrx_word' id='word_1_436' title='bbox 788 4099 887 4143; x_wconf 92' lang='lat' dir='ltr'><strong>coram</strong></span> <span class='ocrx_word' id='word_1_437' title='bbox 943 4082 1109 4156; x_wconf 87' lang='lat' dir='ltr'><strong>dioecesis,</strong></span> <span class='ocrx_word' id='word_1_438' title='bbox 1135 4080 1373 4145; x_wconf 86' lang='lat' dir='ltr'><strong>Archidiaconus</strong></span> <span class='ocrx_word' id='word_1_439' title='bbox 1401 4089 1538 4164; x_wconf 90' lang='lat' dir='ltr'><strong>primurn</strong></span> <span class='ocrx_word' id='word_1_440' title='bbox 1568 4083 1643 4146; x_wconf 76' lang='lat' dir='ltr'><strong>Preti</strong></span> 
     </span>
     <span class='ocr_line' id='line_1_44' title="bbox 170 4165 1641 4253; baseline 0.011 -28"><span class='ocrx_word' id='word_1_441' title='bbox 170 4165 255 4226; x_wconf 80' lang='lat' dir='ltr'><strong>Sixto</strong></span> <span class='ocrx_word' id='word_1_442' title='bbox 267 4169 320 4228; x_wconf 91' lang='grc'><strong>44.</strong></span> <span class='ocrx_word' id='word_1_443' title='bbox 339 4172 496 4245; x_wconf 83' lang='grc'><strong>04444044,</strong></span> <span class='ocrx_word' id='word_1_444' title='bbox 516 4174 625 4233; x_wconf 85' lang='lat' dir='ltr'><strong>Romae</strong></span> <span class='ocrx_word' id='word_1_445' title='bbox 642 4174 746 4234; x_wconf 78' lang='lat' dir='ltr'><strong>eodem</strong></span> <span class='ocrx_word' id='word_1_446' title='bbox 768 4172 888 4235; x_wconf 84' lang='grc'><strong>44444.</strong></span> <span class='ocrx_word' id='word_1_447' title='bbox 944 4176 1057 4235; x_wconf 90' lang='lat' dir='ltr'><strong>niensis</strong></span> <span class='ocrx_word' id='word_1_448' title='bbox 1076 4177 1105 4233; x_wconf 93' lang='grc'><strong>44</strong></span> <span class='ocrx_word' id='word_1_449' title='bbox 1122 4175 1257 4236; x_wconf 89' lang='lat' dir='ltr'><strong>Ecclesia</strong></span> <span class='ocrx_word' id='word_1_450' title='bbox 1275 4177 1453 4253; x_wconf 81' lang='lat' dir='ltr'><strong>Burgensi,</strong></span> <span class='ocrx_word' id='word_1_451' title='bbox 1466 4177 1641 4241; x_wconf 65' lang='grc'><strong>4444444444</strong></span> 
     </span>
     <span class='ocr_line' id='line_1_45' title="bbox 163 4252 1641 4351; baseline 0.007 -33.045"><span class='ocrx_word' id='word_1_452' title='bbox 163 4252 358 4336; x_wconf 75' lang='lat' dir='ltr'><strong>impressam</strong></span> <span class='ocrx_word' id='word_1_453' title='bbox 380 4264 506 4343; x_wconf 86' lang='lat' dir='ltr'><strong>Scripsit</strong></span> <span class='ocrx_word' id='word_1_454' title='bbox 526 4269 615 4326; x_wconf 86' lang='lat' dir='ltr'><strong>etiam</strong></span> <span class='ocrx_word' id='word_1_455' title='bbox 644 4265 801 4347; x_wconf 80' lang='lat' dir='ltr'><strong>Pinlopum</strong></span> <span class='ocrx_word' id='word_1_456' title='bbox 822 4285 889 4327; x_wconf 90' lang='lat' dir='ltr'><strong>con-</strong></span> <span class='ocrx_word' id='word_1_457' title='bbox 941 4268 1094 4345; x_wconf 79' lang='lat' dir='ltr'><strong>gionensis</strong></span> <span class='ocrx_word' id='word_1_458' title='bbox 1114 4276 1146 4326; x_wconf 85' lang='grc'><strong>44</strong></span> <span class='ocrx_word' id='word_1_459' title='bbox 1166 4268 1367 4346; x_wconf 88' lang='lat' dir='ltr'><strong>Hispalensis,</strong></span> <span class='ocrx_word' id='word_1_460' title='bbox 1398 4272 1567 4351; x_wconf 87' lang='lat' dir='ltr'><strong>Episcopus</strong></span> <span class='ocrx_word' id='word_1_461' title='bbox 1587 4269 1641 4329; x_wconf 73' lang='grc'><strong>044</strong></span> 
     </span>
     <span class='ocr_line' id='line_1_46' title="bbox 169 4352 1640 4436; baseline 0.007 -24"><span class='ocrx_word' id='word_1_462' title='bbox 169 4356 219 4413; x_wconf 88' lang='lat' dir='ltr'><strong>lro</strong></span> <span class='ocrx_word' id='word_1_463' title='bbox 246 4352 481 4434; x_wconf 80' lang='lat' dir='ltr'><strong>impnpnctorem</strong></span> <span class='ocrx_word' id='word_1_464' title='bbox 507 4358 669 4420; x_wconf 76' lang='lat' dir='ltr'><strong>coelibatus</strong></span> <span class='ocrx_word' id='word_1_465' title='bbox 694 4367 723 4420; x_wconf 88' lang='lat' dir='ltr'><strong>et</strong></span> <span class='ocrx_word' id='word_1_466' title='bbox 741 4361 887 4422; x_wconf 82' lang='grc'><strong>4444444444</strong></span> <span class='ocrx_word' id='word_1_467' title='bbox 941 4363 1056 4436; x_wconf 89' lang='lat' dir='ltr'><strong>tensis,</strong></span> <span class='ocrx_word' id='word_1_468' title='bbox 1076 4360 1133 4421; x_wconf 89' lang='lat' dir='ltr'><strong>sub</strong></span> <span class='ocrx_word' id='word_1_469' title='bbox 1149 4361 1239 4421; x_wconf 91' lang='grc'><strong>04444</strong></span> <span class='ocrx_word' id='word_1_470' title='bbox 1267 4362 1301 4421; x_wconf 90' lang='lat' dir='ltr'><strong>li.</strong></span> <span class='ocrx_word' id='word_1_471' title='bbox 1326 4363 1476 4425; x_wconf 84' lang='lat' dir='ltr'><strong>Pontifice</strong></span> <span class='ocrx_word' id='word_1_472' title='bbox 1501 4363 1640 4426; x_wconf 71' lang='lat' dir='ltr'><strong>Praefectus</strong></span> 
     </span>
     <span class='ocr_line' id='line_1_47' title="bbox 168 4444 1638 4533; baseline 0.01 -28"><span class='ocrx_word' id='word_1_473' title='bbox 168 4444 416 4527; x_wconf 79' lang='lat' dir='ltr'><strong>Prerlplemrnm</strong></span> <span class='ocrx_word' id='word_1_474' title='bbox 429 4450 470 4510; x_wconf 85' lang='lat' dir='ltr'><strong>ud</strong></span> <span class='ocrx_word' id='word_1_475' title='bbox 482 4452 605 4514; x_wconf 80' lang='grc'><strong>84444444</strong></span> <span class='ocrx_word' id='word_1_476' title='bbox 620 4454 673 4514; x_wconf 86' lang='grc'><strong>44.</strong></span> <span class='ocrx_word' id='word_1_477' title='bbox 688 4455 771 4515; x_wconf 86' lang='lat' dir='ltr'><strong>HS.</strong></span> <span class='ocrx_word' id='word_1_478' title='bbox 766 4472 793 4514; x_wconf 93' lang='lat' dir='ltr'><strong>m</strong></span> <span class='ocrx_word' id='word_1_479' title='bbox 812 4454 884 4515; x_wconf 85' lang='grc'><strong>0444.</strong></span> <span class='ocrx_word' id='word_1_480' title='bbox 940 4454 1036 4515; x_wconf 85' lang='lat' dir='ltr'><strong>Castri</strong></span> <span class='ocrx_word' id='word_1_481' title='bbox 1059 4455 1099 4514; x_wconf 87' lang='grc'><strong>8.</strong></span> <span class='ocrx_word' id='word_1_482' title='bbox 1121 4454 1236 4530; x_wconf 77' lang='lat' dir='ltr'><strong>Augen,</strong></span> <span class='ocrx_word' id='word_1_483' title='bbox 1259 4455 1434 4533; x_wconf 90' lang='lat' dir='ltr'><strong>Episcopus</strong></span> <span class='ocrx_word' id='word_1_484' title='bbox 1464 4454 1638 4520; x_wconf 68' lang='lat' dir='ltr'><strong>zamorensis.</strong></span> 
     </span>
     <span class='ocr_line' id='line_1_48' title="bbox 166 4539 1638 4625; baseline 0.005 -25"><span class='ocrx_word' id='word_1_485' title='bbox 166 4539 316 4601; x_wconf 87' lang='lat' dir='ltr'><strong>Vaticana.</strong></span> <span class='ocrx_word' id='word_1_486' title='bbox 332 4544 419 4603; x_wconf 88' lang='grc'><strong>0444.</strong></span> <span class='ocrx_word' id='word_1_487' title='bbox 431 4543 469 4605; x_wconf 91' lang='grc'><strong>04</strong></span> <span class='ocrx_word' id='word_1_488' title='bbox 483 4548 671 4606; x_wconf 87' lang='grc'><strong>0444444444</strong></span> <span class='ocrx_word' id='word_1_489' title='bbox 689 4547 761 4608; x_wconf 85' lang='lat' dir='ltr'><strong>Bibi.</strong></span> <span class='ocrx_word' id='word_1_490' title='bbox 780 4548 886 4607; x_wconf 80' lang='lat' dir='ltr'><strong>biblio·</strong></span> <span class='ocrx_word' id='word_1_491' title='bbox 939 4546 1183 4625; x_wconf 77' lang='lat' dir='ltr'><strong>calagurritanus</strong></span> <span class='ocrx_word' id='word_1_492' title='bbox 1193 4553 1223 4606; x_wconf 91' lang='lat' dir='ltr'><strong>et</strong></span> <span class='ocrx_word' id='word_1_493' title='bbox 1235 4547 1358 4607; x_wconf 87' lang='lat' dir='ltr'><strong>tandem</strong></span> <span class='ocrx_word' id='word_1_494' title='bbox 1371 4550 1569 4623; x_wconf 83' lang='lat' dir='ltr'><strong>Patentinus,</strong></span> <span class='ocrx_word' id='word_1_495' title='bbox 1584 4541 1638 4607; x_wconf 77' lang='grc'><strong>4444</strong></span> 
     </span>
     <span class='ocr_line' id='line_1_49' title="bbox 165 4631 1637 4718; baseline 0.005 -29"><span class='ocrx_word' id='word_1_496' title='bbox 165 4631 323 4694; x_wconf 88' lang='lat' dir='ltr'><strong>thecarum</strong></span> <span class='ocrx_word' id='word_1_497' title='bbox 344 4637 425 4697; x_wconf 81' lang='lat' dir='ltr'><strong>MSS.</strong></span> <span class='ocrx_word' id='word_1_498' title='bbox 447 4652 476 4714; x_wconf 90' lang='lat' dir='ltr'><strong>p.</strong></span> <span class='ocrx_word' id='word_1_499' title='bbox 499 4640 564 4700; x_wconf 88' lang='grc'><strong>400.</strong></span> <span class='ocrx_word' id='word_1_500' title='bbox 589 4639 807 4700; x_wconf 85' lang='lat' dir='ltr'><strong>Dictionorinm</strong></span> <span class='ocrx_word' id='word_1_501' title='bbox 828 4640 885 4700; x_wconf 85' lang='lat' dir='ltr'><strong>Ec·</strong></span> <span class='ocrx_word' id='word_1_502' title='bbox 939 4643 979 4699; x_wconf 91' lang='lat' dir='ltr'><strong>tis</strong></span> <span class='ocrx_word' id='word_1_503' title='bbox 995 4639 1191 4718; x_wconf 86' lang='lat' dir='ltr'><strong>legationibus</strong></span> <span class='ocrx_word' id='word_1_504' title='bbox 1212 4640 1342 4716; x_wconf 74' lang='lat' dir='ltr'><strong>iunctus,</strong></span> <span class='ocrx_word' id='word_1_505' title='bbox 1363 4641 1440 4702; x_wconf 91' lang='lat' dir='ltr'><strong>obiit</strong></span> <span class='ocrx_word' id='word_1_506' title='bbox 1460 4660 1487 4704; x_wconf 90' lang='lat' dir='ltr'><strong>a.</strong></span> <span class='ocrx_word' id='word_1_507' title='bbox 1513 4642 1591 4705; x_wconf 88' lang='grc'><strong>4470.</strong></span> <span class='ocrx_word' id='word_1_508' title='bbox 1607 4638 1637 4697; x_wconf 76' lang='lat' dir='ltr'><strong>tn</strong></span> 
     </span>
     <span class='ocr_line' id='line_1_50' title="bbox 165 4721 1416 4811; baseline 0.012 -31"><span class='ocrx_word' id='word_1_509' title='bbox 165 4721 382 4800; x_wconf 63' lang='lat' dir='ltr'><strong>chalasticum,</strong></span> <span class='ocrx_word' id='word_1_510' title='bbox 405 4730 484 4804; x_wconf 88' lang='lat' dir='ltr'><strong>quod</strong></span> <span class='ocrx_word' id='word_1_511' title='bbox 508 4731 597 4808; x_wconf 84' lang='lat' dir='ltr'><strong>vulgo</strong></span> <span class='ocrx_word' id='word_1_512' title='bbox 618 4730 751 4792; x_wconf 88' lang='lat' dir='ltr'><strong>Sontelln</strong></span> <span class='ocrx_word' id='word_1_513' title='bbox 768 4732 884 4807; x_wconf 89' lang='lat' dir='ltr'><strong>dicitur,</strong></span> <span class='ocrx_word' id='word_1_514' title='bbox 939 4734 1060 4810; x_wconf 90' lang='lat' dir='ltr'><strong>scriptis</strong></span> <span class='ocrx_word' id='word_1_515' title='bbox 1073 4732 1140 4809; x_wconf 89' lang='lat' dir='ltr'><strong>ejus</strong></span> <span class='ocrx_word' id='word_1_516' title='bbox 1155 4735 1302 4811; x_wconf 87' lang='lat' dir='ltr'><strong>impressa</strong></span> <span class='ocrx_word' id='word_1_517' title='bbox 1319 4741 1416 4795; x_wconf 86' lang='lat' dir='ltr'><strong>sunt:</strong></span> 
     </span>
     <span class='ocr_line' id='line_1_51' title="bbox 165 4813 1635 4905; baseline 0.009 -33"><span class='ocrx_word' id='word_1_518' title='bbox 165 4813 202 4872; x_wconf 90' lang='lat' dir='ltr'><strong>ab</strong></span> <span class='ocrx_word' id='word_1_519' title='bbox 224 4815 652 4885; x_wconf 84' lang='lat' dir='ltr'><strong>EustatbioitoroCervanteo</strong></span> <span class='ocrx_word' id='word_1_520' title='bbox 669 4825 881 4902; x_wconf 89' lang='lat' dir='ltr'><strong>locupletatum</strong></span> <span class='ocrx_word' id='word_1_521' title='bbox 981 4830 1006 4885; x_wconf 93' lang='grc'><strong>4.</strong></span> <span class='ocrx_word' id='word_1_522' title='bbox 1023 4826 1158 4888; x_wconf 80' lang='lat' dir='ltr'><strong>Historia</strong></span> <span class='ocrx_word' id='word_1_523' title='bbox 1192 4826 1348 4905; x_wconf 82' lang='lat' dir='ltr'><strong>Hispano,</strong></span> <span class='ocrx_word' id='word_1_524' title='bbox 1385 4829 1459 4891; x_wconf 87' lang='lat' dir='ltr'><strong>inde</strong></span> <span class='ocrx_word' id='word_1_525' title='bbox 1489 4832 1527 4890; x_wconf 89' lang='lat' dir='ltr'><strong>ab</strong></span> <span class='ocrx_word' id='word_1_526' title='bbox 1552 4827 1635 4902; x_wconf 77' lang='lat' dir='ltr'><strong>origiue</strong></span> 
     </span>
    </p>
   </div>
   <div class='ocr_carea' id='block_1_2' title="bbox 0 0 1688 5362">
    <p class='ocr_par' dir='ltr' id='par_1_2' title="bbox 0 0 1688 5362">
     <span class='ocr_line' id='line_1_52' title="bbox 0 0 1688 5362; baseline 0 1"><span class='ocrx_word' id='word_1_527' title='bbox 0 0 1688 5362; x_wconf 95' lang='lat' dir='ltr'><strong> </strong></span> 
     </span>
    </p>
   </div>
   <div class='ocr_carea' id='block_1_3' title="bbox 1681 37 1686 997">
    <p class='ocr_par' dir='ltr' id='par_1_3' title="bbox 1681 37 1686 997">
     <span class='ocr_line' id='line_1_53' title="bbox 1681 37 1686 997; baseline 0 0"><span class='ocrx_word' id='word_1_528' title='bbox 1681 37 1686 997; x_wconf 95' lang='lat' dir='ltr'><strong> </strong></span> 
     </span>
    </p>
   </div>
  </div>
 </body>
</html>
