3368 5362
82 222 88 234 ¹
183 202 245 266 titt.

173 309 232 366 cris
250 307 401 367 Ecclesiae
415 305 666 378 ordinationibus,
681 312 764 382 parte
783 319 891 364 secun·

179 397 215 459 da
239 402 327 459 Paris.
351 400 437 459 4666.
459 407 490 457 44
510 398 605 458 Anist.
630 398 716 458 4695.
741 397 787 457 444.

215 492 421 562 ORDONIUS,
456 492 559 550 Vossio
592 508 656 569 pag.
681 489 746 548 464.
775 492 889 553 OLDO·

176 585 282 653 44498,
298 578 453 662 'Hispanus
473 582 636 643 Monachus
656 590 687 641 et
709 583 790 642 Prior
826 600 890 642 mo-

175 679 295 737 ua'sterii
317 677 416 737 Cellae
438 693 553 748 444444,
576 676 603 733 in
624 674 790 737 Gallaecia.
812 675 889 735 Con·

175 771 353 847 gregationis
374 769 591 831 Cluniacensis.
611 766 736 845 Scripsit
758 767 890 827 Exomo-

175 867 303 939 lagoses,
324 863 501 923 Ambrosius
533 859 657 920 44444444
683 860 803 920 titulum
825 858 888 932 edit

171 956 440 1035 Eapomanapcroa
460 957 561 1030 aitque
583 969 651 1013 esse
673 955 767 1012 instar
788 952 889 1014 Ratio

175 1047 253 1108 nolis
275 1045 663 1128 DivirrarunaOfficrarum,
685 1048 732 1107 cui
764 1045 887 1124 praefixi

172 1142 312 1202 versiculi
347 1142 469 1202 Annum
506 1139 595 1202 ⁴227.
623 1155 710 1199 aerae
741 1139 887 1216 Hispanae

176 1237 300 1309 (Cllristi
325 1236 421 1307 4489.)
442 1235 596 1308 denotant.

190 1339 316 1388 ordonius
334 1339 426 1387 librum
442 1327 486 1400 prr
503 1338 633 1386 Cllrlstum
644 1322 756 1386 coadidit
772 1338 845 1386 istum

183 1412 310 1462 bisdenis
328 1416 402 1462 annis
418 1418 514 1475 septem
530 1424 605 1474 supra
622 1411 688 1460 mille
703 1410 828 1461 ducentis.

171 1512 304 1575 Tradidit
333 1521 364 1572 et
398 1511 556 1577 miraculo.
578 1514 608 1573 S.
642 1510 802 1574 noaestadr'
820 1515 884 1573 sive

170 1604 348 1681 Rudesiudi,
370 1607 505 1685 Episcopi
523 1607 714 1679 Britaniensis,
735 1613 766 1664 et
787 1606 886 1666 Cellae

171 1717 265 1766 novae
294 1698 459 1760 laudatoris
479 1701 514 1759 A.
536 1696 602 1759 977.
625 1697 779 1765 defuncti,
809 1689 886 1776 quae

169 1787 264 1853 instar
290 1793 353 1852 libri
376 1795 453 1853 tertii
470 1795 552 1854 Vitae
565 1791 699 1869 ejusdem
725 1791 885 1854 Rodesindi

168 1888 184 1945 a
206 1885 405 1947 STEPHANO
425 1885 567 1946 4444444444
585 1895 616 1946 44
637 1879 735 1945 Priore
757 1889 883 1962 scriptae

169 1977 289 2056 subjicit
301 1979 509 2038 Herisclrenius
527 1979 555 2036 in
572 1977 655 2037 Actis
672 1978 809 2037 84444444.
823 1985 842 2036 4.
858 1981 885 2038 4.

168 2071 262 2130 Martii
286 2073 311 2129 4.
331 2086 395 2147 pag.
417 2073 482 2131 445.
499 2069 607 2130 Confer
623 2069 812 2129 Ambrosium
828 2070 887 2129 Ma·

170 2163 262 2222 ralem
281 2164 357 2223 xvi.
376 2163 422 2220 36.
441 2162 578 2223 Chronici
601 2163 748 2240 Hispanici
770 2170 801 2220 et
822 2161 883 2222 Nic.

168 2254 885 2334 4444οηί44456.944444444444444445.4094444.

207 2347 413 2424 ORENTIUS,
436 2350 510 2409 inira
532 2350 743 2411 OlllENTlUS.

206 2442 420 2517 0448848848,
440 2442 592 2517 04444444,
612 2433 769 2503 Ι0444444444
781 2489 788 2518 ,
802 2441 886 2503 Orsi-

166 2535 230 2595 sius
244 2542 301 2595 444.
316 2535 383 2595 vide
398 2536 589 2597 Rosweidum
608 2536 644 2595 ad
663 2538 742 2595 vitas
760 2538 881 2597 Tatrum

170 2646 235 2707 pag.
269 2629 336 2689 449.
359 2629 523 2707 monachus
544 2637 575 2688 et
595 2627 695 2689 Abbas
720 2631 881 2708 AEgyptius

166 2721 242 2798 apud
265 2719 476 2782 Tabennenses
498 2725 526 2781 iu
545 2721 712 2782 Thebaide:
734 2724 880 2790 Pachumii

169 2821 195 2887 al
218 2815 268 2890 qui
289 2814 323 2872 A.
340 2814 407 2873 349.
425 2815 496 2874 444444
514 2830 670 2882 successor
690 2823 722 2874 et
738 2815 881 2876 Theodori

169 2907 218 2982 qui
236 2908 270 2964 A.
286 2906 352 2967 368.
372 2907 508 2985 Collega:
524 2901 689 2985 scripsil‘et
707 2911 771 2969 4444
789 2917 877 2971 testa·

168 3001 260 3058 ruenti
282 2999 468 3076 propediem
490 3000 589 3060 obitus
609 3003 655 3060 sai
678 3003 812 3063 Patribus
831 3005 882 3064 ab

171 3092 238 3151 tulit
270 3091 398 3165 librum,
416 3100 449 3152 444
466 3093 637 3159 Gennadius
660 3112 723 3173 cap.
746 3097 775 3154 9.
795 3104 825 3156 44
842 3116 880 3157 ex

168 3185 367 3261 sabonarias
386 3185 421 3244 44.
439 3187 467 3244 9.
481 3193 511 3245 44
529 3187 710 3248 Tritlrernius
725 3204 789 3268 cap.
811 3192 877 3251 446.

167 3276 271 3337 4444444444
291 3275 437 3336 conditum
458 3277 520 3338 sale
536 3280 680 3361 totiusque
701 3284 879 3345 monasticae

167 3367 340 3448 discipliuae
356 3369 559 3433 instrumentis
575 3379 785 3435 causti-uatum.
797 3374 879 3449 44444

167 3472 216 3523 444
247 3462 368 3524 04444444
390 3466 528 3532 Doctrina
549 3465 586 3525 de
608 3469 793 3529 institutione
819 3472 877 3530 blo-

167 3554 326 3614 nacborunr
341 3598 347 3627 ,
365 3572 402 3612 444
423 3556 598 3632 AEgyptiaco
616 3557 664 3615 444
686 3557 798 3617 Graeco
815 3574 877 3618 ser-

166 3664 252 3706 rnane
270 3646 383 3724 pridem
406 3664 493 3706 versa
516 3649 639 3724 Latine,
661 3666 737 3726 quae
754 3652 877 3728 antiqua

166 3741 264 3798 versio
291 3745 391 3798 exstat
416 3742 444 3797 in
469 3741 609 3800 Hcistenii
631 3739 737 3802 Codice
762 3744 878 3823 regula-

165 3849 231 3891 rum
244 3837 326 3909 parte
342 3832 361 3889 l.
377 3849 440 3909 pag.
455 3833 554 3892 67-88.
570 3834 682 3893 Eadern
697 3852 733 3895 ex
749 3836 877 3897 editione

168 3926 261 3983 veteri
291 3924 461 4001 Coloniensi
479 3929 515 3986 A.
539 3928 624 3988 4538.
647 3929 674 3986 8.
697 3931 821 4006 repetita
846 3931 875 3987 in

165 4014 355 4074 bibliothecis
388 4019 506 4079 Patrum
531 4019 764 4095 parisiensibus,
793 4021 877 4082 Colo-

165 4108 261 4166 niensi
279 4113 309 4166 et
330 4107 520 4183 Lugdunensi
539 4117 610 4171 toni.
633 4112 679 4171 tv.
698 4114 760 4173 Nan
779 4112 876 4173 diver-

164 4216 218 4260 sus
240 4207 272 4259 ut
294 4199 412 4259 videtur
431 4201 590 4264 09584448
606 4203 724 4280 Abbas‚
742 4205 811 4266 licet
828 4207 875 4283 ju·

165 4295 277 4354 niarenr
299 4295 416 4354 Caveus
438 4297 626 4375 suspicetur,
650 4299 738 4377 cujas
759 4301 875 4361 libellus

162 4387 198 4447 de
230 4403 288 4446 saa
320 4384 550 4464 capitationibus
580 4409 618 4451 ex
648 4397 743 4454 veteri
773 4396 874 4454 Latina

164 4483 300 4540 versione
317 4485 415 4538 exstat
433 4484 461 4538 in
477 4483 584 4543 Canisii
600 4491 670 4545 torn.
683 4488 716 4547 V.
730 4487 874 4563 Antiqua·

162 4592 228 4635 rurn
251 4575 423 4633 Lectionum
451 4584 535 4653 parte
556 4579 584 4639 2.
605 4596 670 4656 pag.
693 4581 762 4641 954.
784 4577 873 4671 (edit.

198 4797 223 4858 a)
240 4801 300 4848 vide
316 4803 394 4851 vitoni
410 4805 538 4856 Pachomtt
556 4819 611 4868 cap.
630 4806 667 4853 tx.
684 4811 708 4854 et
725 4807 752 4855 x.
766 4811 826 4858 tom.
854 4806 878 4856 5.

157 4878 209 4923 Act.
229 4875 331 4930 sanctor
357 4880 412 4940 itajl
429 4879 467 4932 14.

772 196 1057 260 bubastus

947 323 1041 366 novae
1058 307 1261 383 Basoagianae
1278 313 1348 364 torn.
1371 307 1397 364 4.
1415 322 1481 383 pag.
1500 305 1585 380 468.)
1601 309 1652 368 Ser

943 400 1011 460 illae
1031 400 1225 476 cogitatianes
1249 406 1340 460 sunt:
1357 397 1396 458 de
1417 397 1515 475 DEO,
1536 397 1574 458 de
1593 418 1653 479 pas

943 494 1025 552 sione
1039 493 1180 566 'CHristi,
1201 491 1238 552 de
1260 492 1330 552 hora
1358 493 1530 564 transitus,
1553 493 1589 552 de
1608 493 1649 553 dio

943 585 1067 659 ludicii,
1085 585 1122 645 de
1144 585 1262 646 lnlerno
1282 592 1314 643 et
1334 583 1372 644 de
1394 586 1457 645 vita
1474 591 1604 645 aeterna.

967 678 1652 757 Ι0444484448444444444444444,444444444844444444

942 771 1142 850 Apollinaris,
1173 773 1260 848 cujus
1281 769 1316 830 ad
1338 787 1410 830 eum
1431 771 1569 848 Epistola
1593 771 1656 831 dua

942 865 1056 925 decima
1078 863 1143 924 libri
1165 865 1232 923 noni
1256 863 1292 923 A.
1314 861 1380 923 4844.
1405 871 1551 935 exarata,
1576 863 1654 941 cujus

944 957 999 1016 boa
1029 964 1076 1015 est
1108 957 1244 1016 initium:
1279 954 1410 1015 Venilia
1432 963 1558 1017 nostras
1587 963 1654 1016 ale

940 1048 1077 1129 prosecta
1094 1047 1209 1128 popina
1229 1064 1354 1122 manus,
1380 1065 1460 1127 quoe
1482 1049 1579 1109 trabit
1593 1050 1655 1109 mul·

945 1148 1005 1201 tam
1018 1139 1237 1201 similitudinem
1255 1140 1291 1200 de
1306 1138 1369 1201 sale
1386 1140 1524 1222 Hispano
1543 1143 1573 1202 ia
1581 1144 1653 1222 joui

943 1252 1028 1295 caeso
1049 1231 1332 1295 Tarraconensibus.
1352 1234 1431 1294 Nam
1445 1237 1611 1296 recensenti
1617 1235 1653 1295 la

941 1327 1008 1388 cido
1034 1333 1065 1387 44
1082 1326 1166 1388 salsa
1186 1333 1250 1396 est,
1270 1344 1322 1388 uec
1343 1333 1444 1387 tamen
1462 1336 1592 1408 propter
1609 1329 1653 1389 444

941 1421 1039 1501 ipsum
1060 1418 1164 1480 mellea
1186 1419 1303 1493 miuus,
1318 1436 1417 1480 sermo
1433 1420 1535 1482 dulcis
1556 1429 1584 1482 et
1593 1441 1652 1503 pro·

937 1508 1134 1595 positionibus
1151 1529 1230 1572 acer:
1249 1515 1298 1574 Sic
1315 1512 1391 1576 anim
1404 1511 1539 1575 oblectat
1552 1514 1649 1596 4444444

941 1603 1020 1685 quod
1047 1602 1151 1663 turbat
1173 1604 1309 1682 imperia,
1326 1608 1435 1686 quippe
1460 1625 1542 1687 quae
1554 1625 1649 1689 parua

941 1696 1063 1759 metiens
1079 1696 1152 1776 quid
1169 1696 1282 1758 ordinis
1299 1714 1403 1776 apum,
1421 1701 1565 1762 carmina
1579 1716 1596 1762 a
1609 1720 1646 1760 aa

942 1788 988 1850 644
1008 1806 1085 1850 nuuc
1106 1807 1184 1851 aava
1202 1795 1287 1869 petat
1307 1799 1376 1851 otc..

980 1880 1121 1943 arcobus
1143 1883 1341 1945 0448844498.
1365 1885 1463 1962 Supra
1486 1904 1554 1967 pag.
1574 1886 1630 1949 446.

980 1975 1183 2036 ORlENTlUS
1203 1975 1371 2055 Episcopus
1390 1975 1590 2054 Auximates,
1604 1980 1642 2056 qui

942 2068 978 2128 ab
999 2069 1213 2129 Ausciensibus
1232 2069 1262 2141 bl
1283 2071 1311 2127 in
1333 2068 1480 2130 Vasconia
1498 2071 1641 2150 Apostolus

941 2169 972 2220 et
994 2164 1140 2222 Patronus
1162 2162 1296 2222 tutelaris
1316 2161 1444 2236 colitur,
1466 2173 1537 2242 post
1561 2164 1639 2242 quinti

941 2254 1033 2314 seculi
1066 2254 1192 2315 traditur
1213 2256 1325 2314 4444444
1346 2255 1440 2315 initia.
1469 2256 1544 2317 Vide
1574 2257 1640 2318 Sam·
1675 2274 1677 2279 ⁴

940 2347 1113 2409 marthanos
1134 2356 1206 2407 tom.
1229 2351 1256 2408 4.
1277 2347 1388 2407 Galliae
1416 2348 1601 2411 Christianae
1619 2366 1639 2425 p.

939 2439 985 2498 97.
1008 2457 1071 2517 seq.
1102 2442 1143 2500 De
1163 2457 1198 2500 eo
1219 2441 1345 2518 scriptor
1371 2448 1464 2501 vetus
1494 2444 1590 2502 nescio
1610 2457 1638 2499 an

936 2530 1045 2610 dignus
1068 2532 1125 2593 lide
1143 2550 1195 2611 per
1216 2535 1332 2606 omnia,
1355 2548 1403 2593 res
1419 2533 1456 2593 A.
1475 2533 1543 2594 438.
1555 2541 1638 2614 gestas

934 2623 971 2684 ab
992 2624 1042 2684 illo
1060 2626 1193 2685 reterens
1212 2628 1241 2684 in
1259 2626 1456 2687 actibussive
1473 2636 1558 2705 parte
1575 2629 1638 2686 vitae

935 2717 964 2777 S.
982 2718 1104 2779 Orientii
1122 2718 1259 2797 Episcopi
1276 2725 1308 2778 et
1328 2718 1538 2795 Caulessoris‚
1554 2721 1637 2781 aditus

936 2826 953 2869 a
980 2807 1097 2870 Labbeo
1128 2815 1199 2870 tam.
1220 2812 1247 2871 2.
1269 2811 1342 2872 bibl.
1371 2829 1467 2873 novae
1494 2814 1637 2875 4444444444

939 2908 1057 2980 plorum
1079 2919 1144 2980 pag.
1167 2903 1286 2978 56944
1305 2901 1447 2963 Godlrido
1468 2907 1638 2968 4444444444

936 2996 964 3053 in
987 2996 1070 3054 Actis
1092 2996 1224 3055 Sanctor.
1247 2995 1385 3058 Calendis
1411 2996 1479 3076 Maji
1509 3016 1572 3078 pag.
1600 2999 1636 3058 64.

938 3078 1466 3150 BeatissimusOriantiasmuudauae
1476 3089 1639 3153 lubricitatis

935 3179 1072 3260 squalore
1088 3181 1218 3261 deposita
1234 3199 1272 3243 sa
1283 3186 1374 3241 totum
1390 3188 1476 3244 easta
1494 3192 1586 3247 4444444
1599 3183 1637 3245 bi

934 3273 1020 3333 vinae
1043 3274 1202 3352 Majestali
1219 3274 1335 3336 (4444444
1349 3281 1377 3335 44
1397 3279 1543 3356 tradidit,
1563 3285 1590 3340 oi
1605 3275 1638 3336 al·

939 3363 1066 3426 44444644
1083 3365 1243 3428 bonoribus
1258 3367 1371 3449 adeptis
1388 3368 1574 3451 Pantilicab's
1590 3374 1639 3433 Au

932 3459 986 3520 asia
994 3460 1121 3522 Ciuitate
1127 3461 1295 3523 Catbedrae
1305 3461 1479 3541 dignitatem
1494 3466 1638 3528 4444444444

933 3553 994 3628 Qui
1003 3552 1218 3615 Ecclesiasticus
1229 3554 1415 3634 dogmatibus
1425 3559 1564 3623 4444444444
1575 3576 1638 3621 cora

933 3648 1059 3709 missum
1080 3645 1140 3709 sibi
1158 3644 1300 3727 papulum
1320 3666 1409 3711 saera
1430 3668 1567 3715 4444444444
1586 3670 1638 3714 cor·

929 3741 1021 3815 rexit,
1034 3758 1280 3821 paganorumque
1289 3745 1524 3820 peruersitatem
1535 3748 1637 3809 dcslru

929 3835 997 3910 orit,
1010 3841 1037 3895 ct
1048 3835 1090 3894 ita
1096 3834 1269 3913 plerissima
1282 3835 1405 3912 doctus,
1419 3844 1506 3901 tauta
1515 3841 1637 3903 doctrina

931 3945 979 3989 eas
1007 3928 1158 4001 erudivit,
1186 3934 1220 3988 ut
1241 3935 1342 4007 sprota
1363 3929 1516 3994 idolorum
1538 3934 1637 3997 44444444

929 4022 1088 4082 Auctorem
1121 4039 1211 4082 44444444
1241 4032 1467 4100 capitosoereut,
1490 4033 1520 4088 et
1549 4018 1636 4108 44944

932 4116 996 4194 ejus
1020 4115 1210 4195 Baptismatr's
1236 4115 1343 4176 Gratia
1359 4117 1563 4198 acciprerrdam
1581 4138 1635 4182 con·

931 4207 1075 4269 caderent.

927 4299 929 4302 ⁴
968 4301 1193 4376 ORTENTTUS,
1219 4301 1379 4379 Orantius,
1402 4304 1562 4382 0444444444,
1578 4307 1634 4384 ap

928 4411 1036 4472 scapus
1055 4398 1082 4472 in
1096 4396 1233 4473 Hispania
1248 4395 1448 4459 illiberitanus
1464 4403 1515 4478 qui
1526 4401 1561 4462 A.
1575 4400 1631 4462 546.

929 4489 1107 4565 subscripsit
1122 4488 1254 4550 Concilio
1267 4490 1482 4555 Tarraconensi
1492 4491 1631 4556 444544.

928 4579 1127 4642 Gerundensi.

969 4809 995 4868 b]
1013 4810 1075 4858 44444
1091 4808 1150 4858 lude
1164 4813 1254 4860 oscam
1266 4813 1292 4861 la
1311 4815 1432 4875 blrpaato
1447 4791 1630 4874 4144444444μώ·

925 4896 959 4936 44.
976 4882 1038 4935 Vide
1053 4889 1114 4934 Acta
1129 4888 1242 4937 64444444.
1258 4889 1315 4951 itali
1334 4894 1396 4943 44444,
1412 4891 1436 4948 7.
1455 4902 1512 4953 pag¹
1527 4889 1579 4940 aaa,
