3368 5362
687 226 709 286 T
727 224 752 286 ll
766 227 793 288 0
806 228 832 289 44
849 226 873 288 Α
889 228 912 288 S
1478 220 1531 288 tit

46 325 121 386 obiit
134 332 212 391 eirca
226 349 253 392 a.
264 328 351 392 tati.
365 334 467 392 Latine
484 333 606 410 scripsit
621 329 767 394 Carmina
820 331 983 411 Dionysius
1002 333 1222 394 carthusianus
1249 334 1322 394 libro
1348 331 1386 392 64
1409 336 1538 411 quatuor

47 429 79 483 et
92 423 252 505 Epistolos,
268 426 411 487 Poemoto
425 445 545 507 quoque
560 427 669 488 italica.
688 429 767 487 liton-
822 429 1008 501 novissimis,
1023 427 1149 488 articulo
1164 427 1201 488 50
1228 428 1275 488 ubi
1294 426 1376 487 hunc
1390 426 1534 488 Thomam
1651 480 1654 485 .

47 517 145 595 gitore
160 520 231 581 Bibi.
248 521 345 582 Sicula
364 529 444 581 tomo
461 523 495 582 ll.
512 539 540 600 p.
552 521 622 595 stt,
636 519 708 582 asi.
822 530 909 583 vocat
927 525 1024 584 virum
1042 523 1203 588 literatum.
1219 522 1390 600 religiosum
1405 537 1441 583 ao
1456 519 1541 582 nobi·
1647 557 1649 560 >

88 612 244 675 THOlth
257 614 293 676 de
308 613 485 688 Celeriano,
500 634 516 676 a
533 619 631 694 patria·
643 619 672 675 io
687 613 767 674 dioe·
822 614 891 677 lem.
909 619 1021 679 Tamen
1037 618 1140 679 Daniel
1160 616 1378 695 papebrochius
1393 631 1450 675 444
1464 615 1541 676 ‘lho-

46 709 111 768 cesi
131 710 274 769 Brixieosi
293 712 367 778 sita,
386 709 465 771 undo
482 713 572 772 etiam
594 709 715 772 Thomas
732 707 768 769 de
822 725 903 786 mae,
925 711 977 772 sed
998 712 1120 774 ›o'iooiao
1145 712 1398 789 Cantimpratensi
1420 708 1539 786 tribuit,

46 800 166 863 aiteio
184 811 324 876 roratur,
340 804 405 865 ord.
434 805 693 877 Praedicatorum,
710 803 768 864 sub
823 805 851 863 io
870 805 954 866 Actis
968 807 1147 867 Sanctorum
1164 814 1244 866 tomo
1261 805 1307 865 tv.
1324 804 1404 865 lunii
1422 821 1450 881 p.
1466 801 1538 866 tat.

48 897 169 958 initium
197 899 291 959 seculi
322 901 402 960 xit.
434 902 555 978 scripsit
590 900 767 970 Orationes,
821 897 1540 979 44444444144444444,444444444644444444444

49 989 164 1051 Comm.
180 991 211 1050 io
224 994 379 1054 Summam
393 994 424 1055 S.
453 993 594 1069 Thomas,
609 996 767 1056 Sermones
822 994 900 1054 inter
915 997 1124 1056 peristromata
1145 997 1322 1056 Sanctorum
1341 993 1443 1063 liuaci,
1461 991 1538 1053 4630

48 1081 766 1166 4444444444464844444444044644444444444.
821 1104 855 1148 44
883 1105 989 1151 rursus
1018 1098 1085 1168 post
1116 1088 1422 1168 Coenobiographiam
1440 1093 1472 1148 et
1494 1087 1540 1147 ti·

46 1178 112 1240 iac.
131 1179 236 1252 Quetii
257 1181 293 1242 de
317 1184 518 1261 scriptoribus
535 1184 598 1243 ord.
615 1182 765 1244 Praedica·
823 1183 1070 1262 psaooaraphiam
1086 1202 1113 1244 a.
1124 1183 1202 1245 4636
1217 1183 1340 1243 editam.
1352 1181 1430 1242 hano
1446 1183 1538 1241 vitam

49 1279 152 1334 torum
181 1282 260 1336 tomo
289 1277 322 1336 ll.
340 1295 407 1356 pag,
424 1277 464 1336 26
498 1280 586 1337 Leon.
611 1276 767 1338 Cozzaodo
822 1278 857 1340 N.
874 1277 1019 1356 Repnlori
1038 1278 1187 1341 Conone-'oo
1208 1274 1382 1338 monosterii
1405 1274 1538 1340 Centim-

50 1367 183 1430 Libraria
196 1372 353 1432 iiresoiaoa
369 1391 397 1451 p.
410 1372 471 1434 997
492 1373 646 1434 44444444
659 1389 685 1450 p.
698 1371 768 1432 233.
818 1373 972 1451 protensis
988 1372 1102 1435 tribuit.
1122 1374 1243 1434 interim
1264 1388 1322 1431 non
1340 1376 1429 1448 negat
1451 1372 1542 1449 Pape-

91 1461 246 1525 Thomas
269 1464 305 1526 de
328 1465 455 1546 Campo,
474 1468 638 1546 niooaohns
656 1465 768 1525 ordinis
822 1465 977 1542 brochius,
992 1469 1136 1528 Thomam
1156 1474 1292 1527 nostrum
1308 1466 1381 1528 libro
1395 1465 1415 1526 9
1431 1464 1540 1544 Apiarii

51 1558 272 1636 nesciocuius,
296 1563 417 1640 scripsit
436 1563 547 1622 Versus
570 1559 770 1622 medicinales.
825 1575 889 1636 cap.
916 1559 954 1620 54
983 1578 1065 1623 oum.
1095 1559 1134 1623 48
1160 1559 1309 1639 quaedam
1336 1577 1373 1620 ex
1400 1558 1455 1620 huo
1479 1561 1541 1621 vita

50 1651 128 1719 vide
157 1653 260 1715 Felleri
288 1653 380 1716 Calai.
412 1656 495 1717 MSS.
524 1655 597 1715 sihi.
629 1655 768 1716 Paulinae
825 1652 1011 1716 verbotenus
1028 1654 1240 1733 descripsisse.

54 1764 85 1825 p.
99 1745 174 1809 ⁶267.
864 1748 893 1810 t.
913 1747 979 1810 Viro
990 1751 1023 1809 B.
1037 1747 1197 1828 4449444444
1210 1745 1347 1809 ldooiolis
1358 1745 1541 1828 dordoniam,

95 1839 773 1924 ThoutsdeConriinpontuosupra'itate
823 1841 886 1903 ord.
915 1842 1039 1905 Cisterc.
1066 1843 1173 1905 Surius
1204 1841 1233 1903 6.
1270 1839 1307 1902 46
1334 1841 1430 1916 lunii,
1454 1846 1487 1901 44
1510 1843 1541 1901 44

95 1935 249 1996 44104448
268 1935 545 2015 Contimproteosis.
560 1938 703 1998 ioannem
722 1953 771 1997 ro·
824 1937 908 1998 Actis
932 1936 1109 2000 Sanctorum
1137 1944 1217 1997 tomo
1244 1936 1294 1998 444.
1321 1936 1402 2013 lunii
1425 1933 1541 2015 psat

53 2036 129 2093 caol
154 2031 375 2092 sammarthani
407 2034 435 2090 in
463 2030 556 2091 (tallia
586 2030 770 2106 Christiana,
824 2047 892 2093 cum
910 2039 1012 2093 annot.
1028 2035 1102 2094 Dan.
1121 2030 1322 2111 Papehroohii.

56 2121 222 2185 ilenricam
252 2131 284 2183 et
311 2122 502 2185 Gallielmnm
528 2125 591 2201 alii,
621 2124 770 2187 indicante
863 2130 892 2188 6.
914 2127 978 2188 Vite
996 2128 1030 2188 B.
1054 2127 1243 2205 Morporitoe
1268 2125 1413 2206 iprensis,
1434 2123 1543 2204 prodiit

52 2216 165 2280 Saodio
189 2217 225 2277 ad
252 2219 389 2280 lossiom
416 2219 454 2278 do
480 2218 638 2281 ilistoriois
658 2221 771 2280 Latinis
825 2225 918 2286 Duaoi
937 2221 1016 2284 4648
1035 2240 1088 2302 per
1106 2221 1308 2300 Hyacinthum
1327 2219 1541 2298 Choquetium,
1597 2228 1600 2235 ’

53 2329 85 2391 p.
109 2310 178 2374 384.
204 2315 277 2374 Puto
291 2331 447 2394 perperam
476 2312 503 2373 id
530 2315 655 2375 iactum.
677 2317 771 2378 Natus
826 2321 904 2380 inter
931 2318 1059 2379 Sanctos
1082 2318 1174 2396 Belgii
1199 2315 1262 2377 ord.
1291 2313 1489 2377 Praedicator.
1520 2329 1548 2391 p.

56 2406 114 2467 tuit
142 2407 171 2466 in
201 2409 267 2467 vico
294 2411 402 2469 Leonis
428 2426 518 2488 prope
547 2410 715 2472 Bruxellam
744 2429 770 2471 a.
828 2412 898 2475 444.

57 2499 134 2563 taut
158 2504 252 2578 primo
264 2503 433 2565 canonicus
446 2503 509 2564 ord.
522 2505 551 2565 S·
567 2504 726 2585 Augustini
743 2508 771 2565 io
868 2507 897 2568 7.
914 2508 1050 2588 Hymnus
1065 2507 1101 2567 rie
1116 2508 1150 2567 B.
1166 2504 1299 2565 lordono
1314 2510 1399 2564 artat
1417 2504 1446 2564 in
1464 2501 1549 2564 Actis

58 2596 264 2674 morimonte
295 2615 384 2675 prope
415 2599 632 2676 cameracum,
663 2599 772 2661 deinde
827 2602 1007 2663 Sanctorum
1023 2609 1104 2660 tomo
1123 2601 1156 2661 44.
1175 2600 1261 2660 Febr.
1276 2617 1303 2678 p.
1318 2599 1387 2659 738.

56 2697 223 2753 monachus
237 2690 300 2753 ord.
315 2692 553 2754 Praedicatorum
572 2696 702 2756 lovanii.
718 2697 774 2757 Co·
867 2697 899 2756 8.
912 2695 1054 2757 Creditur
1069 2703 1101 2755 et
1116 2693 1206 2772 hujus
1221 2709 1288 2754 esse
1304 2690 1410 2753 totino
1426 2689 1543 2754 Aristo·

56 2785 153 2847 444444
163 2784 320 2846 docentem
332 2786 447 2848 audivit
459 2787 614 2849 otbertum
624 2791 772 2864 Magnum,
828 2789 893 2852 telis
904 2788 1071 2863 troianatio,
1082 2806 1160 2869 quae
1175 2791 1204 2848 io
1215 2787 1331 2850 Scholis
1346 2786 1550 2850 soletobtioe-

55 2874 96 2943 et'
108 2879 253 2941 Thomam
273 2880 453 2959 Aquinatem
468 2882 706 2962 condiscipulum
723 2883 774 2944 ha·
828 2903 869 2946 re:
888 2886 952 2957 sed,
970 2886 1080 2947 Bulaeo
1094 2884 1204 2962 judico,
1221 2885 1372 2964 antiquior
1389 2889 1446 2943 est.

55 2975 132 3037 buit.
143 2976 232 3036 Porro
249 2976 369 3036 lovanii
388 2977 417 3036 44
433 2979 592 3040 Conventa
607 2980 773 3040 Dominioa·
867 2982 897 3044 9.
913 2979 999 3060 Opus
1022 2978 1058 3041 de
1072 2979 1192 3040 notoria
1209 2995 1313 3040 rerum
1334 2978 1381 3039 lib.
1399 2979 1468 3039 XX.
1483 2993 1546 3038 me·

55 3086 164 3133 uorum
183 3069 326 3146 Subprior
341 3078 372 3131 et
389 3074 509 3147 Lector,
530 3074 695 3153 Episcopus
717 3076 774 3135 Lu·
830 3083 928 3137 morat
951 3075 1150 3149 trithemius,
1178 3073 1259 3153 quod
1284 3071 1486 3151 quindeoeooi
1505 3070 1547 3131 la·

54 3167 199 3227 sentinus
213 3172 244 3225 et
265 3167 401 3245 Episcopi
420 3170 646 3229 Cameracensis
663 3169 774 3231 844444-
829 3169 899 3232 bora
922 3170 1095 3231 coniectum
1126 3171 1189 3249 ipse
1216 3170 1335 3231 asserit.
1366 3167 1434 3228 Fuit
1456 3163 1550 3228 Iluaci
1605 3202 1608 3211 ·

57 3276 173 3337 ganeas
200 3261 269 3335 4444,
298 3268 329 3321 44
355 3278 381 3321 a.
411 3262 491 3324 4903
520 3263 588 3323 latis
614 3263 774 3324 concessit.
829 3266 907 3346 apud
926 3264 979 3324 Ge.
995 3264 1214 3325 colvenerium.
1273 3278 1279 3295 ⁸

56 3355 173 3433 Scripta
191 3352 258 3432 ejus
272 3363 341 3416 nota
358 3363 430 3417 suot
448 3357 534 3418 haee:
869 3361 965 3421 Vitam
985 3358 1080 3435 ipsius
1095 3356 1245 3418 dederunt
1263 3354 1451 3435 Hyacinthus
1471 3352 1550 3414 Cho·

98 3451 128 3510 4.
144 3450 256 3510 donum
276 3450 447 3512 nerinorsole
464 3451 500 3513 de
513 3449 639 3533 Apibus,
657 3456 775 3532 Daren·
829 3456 952 3535 quotins
969 3452 1006 3513 do
1023 3452 1144 3513 Sanctis
1164 3452 1254 3529 Belgii
1273 3449 1335 3511 ord.
1352 3447 1549 3512 Praedicator.

59 3546 137 3606 triae
161 3552 232 3605 ante
259 3563 285 3605 a.
313 3545 400 3608 4478.
427 3549 517 3607 Paris.
551 3553 583 3606 et
611 3547 679 3609 alibi
711 3551 776 3609 sine
829 3552 873 3610 lo.
890 3548 1100 3610 Gillemaoous
1119 3546 1148 3605 44
1168 3543 1342 3624 Hagiologio
1361 3539 1553 3604 Brabantino-

56 3640 213 3701 mentione
243 3643 402 3718 temporis,
434 3640 542 3702 deinde
570 3649 694 3704 curante
724 3643 780 3704 Ge.
831 3643 1014 3716 rumolde.
1030 3641 1230 3703 colvenerius
1245 3645 1548 3719 supramemoratus.

55 3734 239 3797 Golrenerio
265 3737 354 3796 Duaci
384 3736 481 3811 4697,
508 3736 606 3810 isos,
635 3735 727 3812 4647,
747 3737 776 3798 8.
830 3739 915 3802 Adde
930 3739 1067 3802 Scholion
1088 3738 1186 3800 iliraei
1204 3735 1240 3798 ad
1262 3733 1356 3795 licor.
1372 3728 1552 3793 64464444-

55 3830 174 3892 Gallioe
192 3831 469 3893 vertitilinceotius
485 3831 679 3892 Willartord.
695 3835 779 3894 Prae·
834 3852 897 3896 sem
921 3852 947 3895 c.
975 3835 1024 3896 54.
1042 3835 1180 3894 Vossium
1205 3849 1232 3909 p.
1262 3830 1329 3892 449.
1358 3828 1494 3890 caveum
1524 3842 1553 3904 p·

56 3926 185 3993 dicator.
200 3925 332 3987 Bruxeli.
352 3926 438 3995 4650,
453 3924 482 3987 b.
834 3928 902 3992 638.
916 3929 1060 3991 94144444
1080 3928 1202 3987 historia
1222 3926 1360 3986 Univers.
1377 3923 1554 3984 Pariaieusis

100 4018 132 4083 2.
150 4018 216 4080 Viro
227 4017 353 4080 loannis
365 4016 490 4082 ittam
499 4020 593 4100 primi
607 4023 784 4084 monosterii
837 4033 909 4086 tom.
927 4023 975 4084 lll.
992 4040 1010 4101 p
1032 4024 1101 4083 744.
1115 4021 1166 4080 444
1191 4018 1340 4093 04444464
1353 4016 1555 4096 scriptoribus

64 4113 352 4193 Contimprolensis,
377 4120 406 4175 et
418 4115 483 4195 ejus
507 4114 657 4177 Ecclesiae
674 4114 783 4197 sorado—
836 4119 907 4182 046.
926 4117 1165 4179 Praedicatorum
1183 4123 1256 4175 tom.
1272 4114 1293 4176 1.
1317 4130 1346 4192 p.
1360 4110 1431 4175 990.
1444 4126 1472 4175 a.
1490 4111 1551 4173 Val.

60 4210 150 4274 toris.
168 4212 286 4273 Parisiis
304 4217 479 4272 asservatur
497 4212 525 4269 in
547 4209 620 4270 Bibi.
637 4210 668 4272 S.
686 4210 783 4272 Geoo-
838 4212 987 4276 Andream
1005 4214 1033 4271 in
1053 4212 1117 4273 hibi
1142 4210 1260 4282 Belgica
1275 4225 1339 4288 pag.
1350 4206 1421 4270 iias.
1432 4206 1555 4268 swertii

62 4309 160 4369 retae.
838 4308 974 4370 Athenas
994 4307 1127 4388 Belgicus
1151 4324 1179 4386 p.
1201 4305 1270 4372 699.
1295 4303 1397 4365 Ambr.
1420 4301 1459 4365 ab
1474 4301 1558 4363 aira·

104 4402 136 4461 3.
161 4399 225 4461 Vita
249 4400 282 4459 it.
301 4396 486 4475 christinae,
509 4399 607 4460 dictae
620 4400 786 4474 4444464444,
841 4419 926 4464 mura
945 4419 973 4480 p.
988 4402 1037 4462 44.

62 4494 265 4574 Trudooopoli
291 4495 319 4553 in
346 4495 491 4556 llasbania
527 4496 620 4557 Extat
635 4501 714 4576 apud
731 4500 787 4560 Su·
880 4495 1036 4558 Tironis
1072 4491 1322 4566 Cooirmrn'eosis,
1361 4488 1430 4551 vide
1463 4503 1555 4568 supra

63 4594 144 4651 rium
169 4589 199 4650 d.
224 4590 272 4652 93.
299 4590 398 4665 lunii,
415 4599 446 4650 et
461 4591 490 4650 in
507 4589 592 4652 dctis
605 4593 784 4656 Sanctorum
842 4587 949 4654 Beclrei

62 4689 147 4742 tomo
161 4682 194 4741 V.
208 4682 277 4741 iulii
296 4698 322 4759 p.
339 4680 408 4742 660.
880 4686 1030 4748 Thonis
1053 4675 1091 4748 err'
1109 4682 1282 4762 Capitanris
1305 4679 1342 4740 de
1359 4675 1557 4746 caltionibus.

105 4769 138 4839 ³⁵.
157 4777 615 4858 VitoB.l1orioe09rioceoris,
633 4780 710 4859 apud
730 4781 785 4842 Su·
838 4782 952 4854 Gallus,
963 4782 1139 4860 theologiae
1151 4773 1374 4846 Doctor‚hbbas
1386 4771 1557 4833 monasterii

65 4878 144 4938 rium
177 4871 246 4934 ibid.
280 4871 366 4933 lianc
394 4876 487 4935 ritam
517 4873 649 4934 Thomas
682 4881 785 4935 nostro
841 4877 1005 4939 hilariae
1035 4875 1072 4936 de
1103 4875 1215 4935 Pietate
1248 4869 1374 4931 liaioeri.
1402 4865 1510 4927 Orator
1539 4882 1573 4927 a‘

62 4981 137 5034 eum
157 4966 288 5031 (lodices
316 4968 396 5032 4486.
427 4967 579 5041 tribuunt,
605 4979 670 5035 turo
691 4969 784 5032 <etiam
842 4970 992 5035 ludovico
1023 4971 1072 5033 xi.
1100 4967 1281 5031 adsistunt
1312 4963 1360 5028 IV.
1377 4962 1491 5027 misam
1520 4957 1556 5022 h.
