3368 5362
157 175 215 237 350
295 168 298 178 ’

156 296 209 352 00,
233 280 311 358 quod
332 279 570 359 Panthealapiam
591 279 756 356 inscripsit,
771 280 799 336 in
812 293 871 356 quo

155 389 233 450 quae
254 372 292 450 ad
314 373 502 451 Theolagiam
525 360 694 449 pertinent,
711 371 813 432 ordine
831 370 873 429 al-

156 466 313 544 phabetico
330 467 473 544 disposita
495 470 576 526 sunt.
601 468 757 545 lnceperat
788 463 873 542 Opus

155 575 203 617 an.
227 561 313 620 4333.
332 576 367 618 ex
391 576 449 637 quo
470 557 507 617 de
530 566 683 636 tempore,
704 576 765 635 quo
784 559 870 630 vixit,

156 651 327 728 conjectura
350 652 411 711 lieri
434 658 540 729 potest.
560 651 645 712 Edita
667 660 715 712 est
732 653 780 712 illa
798 654 873 712 Pan·

155 745 300 822 theologia
322 745 480 821 Gandavi,
504 745 591 806 4459.
615 753 648 805 04
669 744 791 823 004600
814 752 873 805 tra·

53 894 58 913 ,
156 838 249 908 6004,
272 840 414 913 Summae
435 838 542 909 titulo,
565 838 692 898 Norimh.
724 854 795 898 0000
827 839 872 896 Fr.

153 931 253 992 iacobi
277 933 458 1006 Florentiui,
481 930 625 1010 000640.
655 931 872 1003 800000044οἰ6

155 1033 185 1084 04
207 1027 418 1099 44000Κο400,
439 1025 525 1087 4473.
543 1024 579 1084 404
602 1031 632 1085 04
648 1024 875 1104 Pantheolopiae

156 1120 242 1178 titulo
264 1119 371 1179 ibidem
406 1119 485 1196 apud
519 1120 747 1196 Koburgerum,
785 1121 874 1180 4474.

157 1212 242 1273 4478.
265 1219 296 1272 04
318 1211 395 1274 4486
422 1213 453 1271 8.
477 1213 535 1272 vol.
560 1214 606 1273 lol.
626 1215 766 1275 Summae
779 1214 875 1277 liene

126 1301 127 1305 ’
155 1307 205 1364 4440
227 1322 272 1382 ap.
306 1308 440 1376 Petrum,
456 1306 679 1381 Liahtenstein,
703 1308 789 1368 4486.
825 1307 876 1366 404.

157 1396 292 1475 Lugduni
305 1403 448 1475 expensis
459 1400 648 1459 Constantini
667 1400 872 1473 Fredin,i5l9

155 1491 204 1572 401.
226 1490 328 1566 (Catal.
343 1494 528 1552 Bunemanni
546 1510 571 1571 p.
588 1492 646 1564 34.)
658 1495 774 1554 Brixiae
785 1494 873 1556 4589.

158 1584 290 1645 45844.
315 1585 417 1644 Venet.
441 1585 529 1647 4585.
564 1585 593 1646 4.
626 1586 747 1647 400600
781 1587 873 1665 4006.

159 1679 246 1738 4605.
267 1686 297 1738 04
320 1680 409 1738 Paris.
433 1680 521 1741 4670.
543 1681 570 1740 3.
590 1682 648 1740 val.
671 1681 719 1742 404.
742 1700 794 1760 000
828 1683 875 1741 Fr.

155 1771 296 1832 iacobum
319 1772 444 1847 44400104,
465 1773 537 1833 006.
560 1774 816 1848 Praedicatorum,
838 1774 876 1835 de

155 1862 244 1940 cujus
265 1863 393 1925 editione
415 1866 554 1928 addimus
571 1867 717 1945 judicium
739 1870 782 1928 40.
801 1871 876 1928 Lau-

158 1956 217 2035 naji
238 1957 312 2017 diss.
333 1957 370 2017 de
392 1966 486 2020 veteri
508 1960 642 2028 ciborum
657 1959 775 2021 delectu
789 1952 818 2019 in
830 1960 875 2037 je-

156 2049 249 2128 juniis
266 2049 504 2111 Christianarum
523 2059 594 2111 tom.
613 2053 648 2112 ll.
665 2053 741 2131 Opp.
758 2061 832 2130 0004.
846 2055 873 2114 8.

159 2160 187 2220 0.
210 2143 276 2201 686.
299 2141 529 2222 Panthealopiae
541 2143 696 2205 identidem
709 2146 874 2225 interponit,

158 2234 327 2314 singularis
350 2234 428 2310 sibi,
456 2237 595 2315 culparis
621 2237 691 2300 aliis
705 2293 707 2297 ,
723 2238 876 2301 doctrinae

158 2326 399 2403 obseruationes,
422 2325 505 2410 quae
521 2331 693 2393 tectoribus
724 2334 875 2396 molestiae

156 2421 342 2502 plurimam,
366 2424 526 2515 voluptatis
544 2425 619 2486 nihil
634 2433 689 2487 aut
696 2445 808 2508 parum
823 2427 877 2488 ad-

157 2515 268 2594 serunt.
286 2517 321 2577 ld
337 2519 459 2596 eprepia
476 2516 681 2581 lucubratione
698 2539 756 2582 sua
777 2539 878 2592 conse·

158 2616 245 2670 00400
260 2616 323 2685 004,
344 2612 540 2691 antiquarum
557 2613 716 2674 editionum
728 2613 873 2675 Pantheo-

160 2701 237 2780 lapra
258 2705 394 2764 liainerii
412 2721 469 2765 nan
490 2707 633 2784 minaris,
646 2714 681 2769 ut
690 2714 761 2787 post
773 2708 873 2769 editio-

160 2813 224 2854 nem
240 2814 348 2857 nooam
358 2798 428 2877 pieri
441 2799 532 2873 solet,
550 2801 603 2861 sed
613 2800 754 2881 pluribus
764 2803 875 2864 venda-

161 2894 213 2948 tur
230 2894 258 2948 et
272 2897 450 2968 requiratur
466 2891 644 2972 6400004400.
666 2896 826 2958 Caeterum
838 2897 876 2957 de

160 2982 216 3048 hoo
236 2991 357 3044 auctare
379 2993 446 3062 0004
471 2988 643 3066 00040400,
664 2989 876 3067 Whartonum,

159 3076 332 3152 Oudinum,
350 3077 418 3138 vide
433 3082 627 3143 44400040οἰ00
646 3089 718 3143 400.
734 3083 786 3144 ΧΙ.
799 3085 827 3144 S.
843 3086 877 3143 8.

159 3170 224 3231 4404.
245 3189 274 3249 p.
294 3172 365 3231 886·
380 3172 447 3233 400.
478 3174 581 3245 000444
608 3175 646 3235 60
677 3176 878 3255 8004040οἱ000

158 3264 228 3325 006.
252 3266 488 3329 Praedicatorum
505 3278 576 3330 tam.
589 3271 611 3330 4.
626 3271 695 3331 635.
709 3270 877 3349 80000000

739 120 1064 231 lithE'lllUS

922 275 959 335 cl.
983 277 1084 336 Lamia
1105 272 1298 354 inCatalogo
1320 275 1420 341 04006.
1449 292 1515 354 000.
1543 276 1631 336 336)

967 368 1633 446 lithERlUS,l)iaconusetmonaehusPon-

928 462 1091 540 posianus,
1111 463 1187 521 vixit
1207 480 1235 522 a.
1258 463 1347 522 4800.
1376 470 1408 522 04
1441 459 1633 524 collectionem

924 573 1056 637 primam
1077 552 1275 615 Decretalium
1291 556 1460 616 innocentii
1468 556 1525 615 tit.
1541 573 1574 615 ex
1591 557 1635 614 440

927 651 1022 729 000440
1042 649 1185 728 Epistolis
1205 648 1272 725 ejus
1290 665 1442 709 annorum
1462 650 1547 710 4408.
1562 651 1633 710 tiso.

930 743 1017 804 4800.
1037 744 1065 802 40
1085 744 1145 802 XL.
1164 741 1274 802 titulus
1291 744 1467 819 congessit,
1500 741 1599 802 editam
1622 760 1634 799 a

929 838 1048 897 Baluzia
1070 843 1093 895 t.
1105 836 1126 896 l.
1138 836 1347 914 Epistularum
1364 837 1524 896 innocenti
1537 853 1563 913 p.
1582 837 1635 895 543.

968 931 1171 992 [4640440408
1191 928 1226 988 de
1249 928 1409 1002 liuiueris,
1428 930 1539 999 senior,
1559 928 1636 986 lCtus

929 1031 959 1083 et
980 1025 1077 1083 ludex
1101 1025 1284 1098 Perusinus,
1307 1025 1396 1081 Petro
1417 1021 1554 1081 Damiani
1570 1021 1637 1078 tami·

930 1117 1032 1189 liaris,
1053 1133 1079 1177 0.
1099 1118 1185 1178 4050.
1204 1116 1331 1194 Scripsit
1346 1112 1517 1176 Historiam
1535 1112 1636 1172 Vaianis

932 1207 1051 1269 habitae
1072 1210 1102 1269 40
1118 1207 1253 1270 Ecclesia
1270 1210 1301 1269 8.
1320 1206 1410 1267 Petri
1429 1208 1581 1268 Perusina
1594 1206 1634 1264 04-

929 1303 1008 1364 60404
1031 1303 1219 1364 4444000000
1241 1303 1419 1382 Augustum
1443 1319 1472 1379 p.
1495 1303 1560 1361 898.

971 1398 1055 1460 Alius
1074 1396 1192 1476 junior,
1214 1398 1310 1458 lCtus
1331 1402 1364 1454 et
1385 1395 1541 1455 Professor
1564 1398 1635 1455 Peni-

931 1494 1035 1566 sinus,
1061 1509 1084 1552 a
1117 1493 1224 1551 400000
1259 1490 1370 1567 440000
1406 1488 1636 1558 commendatus,

932 1588 1009 1648 circa
1032 1604 1058 1646 0.
1082 1585 1169 1646 4430.
1191 1583 1313 1660 reliquit
1335 1585 1488 1643 Lecturus
1507 1579 1634 1662 superii.

931 1688 961 1741 04
986 1677 1139 1739 Volumina
1160 1679 1393 1754 desponsaram.
1414 1676 1560 1736 Oldainns
1579 1677 1631 1735 40.

971 1769 1175 1832 lithElllUS
1191 1771 1355 1843 Sacconus,
1371 1769 1571 1843 Placentinus,
1582 1768 1631 1827 Phi·

931 1867 1074 1944 losophus
1095 1871 1125 1924 04
1147 1863 1335 1939 theologus,
1359 1870 1451 1941 prout
1474 1863 1522 1922 illa
1541 1870 1634 1937 40000

930 1977 961 2020 00
994 1959 1149 2032 terebant,
1172 1973 1229 2016 000
1260 1957 1529 2030 contemnendus,
1559 1957 1635 2031 prino

930 2054 1138 2114 waldensium
1161 2052 1348 2128 Episcopus,
1367 2048 1482 2111 604060
1496 2047 1636 2109 llonaahus

931 2147 1053 2208 Ordinis
1073 2144 1315 2206 Praedicatorum
1338 2149 1370 2202 04
1393 2143 1560 2203 haereticae
1586 2156 1637 2217 pra·

931 2243 1034 2306 vitatis
1065 2256 1117 2318 per
1145 2235 1353 2298 lombardiam
1377 2237 1560 2314 inquisitor,
1578 2234 1633 2291 abiit

930 2353 957 2395 0.
979 2335 1066 2394 1869.
1101 2335 1129 2392 40
1161 2332 1259 2391 exilio.
1292 2330 1423 2407 Scripsit
1446 2323 1636 2390 Summamde

933 2426 1075 2489 Catharis
1097 2431 1125 2486 et
1147 2422 1289 2499 Leanistis
1316 2438 1372 2482 seu
1402 2418 1589 2500 Pauperibus
1611 2416 1639 2476 de

932 2520 1092 2599 lugduno,
1113 2535 1190 2597 quae
1211 2534 1227 2577 a
1249 2515 1375 2577 Claudio
1396 2513 1544 2575 Constard
1571 2513 1637 2572 Paris

932 2615 1018 2676 4548.
1037 2614 1126 2687 06440,
1144 2616 1173 2672 40
1185 2612 1278 2681 444400,
1295 2625 1388 2687 quem
1402 2609 1554 2686 inscripsit
1574 2601 1640 2669 ll'al·

930 2707 1065 2768 densium
1086 2715 1115 2766 et
1136 2701 1326 2784 quorundam
1346 2699 1485 2761 ahorum
1515 2712 1639 2765 mores,

931 2809 1075 2878 tanquam
1095 2798 1205 2859 inedita
1224 2812 1296 2857 vero
1311 2796 1351 2857 ab
1368 2795 1448 2856 Edm
1478 2796 1602 2855 44004000
1616 2797 1640 2847 04

934 2896 1038 2956 Ursino
1060 2892 1180 2954 Durand
1203 2900 1225 2950 t.
1248 2891 1271 2950 V
1292 2890 1441 2950 Thesauri
1465 2889 1534 2947 novi
1558 2885 1639 2945 Anac·

930 2987 1067 3048 dotorum
1090 2989 1201 3045 inserta
1222 2991 1287 3057 est,
1312 3001 1340 3061 0.
1359 2984 1375 3043 4
1385 2983 1456 3043 759.
1490 2977 1576 3042 Liber
1598 2975 1641 3037 ad

931 3096 1038 3140 versus
1071 3076 1243 3142 waldenses
1273 3094 1289 3137 a
1322 3076 1470 3136 Gretsera
1486 3075 1583 3136 editus
1601 3078 1639 3131 est

934 3172 1095 3251 ingolstad.
1120 3173 1171 3233 464
1180 3174 1206 3232 3.
1230 3173 1256 3230 4.
1280 3169 1392 3230 604060
1413 3171 1445 3229 40
1469 3167 1642 3230 Bibliotheais

933 3269 985 3328 PP.
1007 3273 1038 3324 et
1060 3265 1183 3342 quidem
1206 3262 1402 3342 Lugdunensi
1424 3269 1502 3322 torn.
1523 3258 1601 3320 XXV
1619 3275 1641 3334 0.

30 3396 36 3410 .
159 3357 197 3418 60
219 3357 421 3436 Scriptorihus
455 3364 589 3441 Liguriae
621 3382 640 3441 p
671 3362 880 3429 8490460404

933 3358 1002 3421 808.
1025 3360 1053 3417 40
1077 3360 1195 3418 Freheri
1218 3357 1362 3435 Scriptor.
1384 3373 1492 3416 rernm
1524 3350 1644 3414 8044004-

108 3499 111 3509 .
159 3453 349 3515 Athenaeum
375 3446 602 3547 [4000440000.
622 3459 689 3517 489.
934 3469 993 3513 000
1016 3454 1045 3510 40
1066 3451 1217 3512 Pasaicala
1239 3467 1340 3510 rerum
1363 3447 1643 3527 expetendarumet

199 3547 343 3625 *Operis
368 3549 459 3610 haias
487 3552 684 3610 8040004004
679 3568 707 3609 40
729 3551 801 3611 0644
823 3552 880 3612 No·
933 3544 1161 3624 fugiendarum,
1180 3542 1323 3602 tandem
1318 3559 1347 3601 40
1366 3542 1522 3620 Operibus
1536 3540 1645 3601 600400-

160 3640 355 3717 rimbergeasi
377 3658 425 3702 an.
445 3642 522 3704 4473
545 3644 653 3703 4440100
681 3651 730 3703 004
751 3643 881 3704 Pantho·
936 3642 959 3701 04
982 3645 1054 3699 toni.
1085 3639 1140 3698 Xll
1163 3643 1246 3714 part.
1260 3638 1280 3696 8
1313 3653 1340 3712 0.
1363 3635 1414 3696 83.
1438 3653 1526 3713 seqq
1556 3635 1645 3708 440004

160 3731 322 3811 400404
258 3740 289 3792 04
310 3735 431 3796 tribus
425 3755 453 3799 in
470 3738 517 3797 iol.
535 3738 743 3798 voluminibus
759 3746 881 3801 canstat
936 3736 1003 3811 ejus
1025 3749 1094 3811 pars
1112 3731 1172 3806 000
1196 3738 1266 3791 0040
1287 3728 1369 3789 edita
1392 3729 1522 3789 iuerat'
1517 3745 1546 3786 rn
1572 3722 1645 3786 Placii

162 3827 238 3900 (non
271 3831 413 3904 summa)
433 3832 562 3891 00400044
585 3833 627 3891 00
650 3833 734 3891 Pisis.
763 3832 809 3892 hb
823 3849 882 3893 au·
937 3828 1032 3889 60404.
1063 3827 1188 3885 testium
1221 3824 1415 3899 Veritatisp.
1440 3822 1511 3883 434.
1541 3815 1645 3880 80044004

162 3916 357 3980 thoretamen
371 3925 773 4004 suoSummaminscriptam
788 3925 881 3985 404000
938 3926 970 3979 04
992 3920 1079 3978 Flacii
1101 3917 1248 3978 editiones
1271 3916 1404 3993 0400400
1422 3912 1647 3991 corruptelarum

162 4007 249 4067 60004
268 4016 780 4089 magnusllodexldS.Ghartaoeus
799 4015 882 4078 Saea.
940 4013 1037 4088 orguil
1057 4011 1219 4071 Grotserus
1253 4014 1325 4068 lom·
1348 4009 1436 4068 XXV
1462 4007 1538 4067 Bibl·
1558 4006 1606 4065 ΡΡ·
1623 4016 1645 4076 4·

167 4101 230 4161 XV.
254 4103 331 4178 apud
366 4124 414 4166 me
444 4111 582 4170 existens
607 4114 634 4170 in
658 4127 717 4189 qua
740 4111 884 4170 Summae
939 4105 1007 4167 864.
1029 4104 1179 4165 Observat
1209 4112 1309 4164 autem
1331 4103 1487 4181 Georgius
1507 4095 1647 4161 conatus

165 4194 256 4255 huius
281 4211 350 4272 pars
372 4201 451 4274 prior
471 4205 663 4263 continetur:
691 4196 883 4264 4404440100
940 4201 1083 4278 iiiegerus
1115 4197 1154 4259 im
1186 4193 1370 4259 8044000040
1392 4214 1420 4273 0.
1446 4197 1517 4257 508.
1540 4191 1645 4253 titulun

164 4289 334 4367 40400000·
354 4290 460 4370 1004044
475 4294 579 4372 prima
594 4313 671 4401 0000
692 4298 833 4357 Summae
850 4295 883 4355 F.
941 4291 1032 4369 hujus
1046 4293 1111 4351 lihri
1127 4291 1164 4352 ab
1178 4299 1300 4352 0004000
1313 4291 1499 4366 inscriptum
1514 4303 1581 4348 0000
1595 4296 1647 4342 tot·

165 4381 309 4461 Rapnerii
323 4381 359 4442 de
378 4383 466 4443 Pisis.
478 4386 557 4444 Doct
574 4389 690 4464 00040444,
704 4388 774 4449 Ord.
790 4388 885 4450 Prae·
940 4392 990 4448 tra
1012 4385 1175 4447 0000044000
1176 4385 1368 4462 ,quippequi
1384 4377 1647 4444 waldensesatn·

165 4474 333 4558 dicatorum
343 4493 464 4555 ,quam
484 4482 644 4580 composuit
665 4484 782 4561 04004440
803 4481 883 4542 40440-
939 4482 1072 4542 040440οι0
1086 4488 1118 4539 04
1128 4480 1263 4540 Arrianis
1279 4478 1462 4556 distinguat,
1470 4478 1598 4537 lesuitas
1609 4484 1647 4527 40

165 4565 253 4628 ribus
269 4586 328 4646 pra
341 4568 438 4631 salute
454 4570 637 4646 animarum,
648 4578 677 4633 04
688 4590 885 4636 communiori
939 4576 1137 4652 0041400000
1159 4574 1264 4647 4044440,
1269 4579 1299 4631 04
1316 4568 1352 4630 06
1366 4569 1513 4628 40446400
1525 4550 1647 4626 Waldea·

166 4678 202 4720 ac
221 4660 357 4740 faciliori
374 4665 472 4725 studio
489 4663 754 4746 praedicatorum.
757 4672 884 4731 liainerii
940 4670 1024 4731 sibus
1038 4668 1257 4740 concitandam
1273 4669 1476 4725 immutasse:
1490 4661 1646 4720 interimu-

168 4769 267 4813 sermo
288 4755 620 4836 desortunaetsermo
635 4759 818 4825 desertione
834 4783 886 4825 ex·
942 4782 1010 4823 men
1029 4764 1200 4823 4004400040
1214 4764 1280 4822 0400
1296 4760 1391 4820 utitur
1411 4756 1449 4816 ad
1473 4755 1608 4832 dogmata
1623 4750 1644 4803 44

168 4852 211 4904 404
234 4850 261 4906 40
283 4851 392 4913 Codice
415 4856 488 4916 Bibl.
511 4853 722 4917 liiccardianae
745 4868 886 4920 monente
945 4839 1641 4930 vtiamwntdenstumdelineandampatottt·
