3368 5362
162 185 220 244 658

161 309 232 352 eum
248 289 474 352 moderatiorem
487 291 514 348 in
527 290 711 368 amplissima
726 290 868 351 futurum.

203 385 334 447 flabendi
352 392 423 445 sunt
449 393 612 465 praeterea,
639 388 689 464 qui
718 386 753 446 ad
772 387 872 447 dome-

168 483 260 541 sticos
284 496 367 548 usuS,
398 483 641 558 necessariasque
668 485 872 559 apparationes

160 575 320 641 sufficiant,
342 593 468 653 quorum
490 575 525 635 ed
542 574 680 652 dignitas,
698 584 728 634 et
742 575 871 633 conditio

161 677 225 731 tum
238 670 273 731 ad
290 669 457 741 facultates,
470 678 533 731 tum
549 669 584 730 ad
598 671 679 748 regni
692 667 871 747 dignitatem

162 766 219 824 erit
236 765 401 825 referenda.
417 766 515 843 arque
541 782 595 844 ego
623 781 695 824 sane
718 765 871 843 pauciores

162 859 261 937 potius
275 860 438 920 sumendos
453 877 519 920 esse
542 861 697 932 suaserim,
719 876 809 936 quam
832 859 870 918 ita

166 953 286 1029 multos,
301 962 334 1015 ut
350 971 451 1015 eorum
470 952 616 1014 commodi
633 956 800 1029 prospicere
819 969 870 1011 ne·

163 1063 270 1124 queas.
285 1047 358 1119 Quis
373 1051 452 1108 enim
471 1047 678 1126 praestabilius
696 1062 763 1106 esse
780 1048 873 1106 ambi·

163 1148 222 1219 gat,
247 1144 399 1221 pauciores
431 1142 539 1204 babere
569 1143 620 1219 qui
651 1141 745 1218 bene3
780 1157 870 1218 quam

163 1236 273 1316 plures,
290 1241 342 1316 qui
358 1239 434 1299 male
463 1254 565 1299 secum
594 1240 640 1316 agi
675 1232 875 1312 praedicent?

165 1337 402 1401 Pretiosissimus
413 1342 543 1411 omnino,
556 1335 874 1419 elegantissimumque

166 1432 378 1510 suppellectilis
398 1451 493 1513 genus
510 1442 555 1494 est
574 1443 771 1513 praestantes,
793 1445 822 1496 et
836 1436 872 1496 ad

165 1540 214 1585 res
235 1525 366 1605 agendas
382 1527 620 1589 accommodatos
643 1529 750 1590 babere
774 1529 875 1591 dome·

166 1619 266 1680 sticos.
278 1620 337 1681 Nec
352 1630 464 1682 temere
481 1640 497 1683 a
513 1623 680 1683 senioribus
696 1632 871 1702 usurpatum

165 1717 221 1785 est,
235 1713 312 1791 quod
334 1713 395 1792 jam
415 1717 443 1776 io
461 1717 607 1794 proverbii
622 1717 870 1778 consuetudinem

164 1807 256 1874 venit,
268 1825 360 1869 unum
381 1811 529 1870 bominem
543 1810 690 1872 interdum
712 1811 791 1871 mille
806 1812 872 1872 aliis

162 1903 297 1978 aequari,
322 1910 353 1961 et
377 1905 538 1981 comparari
566 1919 662 1981 posse.
689 1903 781 1981 ldque
809 1921 873 1964 sae-

163 1992 285 2070 pissime
299 1995 429 2057 vidimus
446 1995 481 2057 ad
500 1996 712 2074 procurandam
728 1997 873 2064 fortunae.

160 2100 196 2145 ac
212 2083 366 2164 dignitatis
382 2091 582 2150 accessionem
603 2090 754 2153 nonnuliis
767 2091 873 2168 princi-

163 2176 259 2255 pibus,
274 2181 408 2254 singulos
422 2189 538 2243 tantum
556 2183 725 2254 familiares,
741 2193 770 2242 et
789 2200 873 2244 sum·

163 2287 210 2330 ma
225 2272 391 2348 prudentia,
404 2283 434 2335 et
449 2280 566 2355 egregia
589 2276 646 2336 lide
664 2277 812 2355 praeditos
826 2294 873 2337 sa·

164 2365 203 2425 lis
220 2365 322 2439 fuisse,
343 2386 436 2447 quara
459 2369 642 2431 fortunatum
663 2371 744 2431 illurn
764 2372 872 2445 Regem

108 2492 114 2514 .
165 2473 244 2534 csse,
268 2467 299 2520 et
316 2463 375 2522 Deo
397 2464 584 2523 carissimum
604 2465 776 2523 existimare
797 2463 873 2537 licet,

162 2551 209 2611 cui
227 2559 309 2615 tanta
329 2555 436 2634 ingenii
467 2558 510 2616 ris
527 2556 595 2616 data
614 2565 671 2629 est,
696 2565 738 2627 ut,
764 2557 811 2617 cui
833 2558 873 2616 rei

165 2656 286 2707 suorum
309 2649 437 2726 quisque
458 2653 631 2728 aptissimus
646 2652 694 2722 sit,
712 2648 874 2729 dijudicare

165 2740 269 2816 possit.
306 2739 350 2800 Ad
383 2760 473 2821 quam
513 2745 694 2804 sententiam
730 2746 873 2821 ingeniosi

169 2839 272 2908 poetae
283 2849 401 2893 carmen
422 2853 478 2895 non
497 2838 572 2896 male
587 2837 875 2897 accommodaveris:

188 2923 335 3006 Principis
349 2938 392 2989 est
408 2929 505 2991 virius
519 2932 656 2991 marimo
672 2947 756 2991 avare
772 2948 856 2992 siros.

166 3017 239 3079 Nam
262 3022 317 3080 nisi
338 3039 406 3082 acre
443 3027 471 3083 in
504 3024 700 3086 discernendo
729 3027 874 3103 judicium

166 3111 254 3186 adsit,
290 3116 325 3175 iis
357 3115 533 3197 plerumque
570 3119 875 3181 administrationibus

168 3208 301 3268 nonnulli
333 3212 565 3288 praeficiuntur,
594 3216 740 3291 aquibus
772 3232 874 3276 eorum

167 3318 287 3379 mores,
303 3311 334 3364 et
352 3314 455 3366 natura
472 3325 593 3385 prorsus
610 3310 769 3382 abhorret,
792 3317 822 3368 et
840 3311 877 3369 ab

168 3397 203 3455 lis
224 3408 454 3462 summoventur
470 3401 537 3476 alii,
561 3402 596 3462 ad
620 3420 695 3480 quas
714 3407 786 3464 mira
804 3421 877 3481 qua-

166 3487 235 3551 dam
257 3490 433 3553 dexteritate
455 3499 591 3574 propensi
628 3498 814 3559 ferebantur:
838 3516 876 3558 er

168 3600 227 3662 quo
252 3585 302 3657 frt,
326 3595 358 3647 ut
384 3591 480 3648 neutri
513 3590 550 3648 de
582 3593 660 3669 Rege
693 3592 878 3652 benemereri

168 3678 297 3739 valeant.
319 3679 411 3759 idque
434 3685 562 3743 maxime
591 3686 618 3743 in
652 3688 692 3744 rei
728 3687 880 3746 familiaris

167 3769 374 3834 distributione
399 3780 551 3855 contingit.
580 3777 664 3839 Unde
695 3782 774 3840 enim
805 3781 881 3842 alter

168 3864 283 3926 modico
304 3876 425 3946 sumptu
444 3887 585 3949 magnum
603 3875 715 3951 regenti
740 3874 878 3935 bonorem

168 3961 546 4027 conciliaveritzaltercum
562 3967 672 4047 majore
690 3972 780 4030 etiam
798 3973 881 4049 copia

168 4056 369 4134 ignominiam,
381 4074 415 4118 ac
427 4057 557 4122 dedecus
568 4080 784 4140 saepenumero
801 4079 881 4125 corn-

167 4148 881 4236 parabitlliligentorigituretiam.atqueetiam

166 4242 416 4306 considerandum
442 4250 516 4323 erit,
534 4254 653 4329 quinam
678 4252 714 4311 ad
742 4256 882 4331 principis

167 4359 242 4405 usus
265 4342 474 4405 adhibeantur:
508 4347 662 4425 inquibus
682 4349 826 4425 eligendis
854 4349 881 4408 id

167 4441 354 4517 potissimum
376 4442 504 4520 spectari
527 4440 653 4515 debebit,
671 4461 708 4502 ao
738 4461 785 4503 res
809 4459 880 4503 suas

165 4532 242 4594 bene
263 4538 430 4614 gesserint:
451 4554 519 4597 nam
542 4539 591 4614 qul
615 4555 668 4598 sua
691 4539 768 4598 male
788 4538 881 4606 admi-

167 4631 359 4706 nistraverit,
382 4631 461 4693 bunc
484 4633 511 4691 in
534 4633 638 4693 alienis
657 4631 879 4710 prudentiorem

170 4722 230 4786 fore
250 4724 470 4805 desperandum
493 4737 549 4788 est.

210 4819 268 4881 Sed
293 4822 377 4882 multi
413 4822 544 4900 profecto
569 4822 596 4881 in
620 4820 675 4882 bac
705 4821 879 4884 facultatum

167 4910 389 4993 dispensatione
411 4918 607 4977 veliementer
626 4928 749 4992 errant,
770 4923 801 4976 et
829 4932 881 4975 ex-

170 5013 299 5075 tremum
317 5014 396 5075 aliud
414 5015 462 5075 alii
476 5012 736 5089 complectuntur:
756 5012 882 5073 nonnul·

603 179 875 244 ulouauts
909 178 1197 243 CARAFFAE

928 288 972 349 los
993 291 1072 350 enim
1095 293 1237 368 reperies,
1261 293 1314 370 qui
1338 292 1420 353 adeo
1441 312 1501 354 rem
1526 297 1610 357 famila-

928 399 991 442 rem
1005 382 1155 456 claudant,
1174 392 1284 445 utnon
1306 387 1411 448 dicam
1428 390 1464 448 ad
1486 407 1529 450 res
1542 391 1614 470 justas,
1672 344 1675 469 ⁴

928 475 980 536 sed
1006 495 1042 535 ne
1064 477 1098 536 ad
1123 484 1316 543 necessarias
1339 483 1469 559 quidem
1499 489 1615 559 arenant,

928 576 959 630 et
980 571 1142 639 struendis,
1170 577 1473 656 accumulandisque.
1504 582 1617 656 perone,

929 673 1041 739 noctes,
1062 665 1187 744 diesque
1214 676 1296 728 totas
1319 687 1356 730 se
1391 671 1513 744 dedant,
1542 675 1618 750 reliqua

925 760 1023 818 omnia
1047 759 1253 837 negligentes:
1277 781 1341 840 quo
1365 766 1442 842 quid
1466 767 1568 824 bomini
1590 769 1619 824 ni

927 853 1024 913 serius
1045 854 1178 913 accidere
1200 859 1319 934 possit,
1345 877 1409 918 non
1431 861 1573 939 intellig03
1592 878 1623 920 ort

928 946 1007 1007 aliud
1030 946 1066 1007 de
1088 950 1122 1006 iis
1143 950 1369 1026 suspicandum
1396 963 1481 1032 puto,
1502 955 1626 1032 quarob

929 1042 997 1100 vina
1020 1042 1059 1101 ira
1082 1059 1150 1102 esse
1183 1044 1240 1105 bac
1272 1064 1375 1124 paena
1412 1049 1584 1117 mulctatos,
1607 1055 1628 1106 vt

931 1136 1014 1196 bonis
1035 1140 1098 1198 suis
1120 1138 1176 1199 frui
1200 1145 1367 1216 nesciant;
1393 1143 1449 1202 sed
1475 1146 1511 1202 iis
1527 1143 1629 1202 sordibus

930 1231 1060 1292 immersi
1085 1234 1176 1292 vitam
1196 1234 1241 1314 [si
1263 1238 1327 1295 vita
1352 1244 1405 1297 est
1436 1241 1537 1317 potius
1564 1238 1631 1296 ooni-

931 1327 1047 1398 naoda,
1069 1344 1158 1404 quam
1183 1332 1359 1392 viventium
1385 1333 1629 1411 sepulturaltrao-

929 1424 1046 1502 sigant:
1067 1425 1117 1499 qui
1140 1430 1174 1482 ut
1197 1441 1345 1485 nummos
1372 1426 1558 1503 possideant,
1574 1438 1628 1502 quos

929 1518 1013 1595 quasi
1036 1518 1111 1576 Deos
1132 1531 1205 1577 suos
1228 1528 1449 1595 venerantur,
1477 1529 1509 1580 et
1538 1518 1630 1586 colunt,

928 1626 995 1670 sese
1019 1609 1155 1682 Diabolo,
1177 1617 1210 1669 et
1230 1610 1363 1691 Angelis
1386 1613 1479 1693 ejus,
1508 1615 1536 1673 iu
1564 1611 1633 1671 servi

929 1709 1024 1764 tutem
1044 1705 1262 1782 mancipantur.

967 1798 1024 1858 Alli
1045 1805 1145 1858 contra
1171 1800 1209 1858 ita
1233 1799 1306 1876 largi
1331 1808 1434 1874 sunt,
1458 1811 1495 1862 ut
1526 1799 1632 1860 redditor

928 1904 1001 1950 suos
1023 1893 1070 1950 vix
1093 1891 1164 1950 dum
1187 1892 1336 1952 collectos
1372 1912 1473 1972 quam
1508 1895 1633 1955 celerrime

927 1984 1126 2062 profundant.
1147 1993 1240 2063 atque
1261 1985 1425 2064 abjiciant.
1460 1988 1527 2060 Quo
1551 1988 1632 2059 fit,ut

927 2094 996 2140 cum
1019 2079 1093 2138 bona
1116 2093 1169 2138 sua
1195 2079 1451 2157 profligaverint,
1477 2083 1569 2143 multa
1588 2098 1634 2142 cvr

928 2179 972 2232 tra
996 2172 1096 2249 leges,
1128 2171 1392 2251 honestatemque
1427 2177 1632 2255 aggrediantur:

929 2273 962 2327 ut
983 2266 1040 2325 sub
1062 2266 1161 2342 aliquo
1183 2274 1374 2342 praetextu,
1407 2269 1522 2330 alienis
1555 2283 1625 2329 mara

929 2359 1036 2418 inferre
1058 2361 1183 2436 possint.
1205 2357 1291 2429 Quae
1313 2360 1448 2438 quidem
1473 2366 1500 2422 si
1532 2363 1622 2441 indiga

929 2453 1028 2526 tibus,
1050 2462 1102 2513 aut
1125 2456 1159 2511 iis
1180 2454 1312 2523 saltem,
1333 2472 1419 2532 quos
1441 2457 1482 2517 de
1505 2475 1541 2518 se
1571 2459 1624 2517 bear

930 2549 1051 2606 meritos
1073 2549 1227 2620 sentiunt,
1249 2557 1439 2624 erogarent,
1456 2549 1632 2629 aliquomodo

931 2638 1085 2699 ferendum
1110 2638 1275 2698 videretur.
1290 2641 1404 2715 fiune,
1427 2649 1520 2722 quasi
1543 2645 1637 2705 amaris

930 2734 1003 2792 aima
1026 2733 1140 2792 sarcina
1162 2749 1329 2793 exonerare
1351 2751 1389 2794 se
1412 2743 1561 2815 cupiant,
1578 2754 1638 2815 prae

930 2827 1009 2904 cipiti
1033 2829 1100 2900 via,
1124 2828 1275 2903 variisque
1293 2831 1455 2890 vitiorium
1473 2832 1637 2892 diverticulis

931 2922 1032 2978 statim
1054 2938 1071 2979 a
1093 2936 1126 2980 se
1147 2920 1267 2978 divitias
1288 2938 1403 2982 omnes
1426 2925 1550 3003 abigere
1576 2925 1638 2984 festi·

932 3020 1023 3071 nant:
1047 3030 1142 3091 neque
1165 3014 1336 3090 intelligunt
1361 3019 1392 3074 in
1416 3035 1473 3078 eos
1502 3017 1639 3097 aliquando

931 3121 964 3166 se
987 3116 1153 3184 temporum
1175 3124 1264 3168 casus
1292 3109 1454 3179 incidere,
1493 3116 1522 3173 in
1553 3113 1640 3191 quibus

932 3218 989 3261 non
1019 3204 1116 3263 solum
1150 3204 1287 3275 bonoris,
1322 3203 1570 3286 dignitatisque,
1597 3203 1638 3266 sel

933 3297 1026 3373 ipsius
1046 3300 1136 3358 etiarn
1160 3298 1272 3374 imperii
1294 3297 1454 3377 J'acturam
1489 3304 1641 3372 faciant,a

932 3408 990 3468 qua
1012 3394 1036 3450 si
1058 3408 1092 3451 se
1114 3391 1258 3451 redimere
1281 3405 1467 3471 nequeunt,
1492 3399 1564 3458 nulli
1593 3397 1643 3466 rei,

934 3487 989 3544 nisi
1002 3485 1135 3546 effusioni
1148 3485 1345 3547 stultissimae
1367 3493 1581 3568 imputandum
1597 3495 1642 3548 est.

934 3578 989 3650 Qui
1014 3596 1084 3638 vero
1106 3580 1341 3641 mediocritatem
1380 3586 1410 3644 in
1451 3586 1536 3647 bisce
1568 3586 1643 3644 rebus

935 3681 1036 3733 tenere
1058 3682 1202 3751 possunt3
1226 3677 1243 3733 ii
1266 3684 1360 3750 sunt,
1383 3682 1438 3757 qui
1473 3681 1595 3759 populos
1618 3693 1642 3735 o·

936 3773 1027 3846 ptime
1049 3777 1178 3847 regunt,
1200 3775 1230 3828 et
1251 3773 1384 3831 summis
1408 3775 1555 3834 efferendi
1581 3777 1638 3832 suot

937 3862 1083 3925 laudibus.
1105 3866 1176 3925 Nam
1208 3865 1287 3926 sicut
1321 3867 1466 3947 prodigos
1498 3887 1566 3930 esse
1595 3882 1639 3927 noo

936 3961 1095 4032 convenit,
1119 3961 1156 4018 ita
1180 3959 1319 4037 fugienda
1352 3970 1403 4021 est
1434 3968 1579 4024 avaritiae
1603 3979 1641 4022 su·

937 4054 1049 4131 spicio:
1071 4062 1101 4113 et
1115 4055 1235 4123 omnia,
1257 4063 1291 4114 ut
1308 4063 1380 4113 ante
1400 4056 1539 4119 diximus
1551 4103 1558 4127 ‚
1571 4073 1641 4135 ageo-

937 4145 974 4206 da
997 4163 1048 4225 pro
1070 4147 1203 4217 viribus,
1225 4155 1258 4205 ut
1289 4146 1326 4207 ad
1362 4166 1441 4211 usus
1477 4150 1641 4211 necessarios

937 4248 1098 4319 suppetant
1121 4239 1299 4314 facultates,
1321 4249 1352 4299 et
1373 4244 1568 4306 mendicandi
1585 4243 1641 4322 peri·

914 4335 1038 4395 'culum
1060 4337 1221 4394 devitetur.
1257 4337 1318 4396 b'ec
1339 4339 1466 4413 omnia,
1501 4358 1576 4419 quae
1601 4342 1638 4398 aut

937 4434 965 4491 in
990 4438 1120 4490 mentem
1144 4432 1288 4497 veniunt,
1307 4439 1361 4491 aut
1379 4435 1553 4512 importuna
1574 4431 1638 4496 libido

936 4527 1096 4603 efflagitat,
1117 4525 1279 4586 coemenda
1309 4536 1407 4603 sunt3
1441 4530 1495 4588 sed
1529 4549 1563 4592 ea
1594 4539 1634 4587 tae

936 4630 1000 4683 turn
1015 4668 1021 4694 ,
1036 4637 1112 4700 quaa
1129 4620 1306 4694 commoda,
1321 4629 1354 4680 et
1370 4625 1457 4685 utilia
1471 4624 1634 4704 judicamus.

937 4720 1035 4780 habita
1058 4735 1175 4795 semper
1198 4734 1320 4790 rerum,
1342 4735 1404 4796 qua
1430 4739 1523 4801 supra
1546 4732 1638 4782 memo·

937 4815 1089 4888 ravimus,
1113 4816 1236 4872 ratione.
1258 4812 1333 4873 lllud
1359 4821 1445 4876 enim
1468 4822 1569 4878 animo
1599 4814 1638 4872 tre

939 4917 1067 4988 quenter
1089 4907 1285 4987 repetendum
1308 4917 1379 4981 est,
1402 4911 1484 4990 quod
1503 4911 1564 4990 jam
1592 4921 1638 4987 ptr

940 5008 1031 5068 rerbii
1053 5008 1151 5068 locum
1173 5003 1310 5066 obtinet:
1332 5005 1393 5077 Qui
1415 5025 1476 5070 non
1495 5011 1637 5071 necessaria
