3368 5362
65 184 68 191 '
170 201 231 263 444
796 186 1040 248 suerrus
1157 138 1162 145 ¹

170 311 199 367 in
222 304 420 373 Narmaouia,
444 298 631 374 temporibus
663 295 693 354 S.
727 291 891 366 bernardi,
947 295 1040 351 uitam
1064 298 1137 351 tom.
1158 292 1167 348 1
1192 291 1385 367 Scriptorum
1397 291 1638 357 boodieosiumbe

169 405 290 476 etpost
309 391 555 471 buiusabitum,
578 386 745 447 monachus
776 385 894 446 Clarae·
948 384 1002 443 bes
1022 401 1089 461 pag.
1110 384 1159 443 28.
1180 399 1268 459 seqq.
1289 381 1413 441 oblita.
1448 383 1516 442 384.
1544 384 1640 463 Scopa

169 490 267 562 vallis,
289 486 415 562 Scripsit
436 484 648 543 &rennueret
677 478 785 553 Ficta,
817 492 894 553 quae
949 480 1056 536 contra
1081 473 1269 535 Valentinum
1291 478 1322 533 44
1342 475 1641 551 Mararmanis

169 587 291 641 exstant
314 581 341 635 iu
364 572 521 635 Bertrandi
543 574 656 632 Tissier
678 571 751 630 Bibl.
775 571 828 628 PF.
845 568 895 626 Ci—
952 573 982 628 et
1000 565 1193 637 Eudamiam,
1215 565 1297 642 quod
1318 582 1399 643 opus
1421 564 1528 642 injuria
1553 576 1642 646 tempo

170 671 380 731 stercieosium
404 675 485 724 tomo
514 664 563 723 l'l.
586 681 615 740 p.
644 661 787 722 167-430.
825 661 896 718 item
951 676 1018 719 rum
1040 662 1137 737 periit.
1159 656 1234 718 Vide
1257 656 1394 717 Histoire
1423 658 1549 719 literaire
1572 658 1642 720 dela

170 761 397 840 Expositionem
433 757 464 814 in
498 757 671 816 Orationem
703 750 898 812 Dominicam·
951 754 1067 813 France
1089 759 1160 811 tom.
1182 752 1195 811 l
1218 757 1297 828 part.
1319 750 1350 809 2
1374 767 1403 826 p.
1424 751 1496 811 2l2.

171 855 238 914 Car.
259 853 297 913 de
320 852 408 911 Visch
431 849 504 908 Btbl.
530 850 716 925 Scriptorum
749 844 821 905 Ord.
852 842 900 903 Ci-
995 843 1207 904 SERVATIUS
1227 839 1644 921 AEdiccltm,bgrippines‚li

170 947 347 1005 sterciaasrs
368 960 395 1019 p.
418 940 489 1000 398.
509 941 650 1001 Oudious
670 935 899 998 4444444426.
954 941 1015 994 tam
1034 937 1066 996 S.
1093 931 1288 997 Witiabrordt
1309 941 1409 994 metro
1442 938 1564 1013 scripsit
1588 937 1643 995 44444

211 1036 359 1096 SERLUS
379 1033 415 1092 de
435 1033 560 1103 lanua,
594 1031 662 1091 aliis
693 1028 817 1091 Seralut
852 1027 900 1086 vel
955 1027 1081 1088 Carolus
1101 1026 1142 1086 du
1164 1028 1278 1086 Fresne
1300 1027 1331 1085 in
1354 1024 1644 1105 ludicc,quemGltr

172 1128 337 1200 Servatur,
357 1125 429 1184 Ord.
449 1124 692 1184 Praedicatorum
718 1125 746 1180 in
768 1135 902 1180 444444-
955 1122 1033 1181 sario
1054 1119 1204 1196 praefixit.

171 1220 392 1290 tuianueosi,
414 1217 572 1276 seclllll.
607 1232 622 1273 4
658 1215 817 1286 Clemeptc
852 1212 899 1270 lll.
995 1210 1206 1274 suniarius
1222 1207 1395 1281 Frankelt,
1428 1211 1503 1273 Ord.
1531 1209 1645 1289 proedict-

173 1315 342 1392 Episcopus
363 1310 609 1385 rlprurniateosrs
632 1307 794 1383 (Bruqneto
811 1306 839 1363 io
855 1321 901 1363 ro·
956 1312 1055 1364 torum
1078 1304 1108 1363 S.
1129 1303 1309 1379 Theologiae
1331 1305 1497 1381 Magister,
1511 1308 1644 1362 conventu

171 1409 259 1483 glane
279 1401 434 1473 Jaoueosi)
455 1399 528 1457 obiit
550 1415 629 1457 anno
661 1399 781 1456 circiter
812 1394 900 1457 4380.
955 1396 1142 1457 coloniensis
1156 1392 1644 1473 perannosvigiotil’rior,etboe

174 1495 302 1572 Scripsit
317 1495 472 1553 Summam
494 1507 621 1551 4444444
644 1488 842 1551 conscientiae
870 1486 901 1546 in
956 1490 1066 1548 ceticae
1089 1489 1246 1565 pravitatis
1268 1488 1458 1563 inquisitor,
1480 1495 1644 1565 vergentem⁴

175 1585 322 1649 amiciori
341 1600 441 1644 44444.
463 1587 526 1643 444.
548 1582 655 1654 044444
672 1581 710 1641 de
743 1581 902 1657 Scriptori-
955 1580 1027 1640 culo
1049 1580 1113 1640 XV.
1130 1579 1258 1656 Scripsit
1280 1580 1446 1640 Sermones
1465 1577 1643 1639 comitiam

175 1680 235 1739 bus
256 1675 327 1740 Ord.
350 1675 592 1735 Praedicatorum
615 1681 690 1734 tom.
711 1675 733 1734 Ι.
755 1691 783 1752 p.
801 1674 870 1732 384.
955 1671 1038 1731 nium
1065 1668 1284 1732 solemnitatum
1295 1669 1643 1750 principaliammtiiooe

213 1767 432 1830 suetonius
455 1765 639 1839 Gaoteosis,
662 1766 692 1826 io
716 1765 826 1826 Wallia
848 1781 900 1824 na·
954 1764 988 1823 m'
1000 1764 1061 1825 Jac.
1083 1763 1186 1835 Quetii
1204 1763 1241 1823 de
1264 1764 1474 1842 Scriptoribus
1493 1762 1559 1825 0444.
1582 1764 1641 1822 tm

173 1870 249 1937 tus,
271 1861 352 1921 uode
374 1859 524 1920 lelandus
546 1856 773 1920 cambrensem·
790 1863 900 1930 vocat,
955 1856 1122 1917 dicatorum
1145 1862 1216 1915 toro.
1240 1856 1261 1914 l.
1286 1873 1314 1933 ρ.
1337 1855 1410 1916 aot.

172 1954 356 2014 Trithemius
376 1970 402 2011 c.
424 1952 493 2011 667.
515 1959 547 2009 et
563 1952 667 2009 Willot
684 1948 901 2008 Fortuoerium
995 1949 1223 2008 SERVlTOlllS
1256 1948 1346 2007 Liber
1385 1946 1424 2008 de
1450 1944 1642 2028 praeparationi

173 2051 303 2117 vocant,
326 2045 427 2102 neseio
446 2061 508 2119 qua
529 2042 567 2101 de
588 2057 707 2102 caussa.
739 2043 806 2101 Fuit
838 2057 901 2099 rno-
955 2038 1173 2100 medicinarum
1194 2037 1400 2117 simpliciam,
1438 2043 1591 2117 impressus
1610 2041 1641 2095 ost

175 2136 291 2194 nachus
313 2134 434 2194 Ordinis
455 2133 485 2191 S.
507 2135 657 2191 Francisci
682 2135 712 2190 io
731 2139 901 2192 ‘conventu
958 2133 1091 2192 Venetiis
1113 2149 1166 2209 per
1186 2133 1247 2193 Nic.
1270 2132 1386 2191 leosoa
1410 2134 1500 2193 4474.
1520 2133 1547 2192 4.
1564 2133 1641 2190 larun
1681 2142 1683 2153 ·

175 2226 400 2302 Georgonensi,
420 2232 452 2282 et
473 2241 499 2283 4.
516 2225 601 2284 4356.
615 2227 643 2283 44
658 2227 902 2285 conventuidas-
957 2240 1064 2284 nomen
1086 2231 1134 2283 est
1155 2223 1323 2301 Serapion,
1345 2240 1443 2300 quem
1465 2224 1532 2284 vide

173 2317 289 2376 alliensi
311 2315 378 2392 ejus
396 2315 525 2374 Ordinis
545 2316 726 2387 Generalis,
753 2333 779 2374 a.
812 2318 900 2377 4364.
994 2316 1157 2377 SERVIUS
1178 2318 1351 2379 Honoratus
1387 2317 1541 2392 4444444444,
1565 2312 1641 2373 Gran

171 2408 425 2484 archiepiscopus
457 2409 688 2480 llavenuensis,
723 2408 899 2468 Patriarclra
954 2411 1085 2469 malicus
1108 2425 1167 2467 non
1190 2409 1373 2481 incelebris,
1395 2416 1431 2469 et
1450 2407 1511 2486 jam
1527 2405 1643 2468 ‘annm

172 2500 358 2571 (imoensis,
379 2516 414 2559 ao
435 2499 613 2576 designatus
635 2498 797 2575 Presbyter
827 2501 899 2559 Gar·
954 2507 1152 2561 memoratus.
1175 2499 1250 2575 Eius
1271 2506 1363 2561 suot:

176 2591 285 2653 dioalis
306 2592 393 2660 obiit,
415 2608 441 2649 a.
464 2592 553 2651 4364.
577 2593 704 2668 Scripsit
736 2591 766 2648 in
792 2591 897 2668 44494-
993 2596 1020 2654 4.
1045 2591 1335 2653 Commentarmsia
1360 2590 1589 2670 irradiamur
1609 2604 1644 2648 44

171 2683 282 2743 etiamn
291 2681 327 2742 de
338 2683 470 2743 Ciuitate
482 2682 548 2755 oet,
558 2683 897 2744 Sermonesadotrum-
946 2685 999 2762 jus
1020 2685 1202 2745 editionibus
1219 2684 1328 2743 confer
1351 2685 1479 2745 Fabricii
1500 2686 1568 2747 Bibl.
1592 2672 1643 2742 uti

172 2791 230 2852 qao
250 2779 380 2844 statum,
403 2776 548 2835 44444444
573 2773 778 2852 4444444ρὶ444,
799 2773 896 2849 Quod-
952 2792 1032 2837 narn.
1063 2777 1093 2836 ls
1122 2793 1140 2836 4
1169 2774 1352 2852 quibusdam
1385 2783 1492 2853 proter
1515 2777 1644 2837 4444444444

172 2863 262 2925 libata
282 2865 448 2944 disputata.
472 2867 622 2929 Lalandos
643 2884 671 2929 c.
693 2868 762 2927 355.
794 2868 897 2927 Italae·
951 2868 1200 2940 commendatur,
1220 2868 1348 2950 abaliis
1368 2868 1408 2929 ob
1431 2870 1577 2930 inscitiam
1599 2880 1646 2927 444

175 2975 211 3019 44
234 2956 313 3018 Ceut
335 2959 381 3018 Vl.
406 2959 455 3017 34.
487 2961 606 3019 Pitseus
636 2977 661 3019 c.
695 2958 766 3019 667.
795 2959 897 3018 Willot
951 2961 1107 3020 temnitur.
1128 2960 1309 3021 Communis
1330 2977 1407 3020 vero
1430 2964 1562 3023 virorum
1575 2960 1647 3019 droa

175 3051 313 3112 Athenae
336 3049 464 3109 sodalitii
481 3052 670 3111 Franciscaoi
690 3069 718 3129 p.
739 3052 811 3112 323.
828 3052 898 3109 Pos·
953 3050 1020 3112 ruin
1043 3059 1091 3111 est
1111 3053 1286 3125 sententia,
1307 3052 1455 3114 Servium
1470 3053 1646 3115 multasiotot·

177 3144 305 3201 sevinus
327 3148 410 3199 tomo
431 3140 466 3200 ll.
489 3143 660 3217 Apparatus
692 3160 721 3218 p.
749 3139 819 3202 337.
851 3142 896 3201 444
953 3143 1115 3220 potatores,
1136 3144 1277 3204 homines
1298 3143 1454 3220 indoctos,
1475 3156 1648 3223 composuit.

172 3233 312 3293 scribunt
345 3232 455 3309 vulgo,
487 3234 628 3308 quamvis
660 3248 769 3293 nomen
807 3230 898 3307 hujus
954 3251 1049 3310 quare
1072 3236 1150 3295 iuter
1170 3235 1300 3296 Codices
1321 3244 1356 3296 et
1377 3231 1647 3299 editionesilliusnt

172 3326 296 3387 Sertorii
315 3341 414 3400 neque
432 3323 769 3401 interdrcbiepiscopos
782 3326 899 3383 444444-
954 3342 987 3387 44
1009 3333 1058 3385 est
1079 3325 1238 3387 dissensio.
1260 3327 1337 3388 Vide
1361 3328 1441 3390 bibl.
1463 3323 1648 3391 oetmuutlr

174 3433 310 3491 nenses,
332 3433 430 3492 neque
451 3416 640 3475 Patriarcbas
662 3415 835 3477 Gradenses
855 3416 900 3472 io·
954 3419 1008 3477 rici
1027 3425 1108 3477 tomo
1131 3420 1209 3479 xlv.
1231 3435 1297 3497 pag.
1310 3418 1384 3479 347.

175 3511 339 3579 veniatur,
360 3509 438 3567 bene
461 3515 562 3567 tamen
578 3506 754 3567 Fortcnerii
765 3551 772 3578 ,
785 3507 822 3566 de
840 3521 900 3582 quo
997 3510 1076 3585 [3⁴2.
1099 3512 1181 3569 Prior
1201 3509 1295 3571 editio
1315 3519 1368 3572 est
1389 3514 1508 3575 Veneta
1536 3529 1583 3592 per
1605 3504 1649 3567 Vol

176 3603 332 3662 Fabricius
346 3600 523 3675 casterium
543 3615 632 3675 supra
646 3606 666 3657 t.
680 3599 796 3659 ll.58i.
809 3614 901 3673 quae·
957 3600 1059 3665 durter
1082 3601 1173 3662 4474.
1195 3602 1244 3662 444.
1266 3604 1323 3664 Est
1346 3605 1422 3665 mibi
1451 3621 1566 3685 perraro
1582 3596 1649 3663 eino

173 3692 244 3752 dam
257 3693 383 3752 dixerat.
395 3690 622 3753 ReveraGallus
631 3690 760 3761 luit,non
773 3688 899 3765 anglus.
957 3711 1005 3771 ap.
1027 3693 1120 3753 editio
1141 3696 1212 3755 4444
1237 3695 1326 3756 4474.
1349 3694 1402 3757 73.
1424 3716 1472 3776 gr.
1493 3702 1522 3759 io
1542 3697 1584 3757 tol.
1605 3707 1648 3752 cur.

219 3784 462 3859 SEllVAb'DUS,
478 3782 834 3860 Episcopusdurieosis,
847 3782 901 3839 Ra·
957 3785 1111 3846 [ternario
1130 3793 1163 3845 et
1181 3789 1270 3847 Petro
1287 3789 1433 3863 (leonini,
1444 3782 1649 3851 Florentinis*

172 3874 274 3934 derico
299 3874 466 3936 Gothorum
492 3872 902 3952 rogiultimoasacrisCon-
954 3876 1050 3955 pmiis
1066 3874 1111 3937 nit
1126 3875 1223 3938 ardui
1237 3884 1303 3954 est,
1326 3898 1410 3956 quae
1438 3886 1559 3945 tertium
1579 3881 1649 3939 44444

173 3965 900 4040 iessionibusluissedicitur,seculonll.Scri·
956 3977 1036 4028 mter
1069 3969 1160 4029 libros
1192 3970 1363 4033 Florentiae
1395 3989 1492 4035 cusos
1511 3975 1546 4035 ab
1563 3963 1650 4034 budrii

172 4055 232 4130 psit
261 4055 501 4132 llispanicarum
527 4073 633 4116 rernm
666 4053 899 4136 compendium,
958 4059 1041 4121 fredo
1062 4054 1224 4133 obtinuit.)

177 4142 382 4220 cujusversio
400 4154 519 4207 tanturn
548 4147 711 4226 Hispaniae
739 4155 901 4226 superest,
995 4152 1026 4211 2.
1048 4152 1091 4211 De
1111 4152 1232 4215 4444444
1253 4155 1312 4229 (alii
1333 4153 1373 4216 do
1399 4157 1531 4233 44464444)
1560 4153 1650 4217 ultim

175 4236 325 4299 Gallaecia
335 4241 611 4305 sermone,aPetro
622 4239 900 4319 Seguinoejusdem
955 4258 1026 4303 rum
1052 4240 1258 4320 4444444444,
1290 4247 1402 4323 prodiit
1434 4252 1465 4308 in
1501 4248 1648 4313 collectione

172 4330 329 4393 Ecclesiae
359 4328 508 4389 burensis
539 4331 685 4393 Antistite
720 4334 808 4393 lacta.
839 4333 900 4393 Nic.
957 4333 1228 4399 Grammaticorum
1241 4339 1406 4411 minarum,
1429 4340 1548 4402 44444444.
1568 4333 1651 4399 istil

173 4424 328 4486 Antonius
350 4421 425 4482 bibl.
443 4422 572 4498 ltispaoa
585 4432 689 4501 vetere
705 4426 752 4485 Vl.
764 4429 791 4487 4.
803 4442 833 4484 o.
852 4424 901 4486 tt.
997 4427 1026 4488 3.
1049 4426 1285 4502 0446444444,
1302 4431 1373 4491 41444
1395 4433 1588 4507 contineater,
1604 4430 1650 4491 4444

213 4514 508 4591 sEttvnrlusmua
520 4532 616 4593 usque
629 4513 900 4594 vulgaSabbatium
955 4518 1015 4577 Are
1036 4515 1073 4577 do
1090 4516 1219 4597 pedibas
1239 4538 1386 4585 44444444
1403 4541 1464 4585 sea
1484 4532 1590 4587 4444444
1612 4534 1651 4579 nr

172 4613 318 4667 vocarunt
341 4606 519 4669 Gennadius
540 4606 578 4667 de
601 4610 673 4668 viris
696 4609 898 4675 illustribusc.
957 4609 1035 4683 tris,
1057 4617 1159 4671 exstat
1177 4613 1207 4669 in
1230 4613 1340 4675 Codice
1374 4619 1598 4680 membranam
1620 4625 1651 4670 se

170 4698 219 4756 25.
238 4705 270 4757 et
290 4699 501 4760 Thritbemius
523 4699 560 4761 de
583 4707 723 4777 scriptor.
739 4702 855 4761 Eccles·
872 4718 899 4763 c.
957 4704 1183 4779 ptiogentorum
1204 4720 1353 4769 annorum
1376 4710 1405 4767 io
1440 4710 1518 4771 Bibl.
1547 4706 1651 4773 SSo

174 4788 249 4858 463.)
269 4789 438 4867 Episcopus
465 4792 648 4870 Tongrensis
671 4807 730 4850 sec.
747 4792 793 4849 lV.
812 4791 899 4866 cujus
959 4795 1116 4855 meraotmi
1144 4798 1331 4860 liatisbonae.
1354 4803 1410 4861 Pez
1432 4800 1509 4865 diss
1532 4797 1649 4876 isaram
