3622 5406
742 219 960 284 PETRUS
1542 216 1598 276 aut

142 329 169 387 4.
196 322 354 386 Volumina
375 324 423 384 tv.
443 324 613 404 prandiora
633 325 669 388 de
690 324 826 389 omnibns
881 327 984 390 844444
995 325 1108 388 ordinis
1126 325 1367 388 Praedicaterum
1386 326 1534 386 44444444.
1553 323 1602 384 844

100 418 234 480 scientiis
246 423 309 478 tem
320 417 464 496 practicis
475 433 568 498 qnam
581 418 827 499 speculetrhis,dc
882 420 973 480 relert
994 419 1165 480 Antoninus
1186 419 1360 496 ldengitere.

101 510 292 591 Geoprapliia
316 509 411 571 etiam
431 515 460 574 et
486 511 622 578 Historia
642 512 718 592 44944
738 513 829 575 sueni
921 511 1203 574 scammoneae
1219 509 1255 571 de
1271 508 1456 590 antiquitate,
1468 507 1603 587 primer-

102 602 469 682 etcemte,quaevidiepo
483 603 707 678 Panormitam
721 623 827 685 essem,
880 597 939 666 diis
966 611 995 665 44
1020 619 1188 684 progressu
1219 603 1306 664 44444
1335 603 1489 664 Panormi.
1517 600 1601 674 Quod

101 699 203 776 inquit
226 697 360 758 Leander
381 697 533 759 hibertus.
555 697 603 758 Sic
620 716 656 760 en
679 717 715 760 ee
736 701 827 760 retent
881 714 957 776 epus
979 699 996 758 4
1019 699 1179 758 Brancieee
1200 699 1327 758 Berenie
1346 699 1364 756 4
1385 694 1548 758 4444444444
1564 695 1605 770 ei-

102 791 219 852 Vettius
238 807 303 866 pag.
321 787 389 852 454·
413 793 512 852 citans
532 789 600 867 ejus
622 807 699 870 epus
715 791 828 854 descri-
880 799 963 852 tatur
985 792 1014 852 in
1037 807 1093 854 sue
1122 790 1196 852 libro
1218 791 1366 870 Mejestas
1387 787 1604 848 Panormitano

101 885 179 944 tiene
198 879 344 944 dell’isole
364 882 573 964 appartenenti
591 882 759 957 4444444444,
778 885 826 947 444
881 885 1025 962 inscripta
1046 899 1112 960 pag.
1135 885 1162 942 44.
1196 889 1227 942 44
1256 886 1274 944 a
1303 881 1403 944 Beebe
1435 883 1516 942 Pirre
1547 881 1604 940 444-

101 975 827 1054 dePanerme.Quanrdescriptionemhlauuscri-
881 983 1011 1055 quanter
1032 978 1060 1036 in
1090 974 1194 1038 Sicilie
1214 992 1326 1050 sacra,
1350 974 1476 1052 ejusque
1501 990 1604 1032 exem-

102 1077 185 1148 ptam
200 1067 309 1128 viderit
320 1068 533 1143 Vallius,eum
546 1071 624 1146 typis
636 1085 694 1128 nen
713 1069 828 1147 prodie-
881 1071 945 1148 plur
966 1068 1200 1146 nonensem
1221 1071 1255 1130 D.
1284 1069 1433 1129 Abbetem
1455 1064 1604 1146 Laserine

102 1165 150 1222 rit.
177 1163 256 1238 (464.
278 1160 387 1221 Prodiit
408 1163 499 1222 imme
518 1164 614 1240 prime
633 1164 661 1222 in
680 1162 828 1241 edit.0p.
882 1163 983 1222 virum
1015 1160 1170 1222 eruditum
1200 1164 1339 1222 Panormi
1361 1177 1395 1222 44
1427 1159 1541 1222 uidisse
1562 1153 1631 1218 te-'

102 1253 234 1314 Leandri
255 1253 311 1314 Alb
337 1255 451 1314 Veneta
468 1271 494 1314 4.
515 1254 609 1316 teet.
626 1261 657 1314 et
671 1252 741 1314 dein
764 1255 828 1332 plu·
882 1260 983 1316 statur
1004 1261 1076 1314 tem.
1101 1257 1128 1314 4.
1147 1269 1213 1332 pag.
1236 1256 1283 1330 55,
1306 1260 1338 1314 et
1354 1254 1424 1315 448.
1439 1259 1603 1312 servatum.

100 1348 180 1422 ries.)
193 1344 270 1422 Ejus
281 1345 493 1425 geographiam
505 1347 578 1407 cit-at
590 1347 701 1416 Caesar
712 1347 786 1424 8494
797 1348 827 1406 in
883 1346 973 1410 Aliud
994 1345 1131 1423 ejusdem
1153 1349 1253 1425 operis
1278 1346 1452 1425 exemplum
1485 1350 1604 1406 4444444

102 1438 313 1515 icenelegiap.
327 1438 395 1498 484.
409 1437 458 1498 ubi
470 1436 507 1498 de
519 1436 649 1516 imagine
664 1437 826 1506 Calabriae,
883 1443 913 1500 in
935 1441 1119 1502 Bibliotheca
1141 1439 1355 1502 Menaenorum
1377 1437 1604 1512 Caeninensium

145 1531 215 1592 Vita
230 1532 263 1592 8.
285 1528 427 1592 Vineonlii
442 1530 575 1590 Ferrarii
586 1529 766 1611 confessuros
779 1546 828 1588 er·
883 1534 913 1594 S.
934 1534 1052 1594 Martini
1074 1530 1112 1593 44
1133 1533 1230 1594 844144
1251 1529 1287 1592 44
1313 1534 1491 1592 Panormum
1514 1535 1606 1588 testa-

102 1625 183 1686 44444
201 1621 449 1684 Praedicaterum
464 1621 551 1684 libris
569 1624 602 1684 V.
619 1622 704 1684 8444
721 1624 828 1684 Sunius
883 1633 934 1686 tue
965 1625 1138 1688 Antoninus
1169 1627 1342 1703 Mengitere.
1375 1624 1492 1684 Rursus
1525 1619 1605 1681 aliud

101 1719 182 1797 style
204 1720 377 1778 innovatam
402 1717 439 1778 de
462 1733 545 1778 mere
561 1723 593 1778 et
615 1716 825 1794 interpolatam
884 1720 955 1780 item
982 1721 1130 1782 44444444.
1154 1719 1233 1778 ini.
1256 1719 1412 1778 Latine'et
1446 1713 1548 1774 italice
1568 1713 1606 1773 ab

101 1813 167 1872 suis
181 1810 313 1871 Menaeis
327 1811 475 1884 inseruit,
492 1809 547 1872 sed
566 1807 777 1872 Bensehenius
795 1816 827 1868 et
883 1817 1006 1874 auctore
1028 1813 1175 1889 scriptum
1196 1809 1276 1888 apud
1300 1809 1499 1870 Vincentium,
1514 1806 1605 1868 Auria

102 1903 326 1982 Papebrechius
359 1903 389 1962 in
415 1901 500 1964 Actis
517 1903 570 1964 88.
592 1904 711 1963 temt.
734 1901 828 1979 ApriL
884 1905 1130 1968 Panormitanum
1153 1909 1320 1964 servatum.
1458 1953 1462 1960 .

102 2014 171 2076 pag.
189 1997 258 2057 484.
269 1995 306 2056 44
324 1993 450 2057 diemV
464 1995 584 2073 qualem
596 1992 830 2056 Bauzanusedi-
924 1995 954 2058 6.
976 1997 1018 2056 Be
1039 1993 1182 2058 4444444444
1200 1994 1364 2056 Lucerinee
1385 1991 1517 2055 ciuitatis
1530 2009 1608 2052 com-

102 2090 168 2164 dit,
185 2097 217 2150 et
229 2095 350 2150 servato
363 2089 542 2168 primigenio
559 2088 639 2166 style
656 2103 829 2166 449444444-
885 2093 1051 2162 menturnis
1073 2089 1213 2150 laudatur
1233 2088 1272 2148 ab
1293 2086 1417 2166 Ughelle
1431 2085 1501 2146 4444.
1520 2087 1606 2147 Sace.

104 2180 296 2243 tateuCed
308 2184 454 2242 44444444.
476 2179 831 2257 Ultrajectinemembra-
886 2191 955 2244 tem.
981 2182 1060 2244 Viii.
1082 2198 1154 2260 949.
1185 2183 1253 2242 ten.
1285 2182 1486 2242 Meminerant
1516 2166 1612 2240 eliani

106 2291 200 2336 nacee
228 2277 366 2352 antique,
384 2282 542 2336 monentes
556 2279 657 2334 4444444
680 2273 830 2352 integrum
888 2274 1021 2338 Leander
1043 2276 1196 2352 44444444,
1214 2275 1372 2336 4444444444
1389 2279 1420 2333 44
1442 2270 1610 2389 444444444-

105 2385 165 2428 nen
183 2383 268 2443 esse,
284 2384 354 2428 cum
373 2367 449 2428 liber
466 2368 514 2430 lV.
532 2368 584 2445 qui
602 2367 828 2444 prolixissimus
886 2369 935 2430 lus
955 2367 1029 2430 Ord.
1053 2368 1157 2430 Praed.

105 2477 174 2520 esse
192 2459 334 2534 deberet,
352 2461 552 2522 brevissimus
569 2462 610 2521 444
622 2463 744 2538 ‚quinti
760 2479 832 2524 vere
929 2462 957 2522 7.
990 2460 1094 2522 Oratio
1124 2461 1155 2520 in
1184 2459 1293 2540 sunere
1324 2458 1405 2537 repis
1434 2455 1610 2536 Hnnporiao

105 2553 173 2614 libri
188 2554 287 2614 selum
302 2552 405 2613 adsit
398 2555 528 2616 initium.
549 2552 583 2612 in
603 2554 767 2616 Bbraeensi
785 2573 834 2616 44-
888 2554 1030 2618 44444444
1053 2553 1203 2626 Corvini,
1223 2551 1280 2614 suh
1299 2552 1390 2630 finem
1418 2548 1532 2628 Aprilis
1552 2549 1609 2610 An.

107 2647 181 2707 tebri
195 2649 274 2706 inter
290 2646 486 2726 Bambergam
498 2653 529 2708 et
540 2648 719 2726 herbipolim
732 2663 835 2710 mena·
888 2647 978 2712 4494.
999 2645 1127 2708 recitate
1148 2645 1231 2725 opud
1250 2642 1357 2706 Albam
1389 2642 1521 2722 Bepiom.
1542 2642 1611 2702 Ser·

107 2743 201 2800 sterio
214 2747 298 2802 cont.
311 2739 517 2803 444444404.
532 2738 695 2804 elimatiud
709 2739 746 2800 ab
759 2741 834 2817 ipsis
889 2747 956 2802 vata
979 2742 1081 2803 torsan
1104 2742 1183 2802 444444
1204 2741 1307 2817 plures
1327 2736 1464 2815 ejusdem
1495 2733 1612 2796 0444444-
1676 2762 1680 2770 -

109 2837 210 2893 visum
223 2833 321 2894 luerat
331 2832 470 2912 eiusdem
481 2835 562 2894 vitae
575 2835 748 2910 exemptum
761 2832 832 2908 ,sed
887 2851 959 2910 nes,
976 2851 1053 2912 quas
1067 2835 1286 2911 hianuseriptus
1303 2831 1455 2892 incelebri
1469 2829 1610 2890 sambuci

111 2933 180 3005 pest
201 2941 299 2985 annes
317 2926 365 2986 44.
382 2941 452 2986 eum
474 2926 530 2986 4444
552 2925 721 2986 4444444444
742 2942 782 2985 ex
798 2941 834 2984 ee
889 2929 999 2990 laudati
1022 2927 1204 2990 Bibliotheca
1224 2925 1329 2988 haberi
1352 2930 1482 2985 testetur
1503 2922 1612 2983 Simia·

107 3019 186 3078 mitti
203 3018 430 3095 postulassent,
448 3034 631 3096 quacunque
645 3015 777 3078 adhibita
790 3016 836 3077 di·
889 3037 943 3082 rus
959 3023 990 3080 in
1011 3033 1067 3100 sua
1089 3019 1217 3081 Gesneri
1239 3017 1421 3082 Bibliotheca
1439 3023 1539 3084 aucte,
1557 3013 1611 3076 sed

107 3109 235 3188 ligantia
247 3127 306 3170 nen
319 3112 522 3172 estieveutus
533 3109 711 3190 designatus
721 3110 833 3172 Cedeu.
889 3121 921 3174 et
943 3113 1045 3191 plures
1066 3112 1204 3192 ejusdem
1226 3112 1382 3188 scriptoris
1395 3110 1555 3172 erutiones.

107 3204 285 3282 Diligentius
297 3205 560 3268 Dominicanerurn
572 3205 621 3266 vet
632 3206 834 3266 Bemanerum
931 3207 958 3266 8.
985 3205 1164 3283 Triumphus
1186 3205 1323 3266 carmine
1340 3201 1469 3281 44494444
1488 3200 1531 3262 aa
1551 3199 1612 3261 An-

108 3297 156 3357 444
175 3299 460 3358 Panormitanerum
476 3305 543 3375 444,
564 3314 643 3376 quae
665 3298 834 3376 huieeperi
892 3297 1005 3359 tunium
1026 3297 1283 3358 Panormitannm.
1307 3296 1423 3358 Laudat
1445 3294 1524 3354 idem
1551 3293 1612 3354 An·

106 3388 836 3469 desunt,siapudsebabeant,‘supplers.iiane
892 3392 995 3452 tonius
1016 3392 1046 3450 in
1067 3391 1133 3450 suis
1154 3389 1298 3466 Epistolis
1330 3387 1420 3448 editis
1440 3402 1511 3447 cum
1542 3385 1612 3461 Epi·
1702 3447 1707 3458 ,

107 3487 202 3544 vitam
214 3485 338 3562 scripsit
349 3500 429 3544 anne
443 3483 702 3544 ile55Lnsitanus
713 3481 837 3560 quidem
891 3483 977 3564 444444
998 3481 1177 3544 8444444444
1199 3483 1279 3559 regis
1300 3497 1366 3562 pag.
1389 3478 1457 3538 ast.
1480 3478 1614 3537 4444444444

106 3575 201 3638 444444
218 3579 249 3640 iu
271 3577 450 3638 collectione
472 3579 603 3638 vitarum
625 3577 679 3638 88.
701 3575 835 3652 ordinis,
892 3579 955 3655 ipse
967 3577 1128 3637 Bhenanus
1144 3576 1244 3652 operis
1257 3589 1324 3634 mex
1344 3568 1521 3636 recensendi
1539 3575 1612 3628 tem.

107 3670 161 3732 sed
183 3670 306 3749 qualem
322 3671 351 3730 iu
366 3671 454 3732 Surio
473 3671 592 3748 reperit.
892 3669 958 3731 Vlll
992 3669 1044 3729 lib.
1065 3666 1141 3730 XLl.
1165 3667 1215 3729 ubi
1236 3666 1338 3744 plures
1360 3663 1451 3740 hujus
1472 3661 1614 3722 carminis

150 3766 227 3824 item
241 3763 373 3824 Carmen
390 3761 630 3825 8444444443.
646 3779 791 3826 44444444
806 3762 837 3822 in
892 3777 1002 3822 versus
1023 3762 1124 3822 retert.
1153 3758 1245 3820 Addit
1276 3757 1469 3835 biangiterins
1499 3755 1614 3814 Bauza-

107 3849 230 3914 laudem
245 3853 277 3912 8.
301 3851 444 3912 444444444
458 3850 537 3912 44444.
556 3853 837 3916 8444444844444-
892 3871 965 3916 num
996 3861 1109 3933 poetica
1141 3852 1287 3914 claruisse
1308 3849 1421 3928 gloria,
1442 3856 1473 3908 et
1499 3846 1613 3924 aliquot

110 3948 172 4006 tiae
195 3948 224 4005 in
249 3947 472 4006 Dominicener.
494 3945 523 4006 S.
545 3947 635 4006 84444
657 3945 838 4006 Bibliotheca
891 3945 958 4025 eius
979 3947 1091 4024 elegias
1113 3942 1297 4004 indentidem
1320 3941 1486 4017 intensius
1513 3937 1614 4000 Anna·
1673 3981 1675 3986 -

107 4039 255 4100 viderunt
273 4037 397 4115 praelati
416 4037 626 4098 Henschenius
642 4045 672 4098 44
694 4038 837 4116 Papebre-
891 4040 937 4100 444
965 4055 1034 4100 mex
1061 4036 1227 4102 laudandos
1257 4051 1437 4107 accurrere,
1458 4049 1493 4094 ac
1522 4033 1613 4092 etiarn

106 4131 220 4204 44444,
243 4131 465 4192 ettaudathe
482 4134 532 4192 444.
552 4151 580 4210 p.
597 4129 667 4191 478.
686 4148 768 4192 num.
787 4132 816 4192 4.
892 4135 921 4192 44
953 4131 1168 4194 commentario
1200 4145 1292 4208 supra
1323 4145 1407 4190 nuni.
1428 4129 1456 4188 5.
1485 4124 1613 4186 indicate

158 4223 294 4308 Officium
331 4223 465 4308 ejusdem
503 4224 600 4286 sancti
636 4223 836 4300 eanonicam,
892 4225 929 4286 de
950 4226 1063 4303 origine
1082 4225 1242 4288 Panormi.
1262 4222 1411 4301 quaedam
1434 4223 1523 4281 etiam
1546 4219 1614 4299 ejus

108 4318 223 4397 qued
217 4337 247 4377 ne
268 4317 392 4379 04444444
414 4319 575 4378 8444444444
597 4316 742 4394 habetur,
760 4317 837 4380 Ban-
891 4322 1025 4382 carmina
1047 4317 1148 4406 haberi
1169 4316 1248 4396 apud
1266 4319 1381 4378 Pirrum
1395 4318 1480 4376 notit.
1498 4313 1612 4374 Feeles

107 4413 179 4470 zani
201 4422 278 4489 apes
300 4412 487 4472 existimavit
508 4411 622 4474 Vallius
642 4413 753 4471 citatus
770 4427 835 4488 pag.
891 4415 1027 4474 Panerm.
1051 4418 1081 4471 et
1102 4411 1180 4490 apud
1205 4412 1396 4472 Vincentium
1420 4411 1562 4470 buteram
1575 4405 1613 4466 44

109 4504 186 4566 454.
206 4503 260 4564 sed
283 4505 441 4564 manifeste
465 4503 597 4576 fallitur,
617 4505 833 4564 cumsithiur·
891 4506 984 4566 rebus
1006 4503 1139 4564 Nettinis
1161 4521 1226 4583 pag.
1250 4505 1297 4564 34.

111 4596 198 4656 tialis
219 4597 383 4672 44444484,
412 4597 546 4676 magistri
577 4595 691 4656 ordinis
722 4597 834 4658 xxix.
932 4599 961 4656 9.
986 4593 1372 4678 09449444444444444444
1393 4590 1522 4651 omnium
1545 4593 1615 4648 tem-

110 4690 190 4752 Vide
211 4690 336 4750 444444.
356 4691 461 4762 Qnetii
480 4697 551 4750 tem.
575 4693 602 4753 4.
625 4707 691 4769 pag.
715 4692 802 4752 4844.
891 4708 1010 4771 perum.
1041 4690 1143 4769 Opus,
1170 4691 1266 4766 inquit
1298 4685 1508 4760 tderrgiterius:
1531 4697 1614 4756 egre-

158 4784 186 4842 4.
212 4785 294 4844 Vitae
311 4784 341 4846 S.
360 4780 520 4846 Barbarae
537 4781 667 4862 Virpinis
682 4787 710 4843 et
724 4784 838 4862 4444449-
892 4788 975 4864 giem
993 4793 1024 4844 et
1040 4785 1133 4846 multa
1149 4782 1317 4844 eruditione
1336 4777 1480 4838 refertum
1500 4775 1529 4832 in
1547 4780 1614 4832 ecte

110 4875 184 4946 ris,
205 4882 284 4938 teste
307 4877 473 4956 Hyacinthe
495 4879 636 4938 4444444444
658 4878 687 4936 in
710 4878 837 4940 84444444
894 4893 1056 4957 permagna
1088 4876 1241 4936 volumina
1273 4870 1474 4947 manuscripta
1506 4868 1534 4926 in
1563 4865 1611 4926 lei.
