3632 5416
675 229 1038 296 4444444444
1543 236 1597 302 57,

111 343 388 424 Antverpiensibus
401 349 481 404 torno
492 345 527 404 ll.
545 341 670 422 Augusti
685 361 712 423 p.
727 343 768 404 98
783 341 832 404 444
889 341 981 410 tuot.
998 340 1017 402 4
1039 343 1180 422 utrinque
1197 357 1265 403 cum
1282 343 1542 424 annotationibus,
1561 351 1603 411 444

112 435 445 498 videCommentarium
459 425 614 514 praevium
627 435 703 495 Petri
716 433 834 495 Boschii
887 444 1003 513 tanuen,
1022 444 1056 498 ut
1074 439 1187 515 priores
1205 437 1420 516 posterioribus
1440 440 1526 520 longe
1544 447 1606 506 sint

111 549 141 611 p.
158 529 206 592 el.
889 531 1050 590 uberiores.
1081 533 1184 592 Postea
1204 533 1265 592 lae.
1291 529 1467 595 sirmondus
1489 536 1605 600 invenit

151 623 394 686 VALENTlNUS
409 622 445 684 de
460 620 629 698 Feralioio,
646 620 833 682 Arinennam
888 625 1053 684 Sermones
1061 629 1129 702 ejus
1145 622 1258 703 vipinti,
1278 625 1306 683 in
1324 625 1434 702 quibus
1452 627 1500 687 4144
1519 630 1606 692 modo

108 715 147 778 eie
164 713 337 797 Erubryane
355 719 383 777 in
403 731 571 777 sermonem
597 717 735 776 Latinum
754 721 837 774 tran·
891 725 1074 778 memoratus
1090 721 1180 779 etiam
1203 719 1269 790 init,
1287 735 1342 778 nec
1363 736 1421 778 non
1439 720 1602 800 Epirtemm

109 812 211 883 stulii,
240 813 290 890 qui
318 811 376 872 llS.
404 817 504 870 exstat
531 811 687 871 Ceesenae
715 810 743 867 in
763 807 836 869 eibi.
890 811 931 872 ad
942 811 1102 873 monachos
1115 809 1150 872 de
1166 809 1328 874 virtutibus
1340 817 1369 873 et
1379 811 1481 874 ordine
1497 814 1606 878 doetri-

110 906 248 965 l'ratrum
275 906 431 965 itinerum.
460 907 547 964 Bern.
580 903 617 962 de
649 901 836 963 nontiaucon
890 923 946 966 nae
960 904 1292 987 Apostolieaetpldlquae
1308 904 1402 967 edidit
1417 909 1612 988 Parisiole,

107 999 186 1059 Bibl.
206 998 456 1058 bibliothecarum
476 997 559 1056 MSS.
577 1015 604 1073 p.
620 997 691 1068 433.
740 1023 741 1028 “
891 1001 928 1062 lb
944 1007 1011 1079 pest
1026 1002 1101 1062 4643
1115 1017 1184 1060 curn
1200 999 1348 1077 Operibus
1365 1002 1471 1060 Leonis
1486 1010 1517 1062 et
1530 1001 1609 1064 Petri

150 1092 388 1152 VALENTINUS
416 1089 600 1164 Misnensis,
631 1091 838 1160 licentiatus,
865 1139 866 1142 .
891 1093 1073 1172 chrysologi.
1094 1095 1210 1153 interea
1229 1091 1344 1154 recudit
1370 1093 1502 1172 Theoph.
1531 1096 1609 1176 liap-

107 1185 275 1246 monaahus
290 1184 430 1255 hirenus,
446 1186 567 1262 scripsit
585 1184 696 1243 librum
713 1181 749 1242 eie
769 1187 839 1242 arte
893 1186 1010 1248 naudus
1036 1186 1125 1265 Lugd.
1155 1186 1231 1250 4633
1256 1184 1378 1248 demum
1398 1189 1426 1247 in
1453 1188 1528 1266 Opp.
1551 1191 1613 1252 Sir-

107 1277 265 1356 moriendi,
281 1279 356 1356 Lips.
373 1277 451 1356 apud
465 1275 725 1338 44444444444444.
754 1273 842 1351 4489,
895 1279 994 1340 mnndi
1024 1281 1093 1340 edii.
1121 1281 1211 1340 Paris.
1236 1285 1317 1339 tomo
1346 1282 1368 1340 l.
1398 1299 1425 1359 p.
1455 1282 1514 1343 643
1540 1283 1611 1348 edit.

107 1371 137 1432 4.
157 1375 233 1432 llaec
260 1375 441 1432 Possevinus
459 1379 540 1431 ionio
556 1372 590 1431 ll.
620 1369 793 1448 Apparatus
811 1386 840 1447 p.
894 1375 1023 1434 Venetae
1039 1380 1118 1434 torno
1137 1376 1156 1434 l.
1176 1391 1204 1451 p.
1221 1372 1279 1434 345
1298 1383 1329 1433 44
1345 1375 1372 1434 44
1389 1375 1464 1436 Bibl.
1480 1377 1532 1436 PP.
1550 1395 1612 1440 ma·

107 1465 179 1528 547.
193 1468 336 1526 4444444444
356 1467 376 1526 l.
395 1485 421 1545 p.
441 1466 508 1526 444.
894 1469 973 1527 xima
992 1466 1294 1544 repatriantes.

150 1558 390 1621 4444444448
402 1558 573 1628 Perusinus,
589 1558 659 1617 aliis
673 1555 708 1616 de
725 1556 841 1618 Came·
934 1561 1219 1640 Semipelergianismi
1234 1564 1331 1640 ipsum
1344 1565 1499 1624 accerserit
1513 1565 1610 1627 medio

105 1651 270 1728 rino,0rd.
287 1653 542 1728 l'raedicatorum,
560 1652 736 1729 Praeceptor
754 1653 842 1712 The
893 1671 968 1714 aevo
993 1655 1128 1715 Nicotaus
1156 1655 1268 1717 dhicon
1297 1655 1362 1716 ord.
1391 1659 1547 1719 illinorum:
1573 1659 1611 1719 de

106 1746 230 1808 meede
249 1747 487 1826 llio,Cajetani,
514 1749 591 1808 44444
607 1748 687 1806 44444
712 1763 840 1807 annum·
892 1765 951 1828 quo
977 1747 1044 1808 vide
1061 1749 1257 1827 ilaynaudum
1281 1755 1353 1808 tom.
1382 1748 1448 1834 444Ζ
1477 1753 1551 1828 Opp.
1582 1769 1610 1831 p.

108 1839 199 1902 4499.
214 1841 339 1918 Scripsit
354 1840 478 1903 Centum
495 1838 716 1921 quinquaqinta
743 1856 832 1919 quae
892 1839 950 1903 438
965 1859 1069 1902 verum
1085 1841 1266 1919 Theophilus
1291 1841 1474 1919 haynaudus
1502 1843 1610 1921 Apolo-

106 1933 218 1994 atr'omes
228 1933 456 2016 dietaphysieas.
467 1934 622 1995 Altamura
639 1933 710 1995 8444.
725 1937 834 1994 Domi·
891 1937 969 2014 giam
984 1934 1050 2012 ejus
1067 1934 1158 1998 dedit.
1173 1935 1230 1996 sub
1247 1935 1334 1995 titulo
1350 1921 1463 1997 Contra
1476 1953 1609 2018 pureum

107 2031 217 2090 nicena
234 2048 260 2107 p.
275 2029 344 2090 222.
892 2025 1050 2089 charitalis
1066 2025 1219 2089 Valeriani
1226 2026 1459 2090 criminatorem.
1470 2033 1611 2094 lomoXl.

153 2120 392 2184 VALElllAh'US
422 2121 591 2201 Episeopus
623 2118 836 2196 cemeliensis,
891 2121 966 2200 Opp.
994 2139 1021 2199 p.
1046 2120 1085 2181 93
1109 2123 1156 2183 444
1174 2123 1263 2183 etiam
1288 2124 1384 2184 444444
1410 2121 1534 2186 titulum
1550 2126 1606 2204 ipsi

109 2233 191 2296 quae
206 2217 278 2278 urbs
296 2217 365 2276 olim
382 2217 410 2275 in
429 2216 552 2295 Alpibus
572 2217 730 2276 maritimis
746 2215 836 2294 juata
893 2215 1036 2277 vindicat.

108 2309 308 2372 Ebrudunum
326 2311 382 2369 sita
410 2311 480 2385 inii,
501 2309 587 2369 hodie
606 2311 634 2368 in
654 2311 749 2370 ruinis
767 2311 832 2370 suis
933 2311 1019 2372 Plura
1045 2309 1160 2371 dabunt
1178 2307 1340 2370 Goldastus
1357 2309 1386 2367 in
1408 2311 1607 2372 annotationi-

110 2405 203 2486 Jacet.
220 2405 262 2464 De
290 2420 324 2464 eo
341 2406 467 2464 certiora
496 2403 628 2481 prolerre
646 2420 704 2462 uon
732 2419 838 2482 possu-
893 2401 949 2464 bus
963 2405 1072 2473 citatis,
1101 2404 1229 2463 llislnire
1246 2403 1376 2463 literaire
1398 2403 1435 2464 de
1450 2404 1477 2465 la
1497 2408 1609 2468 Franco

114 2513 202 2572 mus,
218 2498 275 2558 nisi
294 2496 371 2576 quod
391 2497 521 2559 Concilio
535 2499 673 2575 Regiensi
689 2497 718 2556 in
731 2497 837 2557 Galliis
893 2502 973 2556 torno
991 2498 1027 2557 ll.
1043 2513 1071 2575 p.
1086 2495 1155 2557 348.
1180 2494 1325 2556 04444444
1340 2497 1368 2556 44
1395 2496 1549 2559 Athenaeo
1567 2501 1614 2560 44·

115 2612 143 2654 4.
161 2593 220 2655 439
236 2593 380 2654 interluit.
394 2591 466 2653 Vide
482 2598 554 2650 lum.
568 2591 618 2651 lll.
632 2591 831 2652 conciliorum
893 2591 1010 2666 gustieo
1025 2607 1054 2667 p.
1069 2589 1138 2650 523.
1156 2588 1248 2649 Andr.
1266 2591 1426 2650 llossottus
1444 2592 1473 2650 in
1489 2591 1611 2670 Syllaba

117 2687 229 2748 Labbei
249 2706 277 2766 p.
294 2686 381 2748 4889.
397 2683 559 2747 Goldastus
578 2687 675 2763 ipsum
694 2683 834 2745 Priscum
893 2684 1079 2760 Scriptorum
1097 2681 1279 2742 Pedemontii
1297 2699 1326 2759 p.
1344 2680 1412 2744 444.

113 2779 308 2845 Valerianum
324 2785 419 2856 vacat,
437 2782 487 2858 qui
506 2781 589 2859 prius
606 2796 696 2856 quam
712 2778 834 2855 Episeo·
935 2775 1175 2837 VALElilANUS
1188 2773 1369 2854 Anemoreia,
1381 2775 1614 2854 Cremonensis,

110 2891 223 2954 scopus
242 2876 338 2935 lacius
356 2881 418 2951 est,
436 2874 579 2934 Praefecti
600 2873 746 2933 Praetorio
763 2871 832 2930 Gal·
892 2869 1078 2930 Rhetoricam
1093 2869 1130 2928 ibi
1147 2868 1263 2946 publice
1275 2868 1376 2930 docuit
1392 2871 1472 2931 circa
1486 2886 1514 2931 a.
1529 2871 1608 2933 43444

110 2971 219 3030 liaruur
235 2967 411 3045 dignitatem
427 2969 566 3043 obtinuit,
581 2968 732 3046 illumque
752 2965 839 3026 Vale·
895 2965 1013 3041 scripsit
1032 2960 1159 3041 Repuiar
1172 2961 1214 3022 ari
1229 2960 1419 3025 humaniores
1433 2961 1542 3026 literas
1560 2962 1615 3026 ad-

110 3065 232 3124 rianum
250 3079 317 3122 esse
335 3065 454 3138 statuit,
472 3065 519 3122 cui
545 3063 761 3123 Paraeneticus
778 3063 839 3122 Eu·
893 3054 1060 3128 descendas,
1076 3053 1225 3135 Epistulas
1239 3063 1270 3115 et
1281 3056 1510 3136 lipiqrammate
1523 3057 1612 3120 Arisii

110 3157 206 3215 eherii
220 3155 429 3234 Lugdunensis
445 3157 608 3232 inscriptus
624 3162 671 3215 est
686 3158 734 3232 (a).
748 3156 836 3216 44444
896 3153 1041 3220 Cremona
1056 3150 1175 3210 liberata
1187 3157 1267 3211 toruo
1280 3151 1303 3210 l.
1320 3168 1347 3228 p.
1364 3152 1430 3212 445.

111 3251 161 3311 4444
188 3265 307 3327 quoqne
332 3257 510 3328 sequuntur.
529 3249 603 3310 illud
630 3251 746 3310 certius
771 3257 839 3322 esi,
912 3265 915 3271 ·
936 3240 1156 3314 vhtniilhllt,
1172 3243 1387 3323 nesciocuius,
1405 3242 1613 3307 Dr'ssreariead

112 3346 214 3424 ipsum
241 3359 257 3403 a
282 3343 432 3402 lionachis
454 3341 659 3404 lirinensibus
688 3342 842 3405 Abbatem
897 3337 1036 3399 linhnum
1055 3334 1310 3398 denonduoenda
1325 3340 1505 3414 umore,iuit
1521 3337 1611 3398 bisin

115 3439 211 3500 fuisse
226 3437 365 3514 electum,
381 3443 414 3497 ut
431 3443 560 3497 testatur
576 3437 714 3515 Epistola
738 3455 757 3498 4
776 3438 805 3498 84
817 3457 845 3500 r·
897 3430 1076 3492 bibliotheca
1096 3432 1267 3492 monasterii
1286 3429 1510 3505 stacionensis.
1526 3438 1615 3510 94044

115 3531 227 3594 mondo
248 3531 337 3591 edite.
898 3526 1056 3602 catalogus
1084 3521 1150 3600 ejus
1177 3541 1194 3584 a
1221 3528 1334 3588 Thema
1360 3526 1487 3588 llearnio
1514 3522 1615 3586 editus

155 3627 213 3687 Diu
229 3628 398 3704 incognitus
411 3625 465 3686 iuit
477 3626 525 3685 hic
540 3626 727 3703 Valerianus,
745 3626 841 3687 donee
897 3619 993 3694 docet,
1005 3618 1614 3697 postilhroniconloannisGlastonlensis

115 3721 281 3782 Goldastus
297 3722 469 3782 Sermonem
486 3719 603 3782 eiusde
623 3719 697 3781 dono
713 3720 842 3802 4444444444-
897 3733 926 3794 p.
945 3714 1014 3785 484,
1032 3711 1104 3774 lue.

113 3833 182 3890 nae,
209 3815 390 3894 quidudum
420 3825 499 3875 torno
517 3817 568 3876 lx.
583 3833 708 3894 opernm
728 3819 764 3877 l).
779 3818 843 3879 An·
935 3805 1132 3880 4444444448,
1158 3805 1259 3867 44444
1288 3807 1507 3869 monasteriis.
1533 3805 1612 3867 Petri

114 3913 227 3992 gnstini
255 3911 351 3971 lentus
379 3909 491 3986 iuerat,
517 3910 610 3970 edidit
632 3927 705 3972 eum
736 3912 840 3972 Isidori
896 3902 932 3962 de
957 3902 1107 3963 Montibus
1131 3900 1296 3979 Compluti,
1321 3918 1382 3963 see.
1407 3902 1469 3964 444.
1487 3899 1614 3979 Scripsit

116 4006 303 4084 Hispalensis
318 4005 495 4083 Fragmenta
522 4004 559 4063 de
578 4005 732 4080 praelatis,
751 4005 829 4084 apud
897 3998 991 4060 Vitam
1015 3997 1046 4058 8.
1076 3993 1250 4070 Fructuosi,
1276 3994 1401 4058 Abbatis
1423 3993 1610 4068 Dumieusis,

115 4101 238 4162 Petrum
256 4097 339 4159 dela
354 4099 495 4171 llouiere,
514 4099 601 4171 4604,
619 4097 639 4157 8
662 4099 703 4178 (bl
728 4097 836 4158 deinde
894 4096 962 4170 post
978 4087 1200 4166 Archiepiscopl
1214 4089 1421 4166 Brecerensis,
1436 4103 1527 4169 quam
1544 4084 1610 4147 edi·

116 4191 174 4254 sub
191 4193 309 4252 initium
332 4191 589 4253 Pareeneticorum
612 4192 768 4268 Veterum,
786 4195 833 4253 ln·
891 4183 1001 4244 delitui
1023 4180 1205 4244 Prudentius
1219 4181 1369 4245 Sandevai
1391 4185 1421 4243 iu
1440 4182 1515 4244 libro
1529 4182 1609 4242 Fun·

117 4289 202 4352 sulae
218 4287 253 4350 ad
268 4287 365 4349 lacum
380 4285 835 4366 heronium,h.e.Lindaviae(o)
891 4275 1045 4338 dationum
1070 4273 1336 4338 Benedictinarurn
1356 4277 1529 4355 Hispaniae,
1550 4272 1607 4334 lin·

161 4425 590 4489 (44444444444444444144444444
609 4421 640 4474 de
661 4427 834 4476 hirenaei.
891 4387 950 4525 {ua
980 4370 1140 4476 Hispanjca,
1165 4371 1296 4476 sermm
1323 4373 1368 4431 J⁰'
1401 4372 1553 4447 'ramam
1575 4367 1612 4472 ,in

121 4505 152 4551 p,
174 4518 198 4566 p.
216 4501 273 4550 530,
920 4462 1096 4542 artyrologro
1109 4465 1266 4542 llrspamae
1281 4471 1361 4524 toruo
1373 4463 1408 4525 ll.
1422 4461 1451 4523 d.
1462 4463 1500 4524 46
1513 4458 1604 4538 April.

160 4577 199 4641 (4)
215 4579 270 4626 Non
292 4577 319 4626 ln
339 4575 368 4623 le
387 4580 415 4625 ui
431 4574 747 4628 seribuutAuetoreslllst.
768 4577 833 4630 liter.
893 4560 937 4619 J⁰·
955 4559 1139 4621 mabillonius
1161 4559 1228 4620 Sec.
1247 4559 1283 4620 ll·
1300 4556 1411 4619 Bened·
1438 4575 1467 4635 p.
1496 4552 1550 4617 581
1579 4559 1610 4614 θῑ

120 4655 231 4709 Gallicae
248 4663 309 4706 tom.
327 4657 357 4703 ll.
381 4669 406 4720 p.
423 4653 479 4703 ast.

161 4735 198 4794 44)
215 4733 311 4784 ibidem
327 4733 449 4784 4414440464
465 4734 502 4784 ⁵¹0
526 4737 634 4794 i⁰i¹u¹¹i=
665 4732 790 4794 4444444444
815 4731 833 4783 ἁ
897 4746 1016 4796 Poterant
1043 4741 1104 4794 lllud
1133 4748 1252 4795 44444444
1277 4740 1373 4800 discere
1397 4755 1427 4792 44
1456 4744 1540 4805 lttlglo
1571 4739 1602 4791 de

123 4804 577 4872 l'lie,maiepluidtriGeneue.
602 4810 759 4859 Peraenetlel
787 4823 837 4860 non
893 4818 1056 4868 sibilorum,
1078 4823 1191 4868 parrum,
1286 4865 1291 4872 ¹

123 4887 237 4948 impressi
254 4889 314 4934 ⁵¹¹¹st
331 4882 449 4944 luentia,
466 4893 530 4945 (1⁰⁸0
557 4879 616 4930 4444
640 4881 715 4946 44480
741 4885 836 4946 444444
934 4893 971 4956 (d)
988 4895 1100 4958 Epistola
1109 4895 1169 4946 haec
1186 4891 1285 4956 plenior
1300 4891 1367 4945 edite
1378 4899 1416 4946 eri
1430 4895 1496 4946 luter
1511 4895 1595 4943 Patres

124 4963 162 5012 rel
179 4959 197 5011 l‘
212 4959 264 5011 lale
290 4960 377 5020 audit,
403 4957 446 5008 sed
472 4955 640 5019 4444444444,
667 4963 695 5010 at
714 4961 833 5013 dlrlnms.
881 4967 1038 5033 ammireo,
1053 4973 1123 5022 pomp
1142 4971 1202 5032 ¹²1³·
1219 4967 1275 5020 444,
