3632 5416
925 145 1180 209 tassilo

450 307 667 451 11666
708 339 849 450 xlx.

324 557 510 718 TAGENO,
532 645 676 703 Decanus
691 645 862 703 Patavinus
884 661 909 704 s.
931 646 1007 704 Pas-

282 738 455 810 saviensis,
485 751 556 796 cum
586 738 735 810 Diapoldo
770 753 796 796 s.
828 739 1006 800 Theobaldo

280 831 430 904 Episcopo
453 843 508 889 suo
531 831 724 903 expeditioni
750 829 919 903 Asiaticae,
949 835 999 891 in-

277 925 399 998 terluit,
414 926 527 984 deinde
541 926 631 998 16666
647 925 734 983 111166
750 926 786 986 de
801 927 996 1001 supertitiose

277 1017 421 1078 Asiatica
430 1017 597 1079 Eriderict
605 1019 632 1075 I.
641 1018 853 1094 Imperatoris
866 1019 997 1078 61189.

278 1113 417 1184 scripsit,
438 1113 521 1184 quod
541 1110 732 1185 Opusculum
754 1113 852 1170 habes
872 1113 1001 1172 161166-

278 1204 348 1262 heri
371 1205 483 1278 Script.
506 1221 611 1264 rerum
625 1206 774 1264 German.
796 1205 872 1264 1661.
895 1206 919 1262 1.
935 1209 1000 1279 Ap-

277 1298 369 1370 pend.
392 1313 466 1370 pag.
496 1299 525 1357 6.
551 1300 640 1358 Adde
671 1299 819 1357 vossium
850 1301 887 1359 66
915 1301 997 1358 Η161.

278 1389 403 1448 Latinis
424 1391 464 1447 11.
487 1391 536 1450 54.

318 1483 430 1556 Thio,
459 1488 508 1544 661
530 1484 668 1557 usius,
697 1485 905 1558 cognomento
937 1485 998 1546 Sa·

278 1578 393 1651 malet,
413 1580 587 1655 Episcopus
607 1580 911 1654 caesaraugustanus
927 1582 1018 1654 pose-

278 1675 308 1729 S.
331 1673 547 1748 Brauliouem,
568 1690 596 1733 a.
622 1675 692 1735 646.
717 1677 850 1734 Romam
879 1678 997 1734 missus

276 1767 344 1842 ast,
367 1767 404 1826 ut
423 1768 570 1842 Gregorii
591 1771 630 1828 H.
660 1770 783 1843 partem
812 1773 996 1844 Moralium,

276 1877 347 1935 qua
368 1865 401 1921 in
423 1865 575 1937 Hispania
593 1865 841 1938 desiderabatur,
856 1867 927 1923 1666
942 1879 998 1938 pe-

274 1958 367 2016 teret.
390 1959 490 2027 Quum
512 1960 591 2018 liber
612 1960 750 2018 inveniri
776 1972 838 2016 non
870 1958 996 2032 posset,

274 2050 394 2110 coelestl
409 2051 531 2110 monitu
545 2055 647 2110 locum
660 2054 747 2111 illius
757 2053 896 2126 rescivit,
907 2053 998 2124 prout

275 2145 406 2201 narrant
426 2145 597 2204 Roderlcus
619 2145 787 2205 ’161616666
816 2145 855 2202 ΙΙ.
886 2147 936 2205 20.
964 2146 998 2205 61

274 2240 415 2296 Mariana
427 2240 511 2296 viil.
526 2242 555 2299 8.
571 2241 721 2300 Baronlm
739 2242 779 2299 ad
793 2253 911 2300 annum
926 2240 994 2300 6411.

275 2333 363 2391 Adde
384 2331 579 2394 Hardulnum
601 2335 677 2393 tom.
691 2337 730 2394 V.
747 2337 863 2396 concii.
880 2352 910 2410 p.
926 2336 995 2394 626.

275 2424 337 2484 Sed
357 2427 437 2486 ildes
458 2428 502 2486 sit
515 2442 612 2501 penes
628 2427 795 2488 auctorem.
814 2427 944 2504 Galleatt
962 2430 993 2488 V.

273 2520 370 2582 111666
386 2522 629 2584 Sententiarum
650 2537 689 2583 eo
707 2523 859 2598 Operttue
879 2522 995 2599 oreae-

275 2616 324 2674 611
342 2613 385 2675 Μ.
406 2619 459 2690 qui
486 2619 519 2675 in
548 2617 739 2677 bibliotheca
769 2619 994 2678 166666166-

274 2709 359 2768 6661.
381 2709 608 2784 Fragmentum
632 2714 838 2772 dedicationis
859 2713 898 2772 66
919 2714 996 2783 Qui-

275 2805 374 2861 ricum
395 2807 584 2880 Episcopum
605 2807 866 2866 Barcinonensem
896 2808 995 2866 edidit

275 2898 473 2958 Mobillonius
488 2900 609 2973 praeiat.
628 2903 730 2961 666611
746 2901 785 2958 11.
800 2901 996 2962 Benedictini

275 3007 305 3064 p.
320 2993 370 3050 41.
386 2994 547 3067 integram
562 3011 634 3055 vero
655 2999 739 3056 idern
754 2997 895 3056 6661661.
917 2995 993 3054 tom.

275 3082 359 3168 1111).
376 3089 424 3147 66.
441 3089 515 3148 6611.
531 3105 619 3150 novae
635 3108 664 3165 p.
681 3091 729 3149 62
747 3092 905 3164 adiicitur
919 3105 995 3165 quo-

273 3197 333 3255 que
342 3183 548 3258 Epigramma
562 3186 595 3241 in
604 3179 681 3243 illud
691 3199 777 3257 opus.
788 3185 880 3244 Libro
894 3185 993 3257 primo

273 3277 351 3349 Tajo
371 3276 442 3351 agit
463 3280 501 3337 66
524 3279 588 3338 Deo
610 3279 788 3352 divinisque
809 3277 993 3338 adtributis:

274 3372 308 3429 in
325 3372 459 3432 6666666
468 3373 505 3431 66
515 3373 732 3433 incarnatione
741 3373 859 3431 Christi
869 3372 902 3430 66
911 3385 994 3445 pra-

273 3464 426 3525 dioatione
447 3467 628 3540 Evangelii,
643 3469 742 3540 deque
761 3468 939 3540 pastoribus
960 3465 993 3524 et

274 3559 427 3618 subditis:
450 3562 484 3619 16
503 3560 599 3620 166616
623 3563 661 3620 66
683 3562 819 3618 61661616
843 3560 989 3618 Ecclesiae

274 3655 447 3727 ordinibus,
468 3655 503 3714 et
522 3657 560 3714 de
582 3653 762 3714 virtutibus:
777 3656 811 3712 in
828 3654 940 3726 quarto
953 3656 992 3715 66

274 3746 391 3805 6161616
402 3749 543 3822 16616116,
557 3748 786 3807 1661611661666
799 3748 833 3804 61
846 3749 991 3819 peccatis:

273 3842 307 3900 in
329 3844 496 3917 quintode
517 3845 660 3918 reprobis
685 3841 717 3902 et
746 3843 785 3900 de
812 3841 929 3913 judicio
957 3855 993 3899 66

274 3937 510 3997 resurrectione.
547 3939 633 3997 idem
663 3951 741 4010 opus
770 3933 884 3993 6161666
920 3935 995 4009 aaa

277 4025 515 4087 Sententiarum
537 4030 678 4089 columen
694 4031 727 4086 in
743 4025 991 4086 0666666166-

274 4119 441 4181 toneliensi
461 4125 544 4195 apud
564 4123 754 4183 Dacherium
775 4121 862 4180 torno
892 4121 933 4179 11.
961 4139 991 4196 p.

275 4211 346 4269 286.
368 4214 513 4287 Adeoque
535 4214 610 4287 1616
624 4217 745 4288 primus
759 4213 831 4287 tuit,
846 4215 899 4288 qui
914 4215 992 4272 Sen-

272 4306 392 4364 6666166
413 4307 563 4380 collegit,
586 4308 618 4366 et
638 4308 729 4368 Petro
755 4307 929 4366 Lambardo
957 4309 990 4366 in

272 4399 330 4458 hoc
345 4401 413 4474 ipso
428 4401 545 4460 laboris
555 4415 669 4473 genere
679 4399 835 4475 praeluxit.
846 4402 990 4476 Epistola

273 4495 341 4566 6166
366 4495 406 4552 66
427 4495 602 4569 Eugenium
627 4496 808 4556 Toletanum
839 4496 928 4554 extat
956 4497 989 4552 ln

270 4590 604 4649 66666666661161
619 4588 696 4648 eom.
707 4591 759 4649 iv.
775 4607 805 4664 p.
821 4589 891 4650 aot.
909 4591 989 4648 con·
1013 4577 1016 4584 ‘

272 4683 319 4740 ier
339 4683 405 4740 Nic.
427 4683 556 4741 Antonii
570 4683 647 4743 Bibl.
662 4687 835 4759 Hispanam
851 4685 921 4744 Vct.
935 4685 988 4742 vi.

273 4773 301 4832 t.
325 4791 410 4833 num.
433 4777 502 4834 422.
526 4777 736 4838 6166111661661
760 4797 788 4854 p.
821 4781 870 4838 64.
895 4779 990 4838 0661-

273 4869 494 4928 6661161661.
519 4887 547 4943 p.
574 4870 661 4932 1622.

1103 259 1337 318 TANOREDUS
1367 275 1387 320 a
1422 259 1563 334 corneto,
1594 264 1738 324 Hetruscis

1061 354 1160 427 16666,
1181 355 1338 416 Boeotiae
1358 355 1538 429 canonicus,
1561 359 1734 419 archidicus

1062 464 1132 521 666,
1153 449 1186 508 61
1206 449 1305 521 166166
1324 450 1419 509 666611
1446 451 1654 526 cancellarius,
1667 456 1736 514 Pari·

1061 545 1118 601 siis
1140 558 1258 618 quoque
1279 558 1333 617 per
1353 544 1474 620 aliquod
1493 545 1611 619 tempus
1634 550 1735 620 666611,
1808 591 1809 638 ,

1060 638 1144 694 circa
1157 652 1272 695 annum
1285 635 1372 698 1211.
1387 639 1521 697 mortisue
1532 639 1613 698 1246.
1621 643 1655 698 Α.
1664 642 1735 701 1211.

1060 746 1124 789 666
1142 745 1214 789 6661
1228 734 1299 791 aliis
1312 747 1339 789 6·
1345 734 1492 806 Gregorio
1506 734 1734 810 1666666161,

1059 827 1099 885 ad
1120 826 1335 898 inquirendum
1356 830 1389 886 16
1409 843 1458 888 666
1478 830 1581 901 gestas
1600 832 1630 888 et
1657 835 1734 890 mira

1056 922 1127 977 6616
1148 921 1179 978 S.
1202 921 1365 995 Dominici,
1379 938 1448 982 6661
1469 909 1645 987 tressera
1666 929 1734 987 illins

1056 1014 1289 1090 meditarentur.
1299 1017 1429 1100 Scripsit
1437 1020 1734 1091 Praeleturtdtears,

1056 1110 1092 1168 de
1113 1109 1223 1169 ardiae
1244 1111 1275 1169 et
1288 1125 1438 1184 proeesse
1454 1114 1640 1186 judtetarto,
1663 1113 1732 1176 (llor-

1054 1216 1108 1262 eos
1128 1216 1225 1277 caper
1243 1206 1433 1278 Decretalee,
1450 1210 1649 1279 Praetentate,
1668 1209 1694 1265 h.
1710 1224 1732 1267 e.

1053 1299 1265 1356 recensionem
1276 1301 1414 1358 omnium
1422 1303 1732 1376 Episcopatuum.i³cn-

1054 1393 1167 1449 zlrolus
1182 1392 1221 1449 66
1235 1392 1327 1449 claris
1337 1393 1456 1465 Legum
1479 1394 1682 1468 interpretibus
1690 1394 1731 1450 111.

1054 1489 1082 1542 4.
1104 1484 1246 1544 Bumaidl
1267 1487 1415 1546 lliuerval
1436 1487 1619 1547 Bononiense
1635 1505 1662 1561 p.
1674 1487 1731 1546 211.

1052 1579 1180 1638 Oriundi
1194 1579 1311 1638 Notitia
1326 1579 1512 1654 Scriptorum
1524 1581 1732 1640 bononiensium

1054 1688 1126 1747 pag.
1142 1673 1212 1731 256.
1229 1674 1389 1733 Tractatus
1404 1678 1439 1736 de
1456 1679 1563 1738 ardiae
1578 1677 1733 1748 lacuaria

1051 1768 1208 1827 correctus
1229 1769 1658 1843 666666666166161666616,
1679 1769 1731 1826 lis.

1051 1861 1154 1920 66116
1176 1862 1253 1921 Bibl.
1275 1863 1456 1924 monasterii
1477 1865 1731 1934 Hellsbmnnansis,

1051 1955 1131 2013 teste
1150 1955 1302 2030 catalogo
1315 1957 1505 2017 Hoclrariano
1520 1971 1587 2032 pag.
1600 1957 1644 2015 sl.
1658 1957 1731 2015 circe

1053 2064 1170 2106 annum
1192 2048 1280 2108 1221.
1304 2050 1513 2112 06666ίί6666
1532 2053 1672 2124 paruae,
1690 2052 1731 2108 sel

1048 2147 1172 2206 sectam
1189 2147 1301 2219 potius,
1317 2147 1529 2222 Epistularum
1542 2147 1731 2207 Decretalr'ea

1049 2241 1234 2313 composuit,
1257 2243 1289 2298 in
1309 2255 1370 2313 qua
1384 2241 1621 2300 constitutiones
1639 2237 1732 2298 extera

1050 2335 1175 2392 Houoril
1207 2333 1269 2407 ill,
1304 2335 1361 2394 sub
1394 2335 1481 2408 66166
1513 2335 1627 2392 nomine
1650 2333 1730 2391 etism

1050 2429 1200 2500 publicari
1220 2428 1336 2488 debuit.
1350 2427 1433 2502 Opus
1453 2427 1536 2486 istud
1548 2425 1655 2484 1661661
1673 2423 1732 2497 post

1049 2535 1165 2580 annum
1189 2521 1277 2582 1227.
1300 2537 1358 2596 quo
1373 2523 1521 2580 Honorius
1536 2517 1641 2578 tertius
1654 2517 1729 2574 Iuno

1048 2616 1143 2674 centii
1166 2614 1221 2671 111.
1244 2629 1402 2673 successor
1422 2608 1730 2679 6616666666116166

1049 2710 1203 2782 interpres
1217 2709 1397 2782 perhibetur
1409 2706 1670 2766 Jacobusllbanus
1680 2699 1730 2757 16-

1049 2801 1197 2860 66661666
1211 2802 1390 2875 Episcopus,
1401 2800 1502 2859 Enrlcl
1511 2797 1653 2855 Ostiensis
1660 2795 1730 2850 166-

1047 2893 1163 2968 ceptor.
1185 2895 1271 2952 Hanc
1284 2896 1337 2952 diu
1350 2894 1565 2965 desideratam,
1580 2901 1668 2962 neque
1680 2901 1729 2943 an·

1049 3003 1142 3061 quam
1164 2989 1291 3061 editam,
1313 2989 1386 3062 qula
1405 2987 1568 3060 Gregorius
1581 2985 1631 3041 ix.
1643 2981 1730 3039 Hanc

1049 3082 1090 3139 rii
1113 3081 1287 3154 Suecesaor,
1306 3081 1446 3139 Pontifex
1465 3079 1570 3149 iactus,
1584 3075 1682 3132 6166161
1697 3073 1730 3129 de

1049 3187 1131 3230 6666
1144 3174 1279 3232 66161666
1288 3173 1492 3232 Decretallum
1501 3167 1727 3243 6636666666]

1048 3267 1202 3324 Antonius
1221 3267 1419 3338 Augustinus
1446 3265 1524 3323 16666
1548 3259 1727 3320 661166116666

1048 3373 1122 3418 suas
1142 3360 1353 3418 Decretalium
1372 3374 1432 3417 non
1454 3355 1606 3426 edidisset,
1618 3351 1728 3410 1666661

1047 3453 1080 3510 16
1101 3450 1635 3526 6161161666661616661166666616,
1658 3444 1728 3501 Thu

1047 3551 1120 3608 losae
1140 3565 1168 3607 6.
1193 3549 1282 3608 1641.
1305 3548 1498 3608 innocentius
1516 3541 1729 3606 6666166666-

1046 3643 1157 3703 demiae
1178 3645 1359 3704 Tholosanae
1380 3643 1604 3710 cancellarius,
1625 3634 1728 3702 edidit,

1046 3736 1079 3795 et
1099 3737 1226 3797 Glossas
1247 3737 1441 3797 doctissimas
1454 3733 1576 3808 6616616,
1589 3735 1619 3790 16
1632 3730 1730 3803 quibis

1045 3833 1182 3905 explicat
1202 3848 1258 3905 aa,
1279 3847 1348 3907 quae
1371 3834 1410 3892 ad
1436 3831 1512 3905 juris
1539 3827 1728 3901 cognitionem

1045 3923 1076 3982 66
1096 3923 1272 3998 temporum
1291 3924 1453 3983 historiam
1469 3917 1628 3995 pertinent,
1640 3925 1731 3989 111ω

1044 4031 1199 4104 prioribus
1221 4033 1402 4092 Glossarum
1421 4027 1612 4102 scriptoribus
1624 4022 1730 4081 omissa

1044 4125 1177 4184 ruerant.
1199 4127 1244 4185 De
1261 4127 1407 4199 scriptore
1422 4124 1482 4183 isto
1496 4121 1639 4182 Arthurus
1653 4111 1729 4172 met

1044 4220 1082 4278 66
1103 4219 1289 4279 Auctoribus
1308 4221 1389 4292 juris
1407 4220 1459 4276 hb.
1480 4215 1502 4273 l.
1530 4228 1593 4287 cap.
1620 4204 1729 4282 ’1.16.

1046 4313 1201 4373 ueniam
1232 4329 1292 4372 666
1314 4309 1492 4383 1166161661,
1520 4311 1552 4366 16
1578 4301 1729 4364 Academia

1042 4408 1273 4483 Doesburgensi
1281 4409 1364 4466 16616
1379 4405 1411 4465 61
1423 4404 1562 4464 Historia
1575 4398 1728 4460 Petason

1042 4505 1076 4562 16
1096 4503 1233 4563 Historia
1251 4503 1336 4561 Juris
1357 4498 1558 4559 Ecclesiastici
1583 4491 1613 4553 et
1630 4489 1728 4549 Ponti·
1803 4537 1804 4546 ,

1043 4598 1117 4671 licii,
1138 4613 1223 4656 num.
1246 4597 1314 4658 352.
1336 4614 1366 4671 p.
1387 4595 1456 4654 664.
1476 4593 1557 4652 66116
1575 4581 1729 4654 Duisburgi

1042 4705 1122 4749 anuo
1145 4691 1232 4749 1616.
1254 4691 1286 4750 66
1307 4689 1526 4749 amstelodami
1547 4677 1628 4742 1666.
1654 4679 1683 4735 16
1701 4675 1727 4732 6.

1043 4789 1116 4846 Hac
1135 4786 1273 4844 0661666
1292 4785 1376 4843 torno
1399 4783 1450 4840 lli.
1471 4795 1541 4855 pag.
1561 4775 1607 4836 116.

1083 4877 1098 4912 *
1122 4879 1286 4944 Stemmata
1309 4877 1519 4954 compendioso
1534 4871 1619 4943 laets
1632 4863 1727 4928 atritis
