3368 5362
148 223 211 282 44444)
791 213 1011 276 lautus

148 327 320 397 Diaconos,
342 326 505 398 Desiderii,
533 325 628 385 ultimi
665 321 868 400 longobardo·
928 315 1084 375 lateralia
1110 312 1221 376 44444444
1236 313 1453 391 utilissimum,
1474 321 1527 398 qui
1545 323 1636 383 4444444·

150 437 218 481 rum
241 420 329 497 {legis
349 420 481 478 notarius
502 419 568 477 sive
589 417 817 488 concellarius,
837 423 869 474 et
928 409 1012 470 444444
1033 410 1068 470 de
1085 409 1289 488 aprificatione
1306 408 1483 472 vadorum.

149 520 307 590 postcom
331 515 348 572 a
370 512 532 573 Garolnli.
555 512 590 571 Α.
622 510 692 569 774.
726 516 868 586 captum,
965 507 1102 581 Magnam
1124 521 1246 581 quoque
1268 507 1316 566 sui
1339 507 1639 583 pertembliliataria

149 608 290 684 captivus
321 613 352 664 et
384 608 468 683 ipse,
490 604 560 664 inde
590 605 629 662 ob
655 603 744 663 iidem
777 608 869 680 atque
925 594 1057 657 lit'teeiio
1079 596 1169 657 huius
1202 596 1291 657 Paulo
1319 596 1424 658 debet.
1445 599 1520 661 liam
1540 604 1640 679 prioris

148 715 281 759 amorem
303 706 493 758 constantem
516 714 585 775 erga
616 696 802 757 Desiderium
825 697 870 754 in·
926 688 1066 751 undecim
1088 689 1154 749 libri
1176 696 1251 749 suut
1283 688 1375 751 iidem
1397 708 1434 752 ac
1459 691 1563 754 decem
1584 696 1640 756 libri

149 794 235 853 visus
256 798 287 851 et
308 791 397 867 erui,
420 807 488 852 mor
512 789 676 852 Monachus
708 790 871 850 Cassinen-
926 782 1120 854 EUTROPll,
1143 783 1200 842 nisi
1222 783 1303 859 quod
1336 785 1441 863 aliqua
1463 787 1589 848 subinde
1608 789 1640 850 de

147 888 190 947 sis
210 893 242 946 ct
262 893 384 963 propter
407 888 560 961 ingenium
583 892 677 961 atque
698 883 867 944 doctrinam
926 893 981 936 suo
995 875 1105 935 Paulus
1121 875 1231 935 addat:
1247 877 1431 955 Eutropium
1450 878 1563 941 44444444
1579 897 1641 942 oon·

54 1042 58 1046 ,
149 978 254 1042 Carolo
277 982 311 1038 ll.
328 981 418 1039 etium
434 977 564 1039 dilectus
581 986 614 1037 et
631 978 815 1049 honoratus,
836 981 870 1037 ut
927 970 1025 1029 iiuuoi
1057 968 1192 1042 Paulus,
1212 971 1302 1046 cujus
1323 979 1399 1032 suut
1431 974 1500 1034 libri
1522 977 1640 1055 quinque

148 1071 441 1133 carminaCaroliad
461 1071 585 1132 l'aulum
604 1071 870 1131 servotadLeone
926 1069 1112 1139 sequentes,
1134 1065 1152 1123 d
1177 1070 1313 1142 tempore
1346 1066 1462 1127 luliaui
1494 1067 1640 1147 Apostataa

148 1168 289 1227 Ostiense
311 1166 360 1225 lib
382 1168 409 1224 4.
432 1163 570 1224 Chroniei
593 1165 869 1241 casinensis,cap.
927 1172 1025 1232 usque
1055 1154 1093 1216 ad
1127 1163 1263 1235 tempora
1297 1160 1388 1236 primi
1422 1161 1594 1224 iustiniani.
1618 1166 1640 1236 cl

152 1262 198 1320 46.
221 1266 252 1317 44
273 1275 365 1335 supra
387 1266 458 1318 tom.
479 1262 506 1318 4.
529 1276 595 1336 pag.
616 1258 685 1318 3i9.
702 1273 766 1333 seq.
782 1256 871 1316 obvia
927 1250 1067 1321 (laeteri,
1090 1265 1199 1327 nempe
1220 1249 1359 1313 decimus
1381 1254 1537 1332 septimus
1558 1257 1640 1334 etqui

150 1354 228 1411 satis
260 1369 411 1430 superque
444 1358 608 1411 testantur.
639 1353 681 1410 lie
703 1350 758 1409 bec
783 1349 873 1409 Paulo
926 1350 1157 1419 consequuntur
1178 1345 1195 1403 d
1216 1343 1450 1407 Ltuuutsuo
1472 1346 1641 1426 Sogscoad

151 1453 271 1522 praeter
294 1448 423 1505 Leonem
444 1443 654 1506 consulendus
676 1444 783 1503 Petrus
809 1445 873 1503 liis-
928 1435 984 1495 diti
1006 1444 1099 1508 suni,
1116 1438 1308 1513 potissimum
1324 1455 1362 1498 ex
1376 1439 1572 1519 Theophane,
1586 1443 1640 1500 sire

151 1555 247 1599 conus
269 1537 344 1597 libro
365 1537 401 1596 de
424 1538 502 1597 Viris
531 1536 697 1597 illustribus
730 1537 874 1596 casinen·
928 1547 965 1588 ex
987 1529 1205 1591 ANASTASIO
1224 1526 1462 1591 Biblioiitaceria
1481 1538 1535 1612 qui
1563 1533 1641 1594 Theo

152 1629 238 1691 sibus
259 1646 325 1707 cap.
347 1631 375 1689 8.
397 1629 589 1705 eruditispio.
618 1631 770 1707 Baptistae
801 1630 873 1691 44444
930 1621 1061 1700 phaltim
1082 1640 1119 1683 ex
1142 1623 1255 1684 Graeco
1278 1626 1384 1685 Lat—lue
1407 1629 1514 1686 vertit.
1535 1628 1577 1689 De
1603 1629 1642 1689 lli·

151 1727 230 1782 notis
264 1724 451 1795 illustratus,
483 1730 575 1801 atque
606 1724 623 1784 e
656 1723 873 1784 recentioribus
929 1718 1039 1775 5404444
1061 1717 1210 1778 Uistiliae
1227 1717 1434 1791 editionibus,
1452 1736 1583 1797 44441644
1599 1723 1642 1784 C*

152 1820 226 1878 pan,
249 1817 328 1876 quq,
351 1818 491 1879 Monam
512 1817 585 1885 (1555,
617 1817 655 1877 de
687 1816 777 1877 Paulo
807 1819 876 1877 Dra.
930 1810 997 1868 nisii
1031 1811 1206 1871 recensione
1237 1813 1328 1871 etiam
1351 1819 1456 1873 exstat
1478 1819 1551 1875 tom.
1577 1816 1641 1877 ltili.

150 1928 247 1984 cono,
279 1910 407 1970 dltdorl.
441 1911 528 1970 4686.
563 1910 591 1971 4.
632 1913 676 1968 .lo.
711 1912 871 1971 llubnerus
930 1902 1004 1963 44444
1027 1905 1149 1964 Pfliiitm
1171 1903 1264 1980 Lugd·
1288 1921 1355 1983 pag·
1376 1905 1432 1968 2444
1456 1924 1523 1986 seq.
1544 1907 1642 1968 dixtin

154 2010 258 2064 noster
279 2005 423 2063 Centurio
446 2002 578 2062 secunda
607 2002 680 2062 Bibl.
714 2003 875 2063 ilistoricae
930 1996 1004 2057 Bibl.
1028 1998 1130 2058 Latina
1166 1997 1289 2058 libili.
1319 2015 1386 2078 cap.
1409 2000 1439 2059 9.
1461 2002 1554 2062 etde
1583 2004 1643 2062 Lan

154 2095 257 2156 llamb.
280 2113 345 2173 pag.
369 2096 416 2154 63.
439 2110 503 2170 seq.
526 2102 558 2153 ut
581 2101 725 2172 tanquam
745 2098 875 2156 notiores
930 2088 1044 2168 dulpho
1063 2099 1156 2167 atque
1178 2090 1339 2151 Anastasio
1360 2109 1479 2172 supra,
1500 2112 1565 2157 suo.
1584 2096 1644 2156 locu

153 2188 315 2262 vossium,
339 2186 493 2247 Labbeum
517 2194 589 2247 tom.
612 2189 639 2260 T,
663 2206 731 2267 pag.
756 2189 824 2250 4744.
844 2198 875 2251 44
970 2184 1049 2258 (tit.
1064 2184 1145 2245 Pauli
1162 2187 1282 2246 Diaconi
1294 2185 1423 2246 Historia
1436 2189 1570 2249 Miscella
1582 2191 1642 2248 Lau

152 2281 220 2341 778.
247 2297 309 2358 seq.
344 2282 477 2341 Caveum
510 2282 646 2360 aliosque
679 2291 875 2360 praeteream.
929 2276 1086 2338 datissima
1116 2294 1133 2337 4
1165 2276 1251 2338 iusto
1273 2279 1520 2352 Teutanini,non
1546 2284 1642 2340 itema

155 2375 271 2450 Scripta
294 2373 376 2433 Pauli
390 2381 482 2433 sunt:
501 2373 640 2454 Epiiome
657 2371 804 2436 librorum
817 2378 873 2437 XX.
929 2370 1107 2440 4444440440.
1128 2369 1208 2429 edita
1231 2371 1363 2447 primum
1385 2371 1501 2435 Romae
1520 2374 1605 2435 4474.
1619 2377 1642 2432 44

155 2467 248 2526 Verrii
268 2466 373 2540 Flacci,
388 2466 495 2526 nobilis
506 2469 619 2526 veteris
635 2467 827 2528 Grammatici
842 2473 874 2547 a)
930 2464 957 2521 4.
978 2462 1078 2522 4444444
1101 2479 1188 2523 versa
1210 2462 1338 2524 habetur
1358 2464 1397 2525 ab
1417 2482 1574 2545 sunrrymn
1598 2469 1641 2527 Vt·

152 2558 187 2619 444
205 2555 366 2620 verborum
386 2559 619 2640 sacrificatione,
637 2560 658 2620 d
676 2564 769 2628 seaeio
788 2564 873 2623 Pom·
927 2555 1007 2614 416444
1028 2553 1115 2616 4444·
1138 2557 1166 2615 8·
1186 2573 1207 2614 a
1228 2555 1349 2616 1444444·
1366 2557 1442 2637 Epio
1467 2557 1511 2620 do
1534 2560 1637 2641 Spolato

151 2654 217 2732 pajo
232 2655 353 2716 FESTO
367 2654 429 2732 jam
448 2656 477 2713 iil
496 2653 665 2714 breviorem
684 2655 808 2717 formam
828 2674 874 2716 pe.
928 2647 966 2706 ib.
989 2649 1075 2708 itit.
1089 2648 1205 2709 844144.
1218 2648 1391 2710 Domeittclit'
1404 2653 1443 2711 44).
1461 2654 1551 2714 4548.
1564 2656 1640 2716 4558.

152 2746 319 2806 «laetorum.
342 2749 424 2808 lianc
447 2748 608 2824 epitomem
644 2749 749 2809 Carolo
770 2751 806 2809 ld.
830 2749 875 2809 di·
928 2741 957 2805 3.
979 2738 1089 2800 4444444)
1121 2741 1208 2802 44434.
1243 2742 1290 2803 iii.
1325 2761 1343 2802 a
1378 2745 1504 2820 (44444444
1542 2749 1642 2808 Tieion

153 2841 234 2898 eavit
257 2841 422 2917 praemissa
446 2840 601 2918 Epistola,
623 2843 711 2902 cuius
733 2841 805 2902 haec
826 2851 875 2902 est
931 2832 1021 2894 Uiii'iie
1043 2835 1121 2894 4849
1155 2836 1227 2895 442
1259 2837 1288 2895 in
1312 2837 1382 2911 46.)
1461 2923 1465 2928 ι

156 2933 328 3008 inscriptio:
356 2931 521 3008 Lorqitetis
547 2949 689 3005 munera,
723 2934 874 3012 supientia
970 2925 1168 2988 tionitortur
1189 2928 1221 3004 d)
1243 2937 1363 3007 praeter
1384 2949 1451 2994 rem
1484 2933 1606 2996 Alesiae
1621 2936 1641 3004 4)

151 3023 342 3105 potentieque
360 3023 551 3105 praefulgido
573 3025 696 3086 Domino
718 3026 792 3104 44494
817 3027 876 3090 Co·
930 3021 1101 3098 adscriptus
1121 3025 1138 3083 d
1161 3024 1333 3097 nonnullis,
1355 3026 1448 3086 Paulo
1470 3029 1499 3099 4)
1528 3029 1642 3088 tribuco

157 3113 231 3187 reio,
252 3115 598 3195 licqrtmsublimissr'mo.
619 3117 732 3180 Paulus
751 3118 876 3180 ultimas
931 3115 1007 3175 dum
1033 3133 1111 3194 opus
1132 3134 1168 3176 44
1191 3117 1386 3194 probatorum
1418 3121 1573 3183 Ecclesiae
1602 3123 1643 3181 lto

156 3207 305 3270 4444444444.
333 3213 373 3271 De
396 3210 577 3272 editionibus
599 3212 689 3272 liuius
711 3214 877 3291 epitomes,
932 3217 1055 3269 ciorum·
1073 3209 1333 3271 lucubrationibus
1351 3210 1444 3287 jussu
1461 3214 1558 3275 Caroli
1575 3218 1605 3275 ll.
1619 3215 1639 3270 44

157 3303 412 3383 reliquiarumque
435 3307 512 3365 Festi
535 3313 566 3364 44
589 3306 703 3381 Verrii,
720 3324 778 3366 non
795 3325 879 3385 repe·
934 3305 1136 3367 Ecclesiarum
1160 3321 1234 3366 usus
1249 3305 1380 3365 selectas
1394 3309 1588 3386 complexum
1602 3308 1637 3366 bo

158 3404 223 3457 tere
243 3407 291 3457 est
322 3400 442 3460 animus
469 3415 546 3476 quae
569 3398 629 3458 dixi
654 3399 702 3459 lib.
725 3401 772 3460 ll'.
806 3399 879 3459 llibl.
935 3398 1032 3457 milias
1054 3401 1082 3456 ln
1106 3399 1268 3472 Evangelia
1283 3401 1481 3463 Dominicalia
1498 3411 1636 3481 atquem-

123 3558 125 3563 ,
162 3492 285 3552 Latinae
306 3509 370 3572 cap.
394 3493 422 3552 6.
445 3492 820 3569 4444444444444144444444
841 3493 878 3552 de
935 3492 1120 3567 niversaria3
1141 3493 1223 3552 Tulit
1244 3500 1377 3553 aetatem
1402 3495 1544 3574 viditque
1562 3497 1635 3557 lucra

162 3585 192 3645 S.
215 3587 249 3647 E.
271 3603 335 3665 cup.
358 3586 404 3645 67.
424 3585 539 3647 Paulus
567 3585 618 3646 Vir
645 3584 748 3646 doetus
773 3584 882 3648 scribit
934 3586 1025 3644 variis
1048 3587 1077 3645 in
1098 3586 1172 3645 locis
1201 3594 1234 3645 ut
1265 3587 1370 3665 Spirae
1405 3589 1495 3649 4482.
1527 3588 1635 3650 Basileia

201 3799 227 3858 4)
243 3803 345 3850 sueton
362 3800 394 3850 de
412 3802 589 3850 Grammaticis
617 3813 674 3863 cap.
700 3800 739 3851 17.
758 3801 801 3851 ubl
821 3813 880 3850 eum
930 3801 1024 3861 cuipas
1039 3799 1188 3862 festivitati
1204 3801 1393 3850 conuenientes
1409 3814 1460 3864 por
1471 3802 1594 3852 4444444444
1605 3809 1636 3844 tt

153 3877 258 3934 augusti
286 3876 423 3936 nepotibus
453 3881 643 3938 praeceptorum
668 3874 778 3925 electum
795 3875 882 3926 41441444
930 3877 960 3924 ni
976 3876 1007 3924 in
1023 3875 1147 3925 Ecclesia
1165 3876 1457 3938 lepaedaaaompilari
1472 3877 1634 3940 steinalum

155 3946 263 3995 indicat.
932 3955 1059 4002 triacontas
1086 3953 1266 4014 Lugdunensis
1284 3955 1310 4002 in
1329 3952 1424 4002 librum
1451 3953 1601 4003 uomiturus
1613 3956 1637 3996 li·

201 4020 229 4078 b)
247 4022 354 4070 44444444
370 4022 401 4071 ad
418 4024 538 4084 sigebert.
556 4037 612 4086 cap.
628 4024 669 4074 84).
686 4025 717 4073 de
733 4027 758 4072 8.
775 4027 803 4072 44.
933 4031 983 4075 4444
999 4028 1059 4075 unul
1078 4038 1108 4075 44
1125 4026 1285 4076 diversorum
1303 4030 1409 4077 Petrum
1428 4029 1576 4078 tractatibus
1588 4021 1635 4073 4444

203 4092 231 4152 4)
251 4093 437 4145 Leo⁰0stieusls
453 4097 497 4146 lib.
516 4095 537 4146 l.
559 4109 615 4159 cap.
635 4097 673 4148 444.
691 4099 734 4147 ubl
763 4098 815 4145 duo
837 4109 884 4157 pro
935 4104 1078 4150 natumzln
1089 4101 1237 4150 thesaurum
1255 4099 1441 4151 anecdotorum
1458 4102 1579 4154 ltdmundi
1591 4100 1635 4146 Tit

159 4170 274 4229 quinque
291 4168 382 4218 libeliis
401 4172 479 4220 Paulo
497 4172 654 4222 tribuuntur.
932 4182 989 4224 tene
1004 4182 1030 4224 et
1047 4179 1128 4225 44444444
1147 4174 1250 4224 burand
1267 4181 1329 4225 tom.
1347 4179 1377 4225 v.
1393 4189 1453 4240 pag.
1468 4176 1525 4226 649.

204 4241 230 4301 44)
251 4241 311 4292 t'lde
327 4243 451 4303 Congium
469 4250 495 4295 ln
512 4246 559 4296 4444
576 4260 647 4296 4444.
947 4249 1093 4309 (iprudcns
1110 4249 1199 4308 lector,
1215 4254 1285 4300 vitae
1301 4253 1343 4300 eui
1360 4262 1423 4301 cum
1439 4254 1574 4315 percomis,

201 4316 226 4378 4)
244 4320 273 4364 Ut
289 4317 315 4364 ln
334 4319 448 4367 versione
464 4322 600 4381 lilspunica
622 4334 687 4382 quae
714 4321 798 4370 44444444
816 4322 884 4370 444144
946 4325 1047 4387 Perlege
1065 4331 1222 4387 praesentem
1238 4326 1354 4375 studioso
1369 4332 1473 4391 pectore
1490 4326 1628 4379 4444444444

158 4387 288 4439 valentiae
314 4389 384 4439 1552.
412 4391 453 4459 404.
477 4393 642 4441 Homlliurt'o
658 4394 816 4458 raeopiinrio
832 4407 883 4455 por
931 4403 1007 4448 Plura
1024 4400 1054 4448 da
1071 4399 1212 4462 hocopore
1231 4405 1255 4448 al
1272 4403 1352 4450 veteri
1381 4400 1516 4452 Theotisca
1533 4405 1580 4464 ejus
1593 4406 1633 4444 iti·

158 4464 279 4513 ,lleuinu
931 4475 1002 4524 sione
1019 4476 1045 4522 ti.
1063 4475 1089 4522 c.
1107 4479 1145 4524 to.
1161 4475 1283 4523 llenrleus
1294 4471 1309 4521 4
1322 4475 1412 4524 seeleu
1431 4479 1457 4526 lu
1475 4472 1633 4526 aelactlsllttt·

203 4541 229 4600 ij>
247 4539 390 4601 staebertus
417 4540 621 4601 Gemblseeusis,
640 4546 665 4592 ln
693 4544 819 4593 Chronico
840 4555 886 4593 nec
931 4559 980 4596 444.
999 4548 1126 4609 popm
1144 4552 1330 4609 seqandas.
1348 4544 1632 4600 ltoelerdetlbilotluti

161 4627 211 4663 nou
231 4615 381 4678 albericus,
395 4619 472 4666 trlum
490 4616 598 4664 ionilum
615 4617 751 4667 4144444444
771 4617 804 4666 ud
817 4622 845 4667 4.
858 4620 884 4666 C.
931 4624 1011 4671 Critoll
1029 4625 1061 4671 ll.
1078 4618 1176 4673 altdori
1189 4622 1288 4674 17474
1309 4623 1332 4686 s
1349 4624 1374 4672 6.
1390 4626 1483 4679 simile
1498 4637 1562 4689 opus
1575 4626 1598 4673 it
1609 4618 1633 4666 lt·

157 4688 212 4738 ⁸⁰⁷·
229 4700 289 4752 uis·
307 4688 361 4740 444-
380 4699 441 4741 tom·
457 4692 481 4739 ⁹·
499 4691 638 4741 occasion·
655 4690 835 4741 historicorum
853 4693 886 4742 ¹¹·
931 4703 1027 4752 4444444
1051 4697 1199 4763 spirituas
1223 4699 1313 4749 444444
1335 4701 1480 4753 nomiman
1496 4705 1524 4753 a
1539 4695 1631 4749 44444

159 4764 243 4812 lustris
259 4764 400 4816 Lelbnltli:
417 4764 541 4816 1444444444
559 4764 709 4826 Imperare.-
723 4777 773 4826 per
787 4777 885 4814 munira
929 4774 1041 4826 nearest.
1057 4782 1169 4836 receptas
1186 4787 1215 4824 01
1231 4776 1348 4835 antiquis
1364 4773 1494 4825 4444444444
1506 4769 1630 4825 muntii!

159 4835 428 4891 nantiniacus!
442 4842 586 4902 decerpens
603 4839 707 4902 optimu
720 4850 837 4901 quaeque
853 4840 885 4888 de
931 4851 1030 4912 44414444
1047 4849 1176 4911 ediditque
1195 4849 1273 4896 444444.
1291 4847 1387 4898 Suriua
1404 4848 1493 4899 coion.
1512 4848 1574 4898 15446.
1587 4842 1619 4892 ul.

159 4909 268 4970 seriptis
296 4916 493 4964 catholicorum
519 4916 652 4976 Patrem,
679 4915 807 4964 lectiones
825 4916 884 4963 44444-
