3630 5422
758 232 979 296 rricius

129 341 219 404 446334
231 346 262 402 34
272 339 451 420 Hieronymi.
464 337 553 402 Paris.
568 335 654 403 4681.
669 337 845 403 secatum.

168 435 264 514 Opera
282 435 320 496 ab
337 435 525 515 4636336613
541 451 681 516 maguum
699 436 774 496 satis
790 451 845 498 nu·

130 546 246 591 merum
265 528 410 609 implent,
428 545 483 591 nos
504 531 621 592 initium
646 529 790 592 iaciemus
807 528 845 591 ab

129 625 295 702 impressis.

170 721 198 781 1.
215 719 345 780 Primum
365 717 462 780 locum
480 725 607 799 occupet
627 717 729 783 Versio
751 720 844 782 totius

129 814 302 892 scripturae
316 813 424 874 Sacrae
439 815 466 874 46
480 813 610 892 linguam
625 813 795 893 Anglicam,
806 831 845 876 ex

127 906 254 986 Vulgata
274 907 413 967 versione
431 915 571 986 suscepta
588 952 595 982 ,
612 907 701 986 cuius
717 907 845 969 Codices

126 1017 186 1061 666
209 1001 294 1079 66634
316 1002 345 1061 46
368 1000 557 1063 4446146463343
581 1001 706 1082 hugliao
727 1003 843 1080 latent,

127 1094 238 1155 mirum
257 1109 329 1155 vero
346 1101 412 1172 634,
430 1095 544 1176 Aug'los
560 1112 626 1157 eam
644 1103 706 1158 tam
724 1093 774 1159 diu
794 1115 845 1158 ne-

125 1187 276 1267 glexisse,
292 1205 385 1267 quum
403 1188 450 1250 vel
467 1189 586 1268 linguae
599 1205 708 1251 caussa
724 1191 797 1270 ipsis
813 1191 841 1253 in

125 1283 221 1361 pretio
238 1297 305 1340 esse
322 1281 440 1343 debeat.
454 1285 562 1346 Nostro
577 1291 711 1363 tempore
731 1286 774 1345 lo.
791 1286 845 1346 Le·

124 1374 185 1435 wis
197 1373 312 1436 Nonum
322 1375 534 1438 Testamentum
547 1377 640 1438 edidit
650 1377 742 1440 lond.
756 1383 768 1442 4
774 1379 845 1443 434.

125 1467 175 1530 464.
200 1485 270 1530 cum
297 1470 501 1548 praelatione,
519 1487 596 1551 6633
621 1474 754 1535 notitiam
778 1492 846 1536 rer·

124 1565 243 1625 sionum
270 1563 461 1642 anglicorum
489 1565 621 1627 exbibet.
647 1568 762 1629 Evolve
787 1572 846 1633 646-

125 1659 236 1719 moires
253 1657 291 1716 de
306 1659 446 1720 Treroux
463 1661 551 1722 4733.
569 1677 597 1740 p.
614 1660 772 1724 34814461.
789 1667 846 1726 rai·

125 1751 421 1812 3666634664414.
449 1769 478 1831 p.
496 1753 564 1814 479.
592 1755 635 1816 446
662 1772 696 1816 63
724 1773 843 1837 666663

124 1851 219 1926 egunt
237 1843 330 1905 llenr.
346 1845 531 1909 whartonus
547 1849 575 1908 in
590 1848 731 1910 ductario
748 1851 784 1912 ad
801 1852 844 1912 hi-

123 1941 246 2000 storiam
261 1937 458 2018 dogmaticam
477 1938 514 2001 de
531 1943 690 2022 scripturis
703 1951 734 2004 et
749 1949 844 2009 sacris

125 2034 313 2110 vernaculis,
331 2034 394 2094 433.
412 2034 440 2095 43
459 2036 546 2115 Long.
568 2038 596 2097 iu
615 2037 689 2099 44461.
711 2055 794 2102 33363
814 2049 845 2104 34

125 2128 183 2190 3144.

164 2221 405 2305 anteaquam
434 2218 508 2287 tart
532 2227 584 2288 IV.
612 2225 698 2289 4585.
723 2226 754 2290 4.
779 2229 843 2290 3463

126 2318 280 2379 mentione
311 2319 387 2399 1634,
415 2321 547 2382 44336333
578 2319 714 2401 prodisse
745 2321 844 2403 placet

123 2411 271 2475 Fabricio.

170 2511 198 2570 3.
217 2506 360 2570 0314646666
381 2507 513 2589 44443464,
530 2511 594 2571 sire
617 2510 777 2575 Tractatus
804 2512 841 2578 de

125 2603 322 2664 Sacramenta
340 2603 513 2678 4143643,46
534 2620 593 2682 quo
618 2604 840 2669 ’46363663436-

122 2695 204 2756 443446
217 2703 276 2757 tam
290 2697 576 2775 ascripturo,quam
590 2698 775 2776 Philosophia
789 2718 840 2780 op·

124 2798 286 2873 pugnetur.
297 2791 428 2854 liorimb.
443 2789 778 2855 lucubrantem.
792 2795 840 2857 42.

163 2888 191 2947 4.
211 2887 369 2948 Praetatus
384 2883 601 2948 duoaduersus
625 2887 750 2949 Fratres
761 2905 839 2950 6636

119 2983 276 3058 diceutes,
310 2981 398 3062 Aegl.
433 2997 486 3060 per
519 2981 707 3056 damasium,
742 2981 840 3046 Oxon.

157 3171 186 3233 5.
205 3167 378 3252 aphorismi
393 3169 413 3231 4.
427 3166 558 3231 Articuli
574 3166 770 3248 Wicleviani,
785 3187 839 3249 por

114 3264 160 3327 Jo.
179 3267 292 3327 Porum
311 3264 437 3341 Argunt.
455 3264 543 3329 4554.
562 3265 590 3324 8.

158 3361 186 3422 6.
219 3358 370 3442 Confessio
400 3356 488 3440 fidei,
521 3363 586 3419 sire
622 3357 837 3421 conclusiones

117 3455 225 3519 xvltl.
254 3457 284 3515 iu
313 3453 434 3532 Synedo
464 3453 666 3515 Lambethano
693 3469 720 3514 a.
748 3453 838 3517 4344.

116 3549 286 3624 exhibitae,
308 3547 386 3628 apud
410 3549 523 3610 Poxum
547 3549 576 3608 in
598 3548 770 3608 Communi.
792 3565 838 3610 re·

117 3661 186 3707 ruru
202 3643 319 3705 Eccles.
333 3642 431 3717 illasii.
447 3639 535 3705 4563.
550 3639 608 3722 iol.)
625 3649 699 3722 part.
718 3645 746 3705 4.
763 3661 793 3723 p.
807 3643 836 3707 8.

157 3737 186 3799 7.
203 3733 335 3822 Epistola
353 3736 388 3798 36
410 3736 561 3800 Urbanum
580 3738 687 3818 Papam
704 3738 836 3801 31384.

117 3834 187 3897 ibid.
206 3852 233 3915 p.
253 3833 299 3894 46.

902 337 1120 420 dominicales,
1149 343 1290 425 hegliee,
1320 346 1559 416 Commentarius
1591 354 1622 418 in

901 436 1036 501 Psalmos
1053 443 1082 500 et
1097 437 1174 503 alies
1190 439 1311 522 hymnos
1328 442 1567 513 ecclesiasticos.-
1584 450 1621 517 de
1706 439 1709 448 ’

899 532 1026 596 veritate
1042 535 1072 596 S.
1089 534 1285 616 scripturae:
1307 536 1343 600 63
1356 542 1488 621 peccatis
1506 552 1617 612 morte·

900 623 997 690 libus:
1014 626 1049 690 de
1069 626 1153 691 346444
1170 629 1319 693 dominio:
1338 631 1546 714 Confessienes
1578 641 1622 706 bi·

899 739 955 783 633
971 720 1007 782 63
1023 723 1217 784 Sacramenta
1234 722 1362 788 ulteris·
1377 725 1413 790 63
1428 729 1491 792 uita
1507 735 1615 798 Sacer·

900 813 1018 877 dotum:
1036 814 1070 878 63
1088 815 1195 897 rapula
1212 819 1242 881 S.
1259 819 1420 886 Praecisci
1428 845 1437 884 .·
1460 825 1618 910 4436634446

900 907 1033 992 symboli
1048 908 1225 992 apostolici,
1249 912 1390 996 Decalopi
1411 928 1440 980 et
1462 919 1620 992 4466446643

900 1003 1090 1068 Domim‘cae:
1113 1007 1148 1068 63
1162 1003 1378 1072 abominatione
1405 1010 1435 1072 46
1461 1010 1522 1076 4636
1550 1036 1620 1083 aaa·

900 1103 959 1162 clo.-
975 1097 1135 1181 Spcculum
1148 1099 1336 1164 secularium
1357 1105 1571 1177 Dominarum:
1585 1117 1621 1180 63

898 1192 1073 1276 fundatione
1095 1193 1209 1257 Pseudo
1223 1194 1383 1278 fratrum:
1400 1199 1436 1263 63
1455 1201 1574 1270 christo
1591 1217 1622 1273 et

900 1286 1096 1350 Antichristo:
1111 1287 1147 1351 63
1171 1292 1384 1357 contrarietate
1409 1295 1538 1362 derorum
1569 1302 1620 1366 66-

901 1383 1070 1444 mr'norum:
1092 1383 1127 1446 de
1149 1383 1341 1448 citationibus
1355 1387 1477 1471 friuolis
1498 1403 1527 1457 34
1550 1396 1621 1463 aliis

900 1476 1044 1540 versutiis
1063 1477 1260 1546 Autrsscdristi:
1283 1481 1441 1563 Speculum
1467 1487 1619 1554 Ecclesiae

901 1567 1077 1642 militantis,
1094 1573 1197 1635 etalio
1215 1574 1302 1653 longe
1322 1577 1419 1655 plura.

942 1665 986 1725 Ex
1010 1664 1056 1726 his
1077 1666 1174 1729 titulis
1205 1670 1429 1749 conspicimus,
1459 1675 1617 1742 chlelum

902 1757 994 1820 luisse
1026 1761 1124 1820 virum
1154 1777 1273 1823 summo
1304 1765 1423 1842 ingenio
1449 1773 1482 1829 34
1506 1769 1619 1849 judicio

900 1848 1088 1928 praeditum,
1104 1853 1203 1933 quise
1220 1871 1277 1914 666
1297 1855 1389 1938 abripi
1407 1877 1517 1940 passus
1533 1871 1582 1926 334
1600 1881 1618 1930 3

900 1943 1032 2005 tenebris
1050 1942 1128 2007 illius
1145 1945 1239 2008 seculi
1252 1993 1260 2017 .
1275 1947 1328 2010 366
1345 1952 1396 2030 664
1412 1949 1555 2034 singulari
1573 1975 1619 2020 re-

901 2054 967 2098 rum
996 2039 1131 2100 omnium
1158 2042 1367 2121 perspicientia
1395 2050 1617 2129 corruptionem

899 2131 1052 2193 doctrinae
1068 2136 1100 2194 et
1118 2133 1197 2195 vitae
1224 2137 1374 2213 cognitam
1402 2137 1516 2204 habuit.
1540 2143 1618 2208 lliuc

900 2243 988 2305 opera
1003 2224 1070 2305 ejus
1084 2227 1197 2308 aliquot
1214 2229 1417 2295 voluminibus
1431 2235 1615 2316 conjunctim

898 2320 987 2381 edere
1002 2320 1152 2383 debebant
1165 2319 1272 2402 Angli,
1288 2341 1386 2405 63663
1402 2327 1482 2390 6663
1497 2336 1615 2396 tantum

899 2413 1074 2477 thesaurum
1092 2415 1154 2477 orbi
1172 2416 1334 2480 christiano
1346 2426 1379 2481 et
1393 2426 1490 2487 363464
1506 2429 1616 2506 puriori

897 2507 1011 2571 diutius
1029 2508 1176 2572 invidere.

940 2601 958 2640 ¹*
976 2604 1068 2665 Juvat
1082 2602 1132 2666 hic
1146 2619 1199 2666 eos
1217 2605 1342 2670 recitare
1364 2589 1531 2676 libellorum
1549 2613 1617 2680 Wl-

896 2693 1006 2757 cLEFl
1029 2697 1148 2775 titulos,
1170 2716 1207 2761 ex
1229 2701 1339 2781 quibus
1366 2703 1525 2787 decerptae
1541 2717 1614 2773 sunt

896 2789 1002 2869 impiae
1033 2793 1099 2853 3463
1130 2796 1314 2856 assertiones
1345 2797 1383 2860 36
1416 2804 1615 2867 universitate

894 2882 1057 2945 Oronicnsi
1078 2887 1108 2946 in
1130 2887 1262 2968 Epistola
1284 2889 1321 2952 ad
1342 2893 1612 2978 llrcbiepiscopum

895 2978 1144 3042 cantuariensem
1170 2983 1290 3063 vulgata
1311 3003 1327 3048 a
1352 2989 1481 3051 Willins
1498 2993 1615 3057 concil.

894 3072 1006 3133 1464436.
1028 3074 1112 3134 Tum.
1127 3075 1166 3136 444
1185 3093 1250 3156 pag.
1267 3078 1325 3142 339
1343 3089 1400 3143 343.
1417 3099 1544 3148 3663663
1563 3105 1616 3148 no·

895 3171 985 3226 43433.
1007 3165 1094 3228 liber
1119 3169 1283 3250 inscriptus
1305 3170 1341 3235 63
1362 3191 1497 3240 sermone
1518 3179 1619 3241 Domi·

893 3257 977 3320 6446
997 3265 1092 3323 monte
1114 3262 1191 3324 Libri
1215 3264 1253 3326 444
1274 3282 1403 3346 quorum
1430 3273 1540 3335 tertius
1569 3280 1618 3335 est

894 3352 931 3415 63
953 3352 1138 3416 Antichristo
1159 3355 1297 3421 4633463
1318 3363 1472 3440 41366446
1494 3364 1549 3428 hoc
1566 3365 1619 3429 de·

894 3453 1049 3529 promptae
1071 3455 1144 3511 sunt
1163 3448 1204 3514 74
1226 3451 1395 3517 6366344333
1422 3460 1616 3522 assertiones.

895 3542 1039 3604 Libellum
1069 3543 1107 3605 de
1130 3544 1312 3624 perfectione
1334 3555 1470 3615 statuum
1494 3571 1531 3615 ex
1556 3569 1617 3634 quo

893 3645 1052 3719 excerptae
1073 3646 1146 3702 sunt
1176 3641 1215 3704 33
1247 3643 1399 3707 haereses.
1422 3648 1553 3711 libellus
1575 3647 1613 3710 63

892 3734 995 3797 666463
1017 3733 1205 3813 Christiane,
1222 3753 1260 3799 ex
1277 3756 1337 3820 quo
1355 3741 1403 3803 13.
1416 3742 1556 3824 Dialogus
1571 3760 1610 3805 ex

893 3848 952 3911 quo
974 3830 1020 3894 35.
1036 3835 1183 3896 tractatus
1204 3834 1221 3896 3
1243 3831 1280 3894 63
1301 3840 1365 3896 3646
1383 3837 1556 3918 sophistica,
1572 3855 1611 3900 ex

158 3931 186 3990 8.
206 3931 386 4008 Responsum
403 3929 439 3990 36
458 3927 638 3992 llicbardum
656 3931 768 4009 Regem
787 3947 836 3994 on.
889 3944 949 4007 666
969 3925 1019 3988 20.
1051 3927 1095 3987 lle
1116 3926 1247 3987 dominio
1267 3929 1348 3990 cirili
1370 3929 1422 3993 lib.
1444 3932 1472 3994 3.
1494 3929 1533 3994 66
1554 3947 1615 4011 666

117 4022 206 4087 tarr.
224 4021 344 4104 dejure
361 4023 449 4102 Ee'pis
463 4029 492 4086 et
507 4026 627 4106 Papae,
646 4023 766 4084 ibidem.
893 4020 1105 4083 43.·4’63343463
1126 4017 1296 4083 6344466646
1319 4028 1349 4085 64
1369 4023 1512 4089 membris
1536 4026 1617 4104 eius,·

155 4117 186 4180 9.
201 4115 371 4179 declaratio
385 4116 458 4198 fidei
468 4134 560 4193 suae,
575 4125 606 4178 et
624 4114 834 4181 correlusiones
891 4114 929 4174 de
946 4131 1006 4193 666
1024 4117 1052 4176 5.
1069 4116 1111 4177 443
1128 4114 1288 4177 donatione
1310 4117 1476 4190 caesarca,
1497 4119 1535 4182 dc
1552 4138 1613 4201 666

111 4211 585 4294 pluresepudii'alsiughamum
602 4210 637 4273 ad
655 4229 682 4272 a.
702 4211 836 4274 illicet
891 4207 1033 4271 haereses
1066 4207 1115 4270 14.
1150 4207 1239 4272 44636
1269 4213 1481 4294 responsorius
1501 4213 1544 4278 aa
1562 4231 1614 4276 ar-

117 4311 291 4386 sequentes.
302 4307 335 4367 ln
349 4304 395 4366 his
412 4306 569 4385 impressis
579 4308 719 4387 precipue
730 4305 836 4367 Wher·
888 4310 1030 4387 66663646
1050 4303 1189 4367 64666344
1206 4303 1242 4368 643
1261 4303 1384 4388 861436;
1401 4307 1439 4369 63
1461 4326 1521 4388 666
1539 4307 1610 4370 boe·

117 4408 223 4463 tonum
242 4407 367 4464 secutus
385 4417 465 4464 snm.
892 4415 975 4462 reses
991 4400 1019 4461 4.
1042 4395 1131 4461 Liber
1146 4399 1356 4482 responsorius
1372 4399 1415 4462 66
1426 4407 1608 4482 argumenta

156 4495 288 4558 Plurima
298 4495 413 4558 Wiclell
428 4496 520 4557 nestri
538 4501 610 4558 sunt
625 4493 745 4569 inedita,
758 4512 835 4576 quae
891 4491 1060 4571 sarnacum
1076 4493 1188 4573 63666
1205 4495 1232 4555 3.
1250 4492 1377 4558 Libellus
1399 4493 1435 4556 cic
1456 4494 1614 4578 consessio«

116 4591 145 4652 iu
160 4590 352 4652 bibliothecis
364 4591 489 4671 Angliae
507 4592 660 4666 letent,et
682 4608 698 4653 3
714 4592 835 4668 Eulaeo,
891 4606 947 4665 63,
964 4588 1001 4652 63
1023 4607 1082 4670 666
1103 4587 1132 4651 5.
1152 4587 1189 4652 63
1208 4587 1351 4652 vasallis
1365 4587 1558 4652 Pseadecleri
1569 4607 1612 4654 33

116 4682 234 4749 066463
250 4689 280 4744 34
295 4685 443 4766 catalogis
459 4685 592 4767 huglicis
608 4704 715 4766 magno
730 4703 836 4749 nume·
891 4702 949 4768 pue
971 4684 1000 4747 4.

117 4797 149 4842 66
176 4780 387 4860 proferuntur,
408 4780 487 4844 unde
514 4781 662 4862 quaedam
691 4779 836 4844 delibabo.
931 4780 1083 4854 Quantum
1112 4795 1183 4842 vero
1204 4797 1242 4842 ex
1263 4777 1311 4840 his
1332 4781 1484 4860 excerptis
1505 4779 1611 4843 intelli·

119 4875 357 4938 commcutartus
386 4875 418 4935 ia
446 4873 595 4958 Epistulas
621 4881 648 4938 et
671 4875 836 4958 Eeanpeiia
892 4876 1012 4956 gimus,
1033 4873 1105 4936 nihil
1130 4875 1193 4936 viro
1214 4874 1330 4951 iuerat,
1348 4891 1385 4937 ex
1408 4873 1544 4954 quesibi
1567 4875 1612 4935 in-

119 4969 207 5032 totius
224 4967 300 5032 cuni
310 5013 318 5044 ,
333 4971 435 5033 Latine
450 5015 457 5050 ,
474 4969 631 5052 4436634446
647 4969 679 5033 in
691 4970 840 5055 Epistulas
900 4969 984 5050 signe
1007 4967 1078 5032 illud
1095 5012 1102 5048 ,
1119 4987 1181 5051 666
1211 4988 1228 5033 3
1259 4969 1486 5035 84644646333646
1511 4973 1613 5032 663466
