3368 5362
394 251 397 258 ,
654 184 656 188 ’
745 190 1048 253 OUBARBUS
1586 196 1644 259 449

181 298 282 359 titulus:
306 294 482 358 Philomelae
503 314 586 372 oooc,
609 303 726 357 ceritum
746 296 871 358 diserto-
925 298 994 359 dem
1017 299 1046 356 in
1067 296 1232 376 appendice
1253 298 1290 357 ad
1314 300 1426 359 calcem
1451 301 1529 362 illius
1556 301 1644 365 Volu-

182 409 232 450 roor
251 388 393 451 laminam
410 390 486 472 stylo
504 389 727 465 commendato,
743 398 774 452 et
791 393 870 470 quod
926 394 1016 452 minis
1034 392 1050 452 e
1067 393 1279 468 manuscriptis
1297 393 1486 468 Florentino,
1501 393 1643 456 Vaticano

181 486 293 563 praemisi
308 486 446 546 Nobiliss.
460 484 574 547 Alberti
586 485 686 546 lacobi
699 485 783 546 Zelsii
803 503 871 564 poe·
925 490 957 544 et
977 484 1174 545 Ambrosiano
1196 501 1261 562 pag.
1284 485 1332 544 35.
1354 492 1386 543 et
1407 487 1454 546 54.
1473 488 1577 548 Latine
1593 505 1645 549 au·

182 577 870 658 uatibusvernaculiealeditisHamburgil7358.
924 585 986 638 tem
1009 594 1046 636 cx
1069 580 1208 636 versione
1230 576 1360 636 Danielis
1382 577 1557 641 Cerdonis.
1576 583 1642 660 Rp

210 670 395 733 OUBARBUS
422 674 487 732 sive
518 672 729 748 OUBARIUS,
751 671 789 734 de
811 691 870 752 quo
925 672 984 730 395
1006 677 1037 731 et
1067 671 1134 732 334.
1166 670 1323 730 Ammonis
1355 683 1474 748 quoque
1504 674 1642 752 Episcopi

182 761 308 826 Gesnerus
327 768 357 826 in
375 765 539 844 appendice
552 766 626 827 Bibl.
644 773 675 827 et
688 785 727 828 ex
742 784 777 828 eo
794 768 871 828 Sim·
925 764 1089 842 Epistulam
1111 761 1171 838 arpi
1197 762 1251 831 Bia
1277 763 1405 843 panaria
1426 759 1478 823 rai
1496 761 1644 832 πολιτείας

182 855 258 916 lorus:
279 857 432 919 Oodnrius
452 857 638 921 comitatinos
653 867 778 935 notior,
796 861 871 922 scri-
925 854 1081 938 Παχωμίκ
1100 857 1149 916 καὶ
1163 854 1308 927 prosopa,
1325 859 1502 919 eHanuscr.
1525 860 1644 921 Floren-

179 949 225 1027 ytt'l
238 949 390 1026 distortos,
413 952 445 1011 io
464 951 574 1032 quibos
595 939 732 1015 Avantici
750 957 870 1032 4444144-
926 953 989 1010 tino
1010 953 1122 1011 Graece
1144 951 1179 1010 ad
1199 952 1312 1011 calcem
1331 952 1444 1011 Volum.
1463 970 1529 1031 pag.
1547 955 1596 1014 63.
1612 963 1644 1015 et

184 1041 265 1104 tiorum
285 1045 371 1106 hodie
392 1046 490 1125 oppidi
515 1065 572 1107 non
594 1049 697 1127 procul
720 1049 869 1128 Friburgo,
925 1045 1029 1104 Latine
1051 1062 1107 1123 pag
1139 1043 1206 1104 347.
1229 1045 1282 1119 Cui
1305 1045 1470 1122 praemissa
1496 1047 1643 1123 quaedam

183 1133 233 1195 olim
257 1140 372 1217 amplae
402 1148 433 1199 et
466 1141 626 1218 opulentae
657 1143 804 1215 Civitatis)
830 1141 869 1202 ab
922 1139 966 1195 ἐκ
978 1142 1035 1197 τῶν
1047 1127 1170 1195 ἐντολῶν
1186 1133 1221 1196 τὲ
1237 1136 1403 1217 flegmata,
1420 1138 1508 1217 cujus
1524 1143 1642 1218 generis
1677 1189 1681 1193 .

182 1225 324 1292 4444444444
344 1232 459 1294 oostoti
483 1233 655 1295 mentionem
671 1233 756 1315 facit.
775 1238 868 1312 (laem
925 1241 997 1291 sunt
1017 1233 1130 1292 monito
1159 1230 1333 1311 spiritualia
1355 1232 1505 1292 Pachumii
1525 1251 1571 1295 ex⁴
1583 1237 1643 1296 Ha-

183 1319 326 1384 dilatoria
342 1342 400 1386 roo
419 1324 533 1388 roomo
552 1325 783 1389 AEmiliusinior
802 1330 870 1408 pri·
924 1342 1025 1385 uuscr.
1061 1326 1171 1387 Aldino
1216 1329 1319 1386 Latine
1352 1325 1430 1385 edita
1465 1329 1483 1386 a
1518 1324 1646 1389 Gerbar-

181 1424 419 1480 mttooutrmoat.
922 1417 960 1477 do
991 1420 1095 1479 Vossio
1127 1422 1155 1478 in
1198 1418 1360 1498 appendice
1388 1418 1425 1479 ad
1467 1420 1642 1498 Gregorium

205 1510 312 1584 outo,
334 1514 400 1574 sive
420 1514 541 1600 0NNQ,
557 1516 671 1576 Frislus
684 1557 691 1588 ,
705 1515 867 1578 Monachus
923 1504 1180 1589 Thaumaturgum
1204 1530 1231 1589 p.
1256 1512 1322 1572 438.
1357 1514 1526 1590 Moguutiae
1548 1513 1637 1574 4684.

177 1598 388 1668 loutauellensis
410 1607 537 1668 traditur
551 1609 636 1670 circa
657 1608 691 1668 Α.
711 1608 778 1669 tto.
796 1611 868 1670 scri·
925 1603 951 1662 i.
974 1605 1143 1682 lucipiunt:
1166 1605 1289 1664 Honora
1311 1605 1435 1679 lilium,
1464 1609 1493 1665 et
1517 1604 1640 1668 4444644.

173 1696 248 1768 444444
267 1696 304 1758 de
326 1700 442 1759 visione
474 1699 605 1761 Radbodi
627 1701 739 1761 Frisiae
759 1702 867 1781 Regis,
924 1696 1067 1757 Tabulam
1090 1714 1214 1758 aeneam
1234 1698 1363 1758 instituti
1385 1692 1538 1759 monastici
1553 1717 1642 1778 regu-

172 1786 291 1868 444ρί44
311 1792 368 1852 An.
392 1793 450 1853 693
477 1792 544 1854 697.
578 1794 670 1866 victi,
690 1801 721 1854 et
742 1794 780 1856 de
802 1795 868 1856 bor·
922 1789 967 1850 las
988 1790 1240 1868 complectentem
1264 1790 1421 1850 PacHomio
1443 1791 1583 1853 traditam
1604 1793 1641 1855 ab

168 1882 243 1944 reuda
262 1887 329 1945 eius
351 1892 457 1947 morte.
477 1886 551 1947 Vide
572 1885 736 1947 Sullridum
767 1890 866 1966 Petri,
921 1883 1036 1962 Augelo
1060 1890 1162 1943 narrat
1185 1883 1336 1944 Palladius
1357 1887 1385 1942 in
1415 1885 1556 1944 Lausiaca
1576 1901 1641 1963 cap.

165 1976 347 2040 possevinum
368 1987 400 2040 et
420 1981 561 2042 Vosslum
582 1980 619 2042 ll.
641 1982 688 2041 86.
711 1997 775 2060 pag.
797 1983 864 2043 374.
922 1977 969 2037 38.
990 1985 1021 2037 et
1041 1986 1254 2055 argumentum
1276 1975 1344 2054 ejus
1366 1977 1466 2037 refert.
1488 1978 1563 2039 Bam
1580 1977 1640 2038 Au·

194 2064 322 2132 loomim
342 2069 378 2132 de
404 2072 612 2135 OXENEDES
637 2073 748 2151 anglus
766 2077 866 2136 Hona·
919 2071 983 2150 gelo
1004 2071 1135 2131 dictante
1157 2070 1295 2132 didicisse
1317 2071 1493 2132 Pacbonrius
1513 2071 1641 2134 traditur

157 2163 228 2225 obus
248 2165 278 2226 S.
309 2165 462 2227 Benedicti
484 2167 521 2227 de
553 2168 661 2229 Hulmo
683 2170 749 2228 sive
781 2170 866 2230 Ulmo
922 2165 1060 2224 similiter
1093 2167 1121 2223 in
1153 2166 1358 2244 Martyrologio
1391 2165 1474 2224 Rom.
1504 2168 1552 2227 44.
1572 2166 1639 2246 Haj.

156 2257 238 2336 ouius
248 2256 395 2320 Chronica
411 2260 450 2321 ab
466 2260 598 2321 adventu
616 2263 728 2321 Horsae
743 2268 775 2322 et
792 2264 868 2323 Hen-
923 2257 1032 2318 Prodiit
1065 2261 1155 2318 etiam
1188 2251 1310 2335 saepius
1343 2257 1498 2319 Pachumii
1528 2258 1643 2339 Regulo

152 2351 217 2429 gisti
248 2352 405 2414 Saxonum
436 2355 465 2413 iu
493 2357 676 2415 Britanniam
708 2355 745 2415 ad
779 2356 814 2415 Α.
835 2354 866 2415 C.
923 2350 1040 2410 uberior
1064 2353 1187 2426 Latine,
1209 2368 1300 2428 quam
1321 2351 1359 2411 ab
1374 2358 1496 2412 auctore
1511 2354 1641 2431 primum

149 2444 236 2506 4833
260 2445 366 2506 multis
393 2444 431 2506 de
464 2446 635 2507 laudatione
656 2454 688 2508 et
717 2448 868 2509 dotatione
923 2446 1064 2522 scriptam
1082 2443 1432 2523 AEgyptiacosermone,
1450 2444 1558 2504 deinde
1574 2462 1641 2507 ver-

149 2537 241 2598 istius
261 2540 434 2599 Honesterii
455 2546 555 2606 exstat
575 2543 722 2603 Hanuscr.
744 2542 774 2602 iu
796 2538 877 2602 Bibl.
923 2551 987 2597 sam
1009 2537 1141 2610 Graece,
1165 2545 1196 2598 et
1217 2538 1233 2598 e
1254 2538 1366 2597 Graeco
1387 2535 1424 2596 ad
1447 2537 1561 2598 Silvani
1582 2538 1641 2598 Ho-

148 2630 867 2713 Gottoniana,utjamnotatumOudinot.3p.968.
923 2631 1008 2691 uachi
1041 2647 1146 2709 preces
1179 2632 1282 2690 Latine
1314 2628 1502 2690 redditama
1529 2631 1640 2692 Sancto

183 2721 319 2784 Ioannes
333 2723 542 2786 OXRAGGUS.
561 2724 632 2803 Sup.
652 2727 873 2805 t.1v.p.395.‘
923 2727 1122 2802 Hieronymo,
1144 2725 1234 2784 nolim
1257 2724 1392 2784 inficiari·
1413 2724 1530 2785 Primus
1546 2723 1641 2787 edidit

183 2815 338 2877 chricrra
358 2817 479 2894 OYTA,
501 2835 592 2898 supra
613 2826 635 2879 t.
658 2820 688 2878 3.
706 2835 773 2899 pag.
795 2821 865 2883 340.
918 2818 1051 2879 Achilles
1074 2818 1189 2879 Statius
1210 2819 1320 2879 Romae
1343 2816 1433 2878 4575.
1452 2816 1560 2881 deiude
1587 2821 1640 2881 Pe-

917 2917 985 2971 trus
1006 2913 1170 2972 Ciaccouus
1194 2911 1261 2972 ibid.
1286 2911 1373 2971 l588.
1389 2913 1464 2972 Hinc
1479 2911 1638 2974 Bibliothe-

383 3012 385 3019 ‘
765 3000 771 3012 '
917 3020 970 3064 cae
1000 3007 1121 3065 Patrum
1154 3005 1352 3079 collectores,
1384 3013 1475 3084 atque
1506 3006 1638 3068 editores

323 3069 535 3168 LlBER
572 3071 692 3170 XV
918 3097 1051 3176 Operum
1073 3099 1198 3158 loannis
1215 3100 1360 3160 Cassiani.
1378 3100 1440 3160 Non
1459 3099 1536 3160 banc
1551 3099 1639 3161 modo

919 3192 1063 3270 Regulam
1085 3209 1153 3252 cum
1176 3192 1348 3269 Hieronymi
1370 3193 1563 3270 praelatione,
1584 3193 1639 3255 sed

184 3316 233 3415 G
919 3288 1009 3344 etiam
1032 3283 1186 3345 4444444444
1204 3283 1444 3364 Epistolorquas
1461 3284 1638 3355 Gennadius

234 3370 787 3437 uilalmmdePdGHBNTONlSsive
805 3378 867 3438 ΡΑ·
920 3386 1085 3453 memorat,
1118 3386 1149 3438 et
1182 3378 1284 3453 plures
1314 3379 1404 3437 etiarn
1433 3377 1639 3439 4144444444-

141 3464 408 3540 minatorem,
430 3483 522 3545 supra
543 3475 564 3529 t.
587 3469 604 3529 3
626 3487 657 3548 p.
677 3471 746 3532 448.
920 3479 1049 3532 moratas
1062 3473 1164 3532 Latine
1180 3489 1218 3532 ex
1237 3471 1482 3548 interpretatione
1499 3468 1636 3546 ejusdem

182 3561 375 3623 PAGHINUS
395 3561 489 3623 ictus
511 3563 692 3638 Perusinus,
714 3562 750 3624 ad
775 3580 865 3641 quern
919 3566 1093 3644 Hieronymi
1114 3567 1251 3627 servavit
1271 3563 1453 3626 Benedictus
1484 3563 1638 3624 Aniauea·

142 3655 280 3733 Epistola
301 3653 472 3714 Guiuilortii
494 3654 617 3714 Barzizii
635 3655 670 3716 Α.
689 3655 777 3717 4438.
795 3656 865 3718 data
919 3660 979 3727 sis,
1001 3661 1052 3735 qui
1071 3660 1190 3720 saeculo
1207 3657 1259 3718 lX.
1276 3657 1404 3732 claruit,
1423 3659 1452 3715 in
1472 3655 1637 3719 Concordia

143 3764 210 3826 pag.
233 3748 303 3809 436.
324 3745 402 3808 Edit.
424 3748 574 3809 Romanae
597 3746 686 3809 4733.
920 3754 985 3812 siva
1018 3752 1127 3814 Codice
1159 3752 1360 3830 Regularum,
1386 3751 1437 3828 qui
1472 3767 1510 3811 ex
1542 3752 1638 3812 Lucae

184 3843 311 3918 Propter
332 3847 453 3899 veteres
482 3842 602 3900 Latinas
634 3858 712 3919 quae
745 3847 867 3902 exomni
921 3846 1065 3906 Holstenii
1088 3847 1217 3906 editione
1250 3843 1359 3922 prodiit
1394 3844 1477 3903 Rom.
1500 3842 1588 3903 4664.
1610 3845 1637 3903 4.
1676 3874 1682 3881 ·

144 3940 175 3995 et
195 3935 379 4011 scriptorum
397 3930 465 4009 ejus
481 3941 512 3993 et
530 3934 614 3994 Vitae
632 3937 788 3995 versiones
804 3952 866 4008 non
920 3956 1047 4000 recusus
1069 3942 1159 4001 Paris.
1185 3939 1272 4001 4663.
1295 3941 1322 3998 4,.
1356 3939 1442 3998 Plura
1463 3935 1500 3997 de
1531 3924 1640 3998 Pacbo

144 4024 335 4087 omittendus
357 4024 431 4084 milri
453 4027 485 4086 S.
517 4025 759 4101 PAGHOHlUS‚
780 4027 867 4104 cujus
920 4034 980 4092 mio
1001 4032 1180 4094 Rosweidus
1202 4034 1230 4093 in
1254 4035 1325 4092 vitis
1358 4034 1482 4092 Petrum
1500 4047 1567 4109 pag.
1588 4031 1638 4092 84.

144 4118 358 4180 Houachorum
381 4119 410 4176 iu
433 4118 583 4180 Thebaide
604 4121 726 4198 AEgypti
754 4121 867 4181 Tabbr-
921 4143 983 4204 seq,
1006 4127 1158 4206 praeludio
1179 4126 1216 4187 ad
1237 4126 1329 4188 vitam
1360 4127 1451 4204 hujus
1489 4125 1637 4189 Pachumii

147 4214 287 4274 {tensium
320 4213 451 4272 ductoris
482 4215 634 4290 praecipui
656 4213 685 4290 b)
707 4220 739 4274 el
770 4216 866 4275 medlo
920 4215 1100 4299 allionysio
1120 4223 1236 4300 Exiguo
1257 4223 1358 4282 Latine
1376 4220 1656 4292 versam‚etTll-.

147 4306 266 4366 saeculo
284 4311 392 4381 quarto
408 4303 540 4366 defuncti
559 4309 671 4381 vitam,
689 4308 727 4369 ab
744 4318 865 4370 auctore
920 4313 1082 4375 lemontius
1102 4323 1175 4374 tom.
1197 4313 1259 4373 Vll.
1282 4315 1413 4374 Alterius
1431 4314 1561 4392 junioris
1577 4314 1638 4373 Ho-

147 4400 283 4471 iucerto‚
305 4396 360 4458 sed
380 4399 433 4475 qui
454 4399 512 4459 illis
534 4401 720 4479 temporibus
751 4405 865 4464 vixisse
919 4407 1004 4485 naabi
1023 4407 1169 4468 Pachumii
1184 4410 1330 4487 insignem
1342 4425 1512 4467 sermonem
1530 4405 1567 4466 ad
1584 4422 1637 4465 eos

146 4509 178 4552 se
197 4492 378 4573 profitetur,
399 4491 540 4554 traditam
561 4493 683 4555 exbibet
703 4496 864 4558 Bollaudus
919 4501 1635 4580 quiDivinam-providentiamaccusabantquod

145 4592 216 4647 tom.
239 4587 270 4646 3.
301 4585 369 4644 Act,
401 4587 536 4646 sanctor.
557 4586 643 4665 uajr,
664 4589 777 4651 Graece
798 4592 865 4667 qui·
919 4594 1077 4656 Saracenis
1093 4599 1280 4674 permitteret
1298 4596 1484 4657 GHristianos
1500 4591 1636 4653 cladibus

185 4800 366 4925 ”prm-epu
376 4795 522 4860 Nocby'olpe
535 4813 594 4849 mim
605 4801 741 4851 irdirclien
753 4802 869 4863 Verpnu·
962 4810 991 4872 b)
1007 4813 1067 4864 44444
1079 4811 1183 4862 Palladit
1196 4814 1340 4861 tauriacum
1356 4820 1415 4871 pag.
1431 4806 1470 4856 344.
1483 4816 1534 4867 seq.

142 4890 190 4936 pen
210 4891 239 4924 rra
351 4911 357 4924 .
