3658 5412
695 227 836 289 4404444
853 227 875 289 a
891 229 915 288 Τ
931 229 990 290 its
1528 228 1588 292 tos

133 331 257 394 Tertius
277 331 353 394 alius
374 331 468 392 codex
496 331 618 392 exhibet
640 332 815 412 (44444494-
867 335 1086 415 Apamensem,
1104 340 1138 395 ut
1154 333 1277 395 lucerna
1287 331 1469 414 jamdudum
1484 335 1583 416 refut-

91 422 202 485 simale
222 422 259 484 de
275 423 425 504 peccans,
444 426 473 483 in
490 425 580 485 cuius
598 425 656 484 line
678 427 721 486 sic
743 427 814 504 legi·
867 443 961 506 pens,
977 430 1077 510 posita
1097 445 1189 508 super
1214 425 1429 488 candelabrum
1459 426 1585 490 nitidius

92 527 161 592 tur,
183 514 323 595 Bnplicit
340 513 608 594 Quadrupesimcle
628 515 664 576 de
680 517 812 596 peccatis
871 520 1078 583 relucesceret.
1101 521 1117 559 ⁸

92 615 230 690 coephsm
245 607 276 667 in
290 606 411 668 44444444
421 607 512 681 44444,
527 605 627 688 ibr'pue
640 607 814 687 completum
912 615 991 692 (498.
1015 613 1158 675 44444444
1179 618 1296 694 coreptc
1311 603 1438 674 44444444
1457 614 1480 674 li
1492 616 1589 676 44444-

92 702 138 763 444
158 700 276 762 laudem
294 705 324 760 et
335 699 465 778 pluriam
486 701 689 781 omnipotentis
712 701 769 762 Dei
787 707 816 762 44
869 705 939 789 pelj.
961 706 1119 769 4444444
1141 710 1261 767 Portese
1290 707 1379 768 4544.
1402 708 1427 766 4.
1449 723 1519 768 curn
1540 709 1591 787 fig.

97 795 231 874 Virpiuss
248 793 397 872 pluriosae
429 793 550 853 ituriae
577 811 614 854 44
641 793 818 856 Beatissimi
870 819 931 881 a-p.
953 801 1045 878 incip.
1067 800 1143 862 Cum
1157 800 1332 881 jejunatis.)
1531 815 1534 822 '

98 887 262 948 Francisct'
280 891 309 946 el
327 883 397 944 'wit'
415 887 447 946 S·
468 886 704 947 Botwvetlltirae·
734 887 815 947 Filii·
911 893 1113 955 ROBERTUS
1123 890 1527 970 Lincolniensislipiscopua,
1540 911 1589 954 co-

93 979 363 1040 lumestAnnol).
383 978 474 1038 ttae.
493 977 540 1038 dic
557 979 585 1038 9.
604 995 695 1041 mens.
716 978 816 1040 Octob.
871 987 1012 1065 gnomiue
1046 983 1229 1060 Grosilread,
1259 985 1373 1045 Gallice
1406 984 1589 1060 Grossetest,

93 1071 174 1133 44444
203 1069 396 1150 uespertino;
428 1075 458 1130 44
485 1071 666 1149 impressum
690 1072 815 1133 Verreliis
872 1080 976 1139 Latine
1001 1075 1124 1158 Capito,
1146 1077 1226 1156 quod
1249 1078 1379 1137 nominis
1410 1076 1478 1136 inde
1499 1094 1585 1138 accc-

90 1164 316 1244 perAndream
343 1160 380 1222 44
407 1163 585 1223 4444444444
606 1162 641 1222 Α.
666 1164 700 1222 D.
725 1164 814 1225 4488.
872 1172 938 1249 pii,
959 1172 1028 1248 quia
1049 1175 1140 1246 caput
1162 1170 1282 1248 majoris
1302 1168 1388 1228 molis
1407 1167 1590 1229 habuit.Na-

93 1256 123 1317 d.
150 1259 182 1316 V.
205 1254 274 1316 Kal.
298 1253 398 1316 04444.
420 1256 450 1316 84
473 1256 737 1335 Quadragesiurate
760 1258 816 1318 hoc
872 1269 923 1323 tus
943 1257 992 1320 est
1012 1260 1190 1340 parentibus
1212 1260 1330 1320 intimae
1352 1261 1442 1320 sortis
1466 1262 1497 1319 in
1525 1263 1592 1322 vico

94 1365 189 1410 suum
202 1349 336 1410 absolvit
356 1348 466 1410 author
482 1365 531 1408 au.
547 1350 624 1410 4488
643 1366 701 1409 444
720 1353 817 1428 potuit
871 1352 1055 1414 Stradhroolr
1075 1355 1136 1430 agri
1159 1353 1374 1426 Suiiotceusis,
1396 1353 1505 1412 litteris
1521 1371 1590 1431 ope-

95 1443 204 1519 utique
226 1441 365 1501 Coloniae
385 1458 435 1501 an.
457 1440 535 1502 4475
557 1439 713 1519 prodiisse.
774 1501 777 1506 ,
871 1462 934 1507 ram
958 1444 1082 1523 impedit
1102 1443 1236 1504 0444444
1254 1451 1285 1504 44
1302 1444 1440 1520 Parisiis,
1458 1442 1592 1506 0444444

135 1533 272 1605 Quartus
292 1539 341 1593 est
360 1533 460 1594 Codex
484 1535 648 1611 inscriptus
672 1533 715 1594 444
736 1536 816 1594 Lau·
872 1545 992 1616 quoque
1010 1553 1160 1598 summam
1180 1536 1356 1614 Theologiue
1374 1538 1506 1598 lauream
1522 1554 1594 1598 cou-

96 1623 188 1686 444444
209 1627 388 1688 8444444444
409 1627 591 1704 impressum
614 1627 748 1686 44444444
769 1642 819 1685 au.
873 1637 997 1690 secutus
1016 1635 1073 1689 cst.
1095 1631 1162 1689 Fuit
1197 1631 1332 1707 primum·
1356 1628 1593 1690 Archidiaconus

98 1719 190 1779 4489.
224 1722 252 1779 44
286 1721 313 1778 l.
346 1721 379 1779 lo
402 1719 461 1778 ilne
483 1716 756 1797 Quadragesirnalis
776 1720 819 1778 De
873 1722 1107 1792 Leicostrensis,
1128 1718 1237 1780 deindo
1258 1736 1283 1780 4.
1308 1720 1395 1781 4434.
1422 1723 1592 1799 Episcopus
1711 1771 1713 1774 .
1765 1749 1771 1762 ·

96 1813 232 1890 peccatis
251 1818 324 1872 sunt
346 1812 412 1872 lolia
434 1810 582 1888 quaedam
604 1811 686 1872 MSS.
704 1812 734 1871 iu
752 1813 818 1888 qui·
873 1814 1108 1886 lincolniensis,
1126 1813 1155 1871 in
1176 1830 1236 1890 qua
1260 1813 1407 1891 dignitate
1424 1813 1498 1872 obiit
1514 1829 1594 1875 anuo

97 1906 156 1967 bus
188 1905 328 1984 descripti
359 1911 432 1965 sunt
464 1920 621 1965 sermones
653 1906 680 1965 4.
703 1904 746 1964 444
767 1921 819 1984 spe
874 1908 961 1969 4458.
983 1908 1013 1968 9.
1034 1906 1180 1968 Octobris.
1201 1913 1267 1966 erat
1287 1908 1317 1966 iu
1339 1922 1375 1966 eo
1396 1913 1518 1984 propter
1538 1923 1590 1966 va-

97 1996 171 2060 4444
190 1999 217 2058 4.
240 1997 275 2058 44
297 1996 473 2075 4449444444
494 2000 522 2059 8.
539 1997 576 2058 de
590 1996 707 2075 judicio
725 1998 818 2076 pesti·
873 2003 984 2062 riarum
1005 1999 1337 2078 linguaruur‚Graecae
1351 2015 1471 2076 quoquc
1488 2004 1521 2058 44
1537 1999 1593 2059 ile·

98 2091 218 2152 4444444.
242 2090 371 2151 Additur
392 2089 428 2151 ad
450 2105 532 2151 oraru
555 2091 614 2150 44144
633 2089 706 2151 4444
727 2089 818 2151 adue
873 2094 1010 2167 hraicae,
1032 2091 1257 2168 disciplinarum
1278 2092 1369 2151 etiam
1402 2089 1589 2168 Philosophi-

98 2187 184 2246 tatio.
205 2184 265 2244 4444
291 2199 389 2244 sermo
415 2199 483 2242 cum
509 2181 579 2242 otiis
602 2192 670 2243 erat
697 2181 818 2243 44444444
871 2184 1187 2260 carumcoguiiionem
1202 2198 1321 2242 summa
1336 2183 1594 2260 veriperspicieu-

95 2275 181 2337 salus
201 2276 234 2335 44
253 2273 448 2353 impressione
465 2291 542 2334 nova
560 2273 817 2353 Quadrupesima·
872 2279 927 2354 444,
949 2277 1031 2338 unde
1053 2277 1125 2335 vitia
1146 2273 1222 2335 Cleri
1238 2276 1360 2335 Romani
1377 2291 1435 2335 noo
1447 2275 1593 2352 introspe-

47 2442 55 2454 ,
94 2369 133 2430 tis
150 2369 256 2448 primi.
276 2371 430 2429 Postremo
451 2371 480 2427 in
503 2367 561 2428 448.
583 2368 714 2446 quodam
743 2367 814 2428 cod.
872 2373 916 2430 xit
936 2374 1053 2440 seium,
1075 2367 1127 2426 sed
1149 2374 1181 2427 44
1200 2367 1327 2428 4444444
1349 2369 1472 2443 arguit.
1493 2372 1524 2426 at
1548 2367 1593 2426 iu-

97 2464 227 2524 Luceusi
246 2451 366 2522 sarvaio
379 2463 410 2520 in
426 2458 607 2540 Bibliotheca
625 2462 697 2522 Gau.
715 2460 816 2538 Major.
871 2471 917 2526 ter
934 2471 1029 2525 testes
1051 2461 1187 2522 veritatis
1201 2460 1301 2520 locum
1313 2475 1372 2518 ooo
1389 2458 1529 2519 infimum
1540 2459 1593 2518 ha-

96 2556 254 2616 Ecclesiae
275 2561 360 2616 estat
380 2555 558 2634 opusculum
577 2554 656 2615 aliud
678 2553 814 2615 eiusdem
868 2559 929 2618 444.
949 2558 989 2618 Et
1010 2557 1035 2616 si
1058 2554 1179 2614 meliore
1200 2551 1302 2611 444444
1324 2550 1469 2624 vixisset,
1486 2548 1585 2626 majus

95 2650 239 2721 44444444,
262 2655 297 2709 44
317 2646 407 2708 44444
429 2647 486 2708 sub
506 2647 562 2706 hoc
588 2649 633 2706 tit.
657 2646 817 2708 Praedica-
871 2655 975 2729 utique
995 2650 1097 2711 iumen
1120 2644 1296 2722 Theologiae
1317 2648 1349 2702 44
1379 2641 1465 2700 44444
1494 2639 1591 2699 literis

97 2742 193 2803 nones
215 2742 249 2800 F·
274 2738 407 2802 40444ῑῖ
424 2739 460 2801 de
486 2738 670 2802 44444444ῑὸ942
693 2741 814 2819 incipit:
869 2742 1033 2804 accendere
1055 2741 1212 2818 potuisset.
1234 2737 1329 2817 Digna
1351 2740 1442 2809 sunt,
1458 2749 1535 2812 quae
1552 2731 1601 2793 44

98 2835 212 2896 Discite
232 2833 420 2914 disciplinam
438 2839 467 2900 et
486 2839 574 2895 estote
594 2834 750 2912 sapientes.
766 2833 814 2892 Ex
868 2853 904 2897 44
925 2836 984 2896 huc
1001 2834 1167 2894 referamus
1182 2828 1273 2889 verba
1286 2825 1490 2888 Cardinaliurn
1508 2823 1588 2904 apud
1674 2863 1684 2884 .
1810 2901 1813 2911 Ι

95 2928 144 2989 his
160 2928 422 2989 Bibliothecariuru
438 2934 574 2988 nostrum
588 2925 815 3003 emendes,qui
871 2929 1053 2990 matthaeum
1075 2925 1234 2986 parisiens.
1253 2918 1291 2981 ad
1312 2937 1339 2980 4.
1361 2919 1440 2980 4453
1462 2915 1592 2981 41444444·

96 3024 188 3084 etiam
211 3024 324 3083 errarit
345 3023 383 3082 in·
393 3019 577 3100 designanda
596 3019 726 3080 aditione
740 3019 818 3096 hug.
873 3038 927 3082 cus
944 3025 1007 3096 est,
1025 3012 1307 3087 imosanctissimus,
1319 3008 1591 3088 noburelrplosior,

100 3115 347 3190 vindelicorum,
366 3131 435 3175 uam
455 3113 599 3174 44444444
620 3111 819 3173 Bibliothecae
874 3111 957 3175 nobis
979 3119 1008 3173 et
1025 3110 1178 3182 sanctior,
1200 3101 1394 3166 4444444444
1405 3109 1436 3164 44
1448 3099 1594 3164 44444444-

97 3208 266 3269 44444444.
297 3209 417 3269 Ciricae
438 3209 471 3267 T.
494 3208 517 3267 1.
538 3225 567 3286 p.
593 3206 661 3267 454.
693 3208 817 3264 extant:
874 3207 1070 3279 uerissime,
1091 3205 1135 3263 ita
1155 3207 1191 3260 ut
1210 3216 1269 3258 444
1290 3195 1595 3258 credaturinterosn-

96 3298 541 3363 iioberticaracolisermones
554 3293 746 3358 Deloudibus
761 3297 816 3357 88.
874 3316 925 3360 444
950 3296 1108 3358 Praelutos
1139 3294 1305 3372 majorem,
1327 3289 1385 3348 imo
1406 3305 1459 3348 444
1485 3302 1595 3365 parem

96 3395 173 3473 Aup.
192 3391 330 3454 Vindelic.
352 3409 402 3452 cn.
417 3391 506 3453 4490.
524 3391 621 3453 liuius
637 3390 694 3448 viri
713 3387 818 3449 laudes
874 3389 992 3452 444444.
1004 3389 1094 3450 Novit
1113 3385 1166 3446 hoc
1187 3382 1347 3444 Gallicana
1375 3387 1404 3440 44
1428 3378 1594 3458 duplicans
1616 3383 1618 3386 ’

98 3487 233 3548 celebrat
250 3485 432 3562 Anonymus
454 3483 680 3545 carthusiensis
706 3483 735 3540 in
759 3487 818 3541 tra·
874 3483 950 3545 cleri
964 3480 1167 3552 universitas,
1184 3481 1289 3536 nostru
1317 3491 1374 3534 non
1403 3470 1598 3554 praevaleret
1641 3556 1643 3560 Ι

98 3586 183 3641 clato
203 3578 243 3640 de
264 3579 449 3658 Religionum
471 3579 584 3656 origiue
606 3577 728 3655 vulgato
748 3591 765 3636 4
787 3573 819 3634 P.
874 3575 1080 3638 contradictio.
1103 3568 1285 3652 Hujusmodi
1304 3565 1444 3649 44444444
1460 3565 1594 3637 ventas,

99 3674 233 3733 44444444
254 3672 321 3732 Vei.
341 3673 419 3731 44444.
440 3671 488 3744 Vi.
510 3668 559 3731 75.
577 3671 702 3731 xxxii.
722 3667 821 3728 tinius
876 3687 953 3752 quae
973 3671 1042 3750 jam
1071 3667 1150 3748 forte
1171 3663 1273 3725 multis
1304 3659 1449 3734 innotuit,
1483 3655 1591 3717 multos

100 3765 163 3825 ord.
186 3759 354 3824 membrum
375 3760 545 3824 venerabile
564 3760 625 3842 fuit
645 3763 687 3823 44.
712 3758 822 3823 444444·-
876 3769 981 3825 444444
991 3779 1045 3823 444
1054 3759 1363 3843 poteritcommoverc.
1376 3754 1504 3830 diapnus
1516 3750 1595 3810 euim

102 3865 151 3920 tus
182 3859 226 3919 lie
259 3856 358 3933 ticio,
380 3857 437 3936 qui
458 3855 567 3937 paucis
595 3854 704 3935 elapsis
735 3854 823 3915 44444
878 3853 1004 3916 habetur
1018 3850 1214 3932 Philosophus
1231 3895 1237 3923 ‚
1257 3846 1359 3908 latinis
1379 3851 1408 3904 et
1421 3840 1599 3924 praesistit-

102 3949 180 4012 dism
201 3951 315 4011 clausit
333 3955 515 4010 4444444444.
536 3948 593 4009 Hic
616 3948 751 4026 primum
772 3946 822 4007 do·
879 3949 954 4009 teris
970 3946 1012 4007 44
1024 3944 1146 4026 panum
1157 3941 1307 4015 eruditus,
1320 3935 1618 4007 teurorrusmae„

102 4049 168 4106 ctor
189 4047 221 4105 in
244 4047 274 4106 8.
298 4044 414 4123 Papiria
442 4049 472 4103 et
495 4040 598 4101 rhetor
628 4039 826 4101 4444444444-
880 4040 973 4124 444444
996 4040 1027 4100 44
1047 4036 1218 4114 4444444444
1241 4031 1377 4104 Soletis,
1403 4029 1600 4112 praedicator

15 4179 17 4196 .
103 4137 302 4213 mus,multa
316 4136 407 4198 edidit
422 4153 557 4197 44444444
574 4139 699 4195 venusto
715 4131 803 4194 ualde
815 4151 826 4206 ,·
880 4135 911 4194 in
928 4132 1059 4214 populo,
1083 4129 1230 4192 castitatis
1259 4130 1396 4199 amatur,
1425 4125 1600 4203 persecutor
1726 4167 1728 4172 .

105 4232 187 4293 444444
206 4249 286 4312 quae
307 4247 458 4292 sermones
475 4229 510 4290 44
526 4228 683 4301 Adventu,
702 4233 731 4287 et
750 4244 826 4307 pua·
881 4224 1088 4289 Simonrhlinm
1114 4225 1195 4283 Haec
1206 4219 1355 4281 dicerunt
1368 4216 1504 4277 dominus
1517 4213 1602 4290 4444-

105 4326 281 4404 drapesimu
298 4321 444 4402 perutiles
470 4317 635 4384 uolentibus
662 4321 693 4379 in
712 4320 825 4380 virtute
881 4320 949 4382 dius
968 4320 1123 4396 Hispanus
1142 4311 1337 4386 0444444444,
1360 4315 1386 4370 44
1417 4307 1474 4368 clii
1485 4355 1492 4382 ,
1526 4321 1600 4384 quos

105 4417 267 4499 proficere.
288 4416 348 4479 844
367 4422 396 4478 44
415 4415 450 4476 44
472 4415 577 4475 timore
601 4411 727 4472 4444444.
742 4411 827 4492 jndi—
878 4428 1005 4494 propriu
1017 4406 1157 4487 tcnpcbut
1167 4404 1355 4468 conscientia.
1371 4401 1479 4463 Conier
1489 4399 1526 4457 44
1540 4397 1601 4454 vita

108 4513 226 4574 ciorum
248 4527 323 4591 opus
343 4507 506 4590 sinpulare.
530 4510 658 4585 Propter
673 4521 752 4584 puae
768 4523 828 4566 om-
881 4505 947 4582 ejus
960 4500 1275 4563 FrancGoodwinum
1288 4498 1326 4558 de
1337 4493 1528 4556 praesulibus
1540 4487 1602 4546 hu-

15 4647 17 4684 .
107 4605 164 4666 nic
182 4604 271 4684 tidem
292 4620 400 4665 sanam
420 4617 576 4681 moresque
600 4597 760 4659 catholicos
780 4616 828 4659 re·
880 4598 955 4678 gliae
977 4614 1004 4675 p.
1027 4591 1339 4657 348841444444444.
1354 4587 1492 4646 Univers.
1508 4581 1601 4640 Paris.

15 4701 17 4776 ζ
109 4697 263 4774 dolentia,·
283 4696 337 4760 sed
359 4703 388 4757 et
413 4693 449 4757 44
474 4693 612 4756 meritum
639 4697 760 4753 sanctae
785 4692 829 4751 vi·
883 4699 904 4751 4.
925 4691 975 4752 ill.
998 4708 1026 4767 p.
1048 4688 1120 4748 709.
1141 4687 1211 4748 950.
1223 4699 1307 4759 seqq.
1329 4681 1480 4753 Excerpla
1502 4673 1603 4733 huua-
1665 4745 1669 4754 .

15 4789 17 4852 i
110 4797 181 4854 444.
205 4797 263 4852 tam
286 4791 345 4852 Deo
372 4807 462 4870 quam
495 4784 662 4848 4444444444
693 4786 830 4864 acceptus
883 4785 957 4844 lium
979 4783 1016 4842 de
1038 4785 1220 4850 Lauercost‚
1243 4782 1265 4834 4.
1287 4774 1322 4833 44.
1346 4771 1471 4848 Angliae
1493 4767 1602 4866 Sacrae

15 4865 17 4920 ¹
112 4888 143 4941 44
173 4893 282 4960 psalm
314 4887 488 4960 cssrrmpius
519 4887 562 4941 444
593 4881 624 4940 44
655 4876 832 4958 Episcopum
887 4893 914 4954 p.
926 4875 1104 4936 3444444444
1117 4869 1184 4949 ojus
1201 4865 1377 4946 singulatim
1390 4856 1606 4937 4444444444-
